2612 3918
151 181 213 247 132
457 183 544 237 xx11.
567 183 847 236 ΔΗιιοΣοιιαοτε

147 337 232 409 ὥσθ’
258 343 338 408 ὅταν
364 339 426 428 μέν
453 344 625 429 λοιδορίαν
651 353 753 409 ταῦτα
778 342 833 409 καλ
855 345 964 409 αἰτίαν
987 338 1073 408 εἶναι
1097 349 1157 428 φη,

147 448 393 534 ὑπολαμβάνεθ’
417 451 462 528 ὡς
484 459 586 516 ταῦτα
610 449 671 535 μέν
693 450 784 516 ἐστιν
802 453 943 534 ἔλεγχος,
967 447 987 513 δ
1007 444 1038 514 δ’
1059 443 1157 525 οὗτος

147 566 245 637 ποιεῖ,
268 566 370 623 ταῦτα
382 558 543 654 ,λοιδορία
561 554 617 621 καλ
635 557 735 621 αἰτία·
759 556 840 621 ὅταν
858 549 890 620 δ’
911 555 962 620 ότι
979 556 1062 639 πρὸς
1079 556 1158 630 τοὺς

147 662 356 747 θεσμοθέτας
381 671 548 748 προσῆκεν
576 659 788 744 ἐπαγγέλλειν
816 660 910 746 ἡμῖν,
943 661 1049 728 έκεῖνο
1076 660 1158 726 ὑπο-

147 769 344 852 λαμβάνετε,
367 768 418 834 ὅτι
441 766 617 834 καὶτοῦτο
640 771 821 854 ποιήσομεν
844 769 999 854 ὕστερον,
1023 766 1157 833 ἐπειδάν

147 883 211 941 νῦν
234 872 309 960 περὶ
332 869 380 940 ὧν
403 877 548 958 εἰσῆκται
568 873 616 961 δῷ
635 875 747 957 λόγον,
771 872 825 940 καλ
844 883 908 940 νῦν
927 876 1159 959 προσηκόντως

107 1001 133 1041 τι
147 978 222 1064 περὶ
244 989 305 1048 τοῦ
327 983 434 1065 νόμον
452 979 599 1065 λέγομεν.
637 976 746 1065 εἰμέν
763 981 827 1063 γὰρ
846 980 950 1046 άλλον
967 976 1031 1046 τιν’
1054 974 1156 1063 ἀγῶν’

147 1085 391 1172 ἀγωνιζομένου
423 1103 486 1152 σου
518 1095 620 1152 ταῦτα
653 1096 918 1172 κατηγοροῦμεν,
951 1088 1086 1162 δικαίως
1116 1084 1159 1151 δν

147 1192 353 1275 ἠγανάκτεις·
373 1194 405 1258 εἰ
422 1189 452 1258 δ’
471 1192 489 1258 ὁ
507 1189 568 1277 μέν
587 1201 651 1258 νῦν
671 1192 850 1275 ἐνεστηκὼς
869 1192 960 1276 ἀγών
974 1190 1043 1258 ἐστι
1055 1214 1159 1279 παρα-

148 1301 276 1383 νόμων,
305 1299 341 1364 οἰ
363 1301 463 1383 νόμοι
490 1293 521 1364 δ’
547 1298 608 1364 οὐκ
635 1298 714 1363 ἐῶσι
738 1295 846 1382 λέγειν
870 1294 950 1364 οὐδὲ
973 1300 1012 1364 τὰ
1035 1301 1159 1383 ἔννομα

146 1408 224 1482 τοὺς
243 1404 330 1471 ούτω
348 1407 557 1489 βεβιωκότας,
578 1402 672 1488 ἡμεῖς
691 1397 721 1469 δ’
746 1402 977 1488 ἐπιδείκνυμεν
995 1403 1037 1469 οὐ
1055 1407 1159 1488 μόνον

148 1508 288 1597 εἰρηκότ’
315 1512 418 1577 αύτὸυ
440 1511 629 1596 παράνομα,
654 1509 737 1575 άλλδ
759 1508 815 1574 καλ
836 1511 1020 1594 βεβιωκότα
1044 1512 1159 1596 [παρα-

147 1621 286 1701 νόμως],
317 1629 387 1695 πῶς
413 1616 488 1703 οὐχί
515 1619 674 1700 προσήκει
702 1615 809 1700 λέγειν
839 1615 914 1703 περὶ
939 1618 1063 1684 τούτου
1089 1625 1150 1682 τοῦ
1160 1627 1209 1676 ⁶01

148 1727 256 1809 νόμον
279 1721 323 1790 δι’
350 1719 392 1790 ού
413 1718 508 1791 ταῦτ’
534 1723 712 1809 έλέγχεται;

109 1836 136 1891 ω
238 1828 304 1896 Καὶ
331 1833 397 1915 μὴν
424 1831 556 1896 κάκεῖνό
582 1855 619 1914 γε
648 1831 701 1894 δεῖ
726 1835 848 1914 μαθεῖν
875 1829 974 1914 ὑμᾶς,
1006 1829 1057 1895 ότι
1083 1831 1162 1906 τοὺς

149 1920 274 2022 νόμους
301 1936 319 2004 ὁ
346 1935 453 2013 τιθεὶς
479 1936 617 2012 τούτους
640 1938 761 2001 Σόλων
783 1934 838 2002 καὶ
860 1946 927 2002 τῶν
950 1937 1061 2002 ἄλλων
1082 1937 1162 2011 τοὺς

149 2045 304 2127 πολλούς,
328 2039 429 2109 οὐδέν
453 2042 566 2127 ὅμοιος
590 2042 638 2107 ὢν
655 2043 762 2132 τούτω
784 2040 1007 2127 [νομοθέτης],
1031 2041 1092 2126 οὐχ
1110 2037 1158 2109 ἕν’

150 2152 250 2216 ἔδωκε
269 2152 395 2236 τρόπον
412 2146 488 2234 περὶ
506 2160 573 2213 τῶν
592 2147 803 2233 ἀδικημάτων
821 2146 967 2215 ἑκάστων
981 2148 1162 2232 λαμβάνειν

150 2259 248 2340 δίκην
275 2268 345 2334 τοῖς
371 2253 589 2340 βουλομένοις
614 2255 703 2339 παρὰ
730 2266 798 2320 τῶν
825 2254 1046 2338 ἀδικούντων,
1079 2253 1162 2319 ἀλλά

149 2368 329 2448 πολλαχῶς.
365 2361 438 2449 ᾔδει
460 2363 524 2446 γὰρ
548 2355 639 2445 οἶμαι
661 2357 759 2424 τοῦθ’
782 2361 833 2427 ὅτι
854 2363 934 2438 τοὺς
953 2359 991 2426 έν
1010 2369 1049 2446 τῇ
1068 2363 1162 2426 πόλει

149 2471 275 2547 πάντας
307 2469 443 2554 ὁμοίους
474 2468 647 2551 γενέσθαι,
681 2467 701 2550 ἣ
735 2469 866 2545 δεινοὺς
892 2466 948 2534 καὶ
975 2474 1113 2553 θρασεῖς
1140 2466 1161 2550 ἢ

151 2579 318 2662 μετρίους,
346 2575 409 2642 οὐκ
437 2573 479 2639 ἀν
506 2580 566 2657 εἰη.
612 2576 643 2638 εἰ
669 2570 730 2656 μέν
753 2568 832 2657 οὖν,
859 2574 904 2650 ὡς
925 2584 995 2650 τοῖς
1017 2577 1162 2658 μετρίοις

151 2684 248 2766 δίκην
271 2680 436 2767 ἐξαρκέσει
459 2683 584 2764 λαβεῖν,
608 2678 695 2744 ούτω
718 2682 797 2756 τοὺς
815 2681 938 2764 νόμους
956 2681 1065 2763 θήσει,
1089 2677 1158 2762 μετ’

151 2789 264 2866 ἀδείας
281 2790 419 2853 ἔσεσθαι
436 2789 581 2862 πολλοὺς
599 2788 767 2870 πονηροὺς
785 2784 907 2869 ἡγεῖτο,
929 2787 960 2851 εἰ
977 2783 1008 2850 δ’
1031 2785 1076 2862 ὡς
1093 2796 1163 2862 τοῖς

151 2893 315 2981 θρασέσιν
337 2892 393 2960 καὶ
417 2894 571 2970 δυνατοῖς
594 2891 718 2976 λέγειν,
740 2893 819 2967 τοὺς
842 2891 975 2968 ἰδιώτας
998 2891 1038 2957 ού
1062 2893 1163 2974 δυνη-

151 3007 272 3067 σεσθαι
303 3002 362 3067 τὸν
394 3000 497 3065 αὐτὸν
528 2999 658 3074 τούτοις
689 2999 814 3082 τρόπον
847 2997 1027 3082 λαμβάνειν
1057 2999 1162 3081 δίκην.

111 3127 138 3168 ετ
152 3110 224 3174 δεῖν
253 3101 283 3172 δ’
309 3104 391 3195 ᾤετο
407 3103 533 3190 ’μηδέν’
561 3105 817 3188 ἀποστερεῖσθαι
839 3111 900 3169 τοῦ
924 3103 1018 3187 δίκης
1039 3114 1164 3188 τυχεῖν,

151 3215 196 3291 ὡς
214 3205 350 3290 ἕκαστος
369 3212 516 3279 δύναται.
553 3220 622 3287 πῶς
641 3204 704 3275 οὖν
723 3211 813 3275 ἔσται
831 3217 945 3285 τοῦπος
965 3208 1023 3276 ἐὰν
1041 3212 1165 3286 πολλάς

153 3320 253 3395 ὁδοὺς
281 3320 328 3406 δῷ
357 3305 413 3383 διά
438 3328 508 3384 τῶν
534 3319 648 3400 νόμων
674 3313 727 3381 ἐπὶ
748 3317 828 3392 τοὺς
851 3315 1062 3400 ἠδικηκότας,
1090 3307 1165 3381 οἷον

152 3434 210 3506 τῆς
232 3428 362 3507 κλοπῆς.
404 3425 548 3508 ἔρρωσαι
570 3420 625 3489 καὶ
649 3429 759 3508 σαυτῷ
783 3421 962 3498 πιστεύεις·
990 3419 1105 3504 απαγ’,
1127 3427 1165 3488 έν

153 3531 272 3610 χιλίαις
296 3523 326 3592 δ’
348 3528 366 3593 δ
389 3530 553 3606 κίνδυνος.
591 3526 829 3614 ἀσθενέστερος
850 3522 893 3593 εί·
915 3539 985 3604 τοῖς
1003 3527 1162 3612 ἄρχουσιν
