2614 3904
396 225 411 280 :v
467 192 567 244 ΠΡΟΣ
586 193 783 253 ΦΟΡΜΙΩΝΔ.
1063 189 1130 256 403

122 351 282 415 θυδικίαν
310 352 471 433 εἰσιόντα,
499 352 540 416 οὐ
564 363 759 436 κατηγορεῖν
781 361 842 417 τοῦ
866 353 1052 428 διώκοντος.
1091 350 1133 416 οὐ

9 467 12 474 ’
123 457 189 539 μήν
216 453 288 521 ἀλλ’
314 458 416 540 ἔγωγε
444 456 560 535 ἐλπίζω
588 455 642 521 καί
671 457 703 537 ἐξ
732 457 835 530 αὐτοῦ
861 467 921 523 τοῦ
944 459 1133 544 πράγματος

95 561 243 640 ῖδείξειυ
266 548 488 646 εἰσαγώγιμον
510 565 571 647 τήν
594 564 691 646 δίκην
709 547 828 627 οὖσαν.
865 562 1033 641 σκέψασθε
1053 561 1083 627 δ’
1107 557 1132 626 ὦ

123 668 243 751 ἄνδρες
266 661 454 751 Ἀθηναῖοι,
480 671 516 733 τί
540 667 748 753 ὁμολογεῖται
771 667 847 753 παρ’
874 669 984 734 αὐτῶν
1006 669 1135 734 τούτων

122 770 178 838 καὶ
209 775 246 838 τί
274 772 491 855 ἀντιλέγεται·
523 772 609 841 οὕτω
636 775 701 867 γὰρ
729 773 771 838 άν
800 775 916 858 ίίριστα
944 774 1126 853 ἐξετάσαιτε

124 879 248 945 οὐκοῦν
285 880 504 944 δανείσασθαι
540 876 601 963 μέν
638 879 840 963 ὁμολογοῦσι
876 877 930 945 καὶ
964 882 1147 964 συνθήκαςΙ

123 987 328 1069 ποιήσασθαι
360 995 421 1051 τοῦ
451 988 682 1069 δανείσματος,
716 983 798 1070 φασί
826 982 857 1050 δ’
888 985 1134 1052 ἀποδεδωκέναι

123 1092 161 1156 τὸ
189 1094 329 1176 χρυσίου
356 1092 505 1176 Λάμπιδι
531 1100 577 1178 τῷ
606 1095 739 1168 Δίωνος
766 1090 876 1178 οίκέτη
903 1091 940 1157 ἐν
963 1094 1134 1179 Βοσπόρφ.

124 1196 217 1281 ἡμεῖς
243 1200 360 1262 τοίνυν
388 1197 429 1262 οὐ
455 1199 562 1280 μόνον
588 1206 686 1262 τοῦτο
713 1197 879 1282 δειξομευ,
907 1196 952 1273 ὡς
974 1197 1036 1263 οὐκ
1059 1195 1134 1262 ἀπέ-

125 1304 245 1384 δωκευ,
272 1299 344 1367 ἀλλ’
371 1302 415 1380 ὡς
439 1299 511 1367 οὐδ’
538 1298 580 1385 ήν
603 1303 692 1390 αὐτῷ
716 1302 909 1368 ἀποδοῦναι.
955 1302 1135 1386 ἀναγκαῖον

124 1403 156 1472 δ’
182 1405 252 1472 ἐστί
274 1406 397 1493 βραχέα
419 1419 486 1473 τῶν
509 1407 541 1485 ἐξ
565 1408 667 1493 ἀρχῆς
690 1410 914 1492 διηγήσασθαι
936 1408 1025 1493 ὑμῖν.

97 1531 129 1602 ο
211 1508 293 1595 Ἐγὼ
316 1515 380 1597 γάρ
403 1508 430 1577 ὦ
453 1515 573 1598 ἄνδρες
592 1510 765 1597 Ἀθηναῖοι
788 1512 941 1579 ἐδάνεισα
963 1518 1134 1599 Φορμίωνι

124 1615 246 1705 τουτωί
269 1625 373 1684 είκοσι
391 1629 474 1703 μνᾶς
493 1619 768 1703 ἀμφοτερόπλουν
787 1622 834 1696 είς
851 1621 911 1685 τὸν
929 1624 1063 1687 Πόντον
1082 1618 1135 1686 ἐπὶ

125 1723 219 1812 ἑτέρα
246 1715 421 1810 ὑποθήκη,
449 1723 504 1790 καὶ
532 1728 731 1810 συγγραφήν
759 1725 884 1809 ἐθέμην
910 1729 999 1812 παρὰ
1024 1731 1134 1814 Κίττῳ

124 1840 170 1919 τῷ
193 1834 373 1915 τραπεζίτῃ.
411 1833 611 1913 κελευούσης
629 1827 666 1895 δὲ
684 1841 741 1914 τῆς
760 1841 954 1916 συγγραφῆς
972 1831 1135 1898 ἐνθέσθαι

125 1940 172 2016 είς
190 1940 250 2021 τήν
269 1945 354 2002 ναῦν
372 1940 640 2022 τετρακισχιλίων
659 1940 780 2021 φορτία
799 1939 890 2020 ἀξια,
901 1949 1034 2024 πρᾶγμα
1047 1948 1138 2002 ποιεῖ
1199 1990 1205 2007 .

125 2045 259 2109 πάντων
282 2044 485 2108 δεινότατον·
509 2043 614 2119 εὐθὺς
636 2044 699 2125 γὰρ
722 2041 759 2107 έν
781 2050 827 2128 τῷ
849 2045 1003 2126 Πειραιεῖ
1023 2042 1135 2107 ἐπιδα-

115 2153 262 2233 νείζεται
290 2149 401 2234 λάθρᾳ
423 2147 517 2232 ήμῶν
539 2149 628 2233 παρὰ
650 2144 711 2232 μὲν
736 2147 914 2231 Θεοδώρου
935 2157 996 2213 τοῦ
1023 2153 1135 2214 Φοίνι-

125 2279 184 2340 κοςΙ
204 2257 463 2338 τετρακισχιλίας
485 2256 701 2332 πεντακοσίας
724 2253 881 2337 δραχμάς,
904 2254 993 2337 παρά
1016 2250 1052 2319 δὲ
1074 2264 1135 2321 τοῦ

98 2363 316 2444 ῖυαυκλήρου
334 2359 507 2442 Λάμπιδος
530 2362 644 2443 χιλίας.
682 2356 760 2423 δέου
781 2355 811 2423 δ’
834 2357 937 2423 αὐτὸν
954 2361 1135 2444 καταγορά-

126 2485 182 2532 σαι
213 2468 335 2550 φορτία
361 2459 550 2547 Ἀθήνηθεν
578 2475 671 2548 μνῖιν
699 2462 815 2528 ἑκατὸν
841 2468 1059 2548 πεντήκοντα,
1092 2468 1123 2531 εί
1136 2477 1187 2526 909

126 2576 239 2663 ἔμελλε
262 2582 332 2647 τοῖς
355 2570 542 2646 δανεισταῖς
565 2579 645 2634 πᾶσι
668 2572 819 2654 ποιήσειν
841 2572 881 2634 τά
904 2570 940 2635 ἐν
962 2581 1034 2648 ταῖς
1057 2588 1135 2653 συγ-

125 2655 270 2762 γραφαῖς
295 2672 519 2760 γεγραμμένα,
550 2674 590 2739 οὐ
618 2677 843 2757 κατηγόρασεν
870 2669 940 2740 ἀλλ’
971 2675 1000 2759 ή
1019 2698 1136 2741 πεντα-

96 2839 98 2844 ,
125 2787 298 2869 κισχιλίων
334 2781 389 2847 καὶ
424 2783 650 2846 πεντακοσίων
688 2781 859 2865 δραχμῶν,
895 2783 959 2846 σὺν
990 2789 1035 2870 τῷ
1067 2779 1135 2848 ἐπι-

126 2899 276 2978 σιτισμῷ·
323 2886 450 2971 ὀφείλει
488 2883 518 2950 δ’
559 2884 785 2970 ἑβδομήκοντα
821 2895 905 2970 μνᾶς
940 2884 996 2951 καὶ
1031 2886 1135 2954 πέντε.

125 2997 210 3082 ἀρχή
233 2991 294 3079 μὲν
318 2987 381 3058 οὖν
404 2992 486 3077 αὕτη
511 2991 639 3074 ἐγένετο
662 3001 723 3057 τοῦ
746 2990 944 3076 ἀδικήματος
967 2988 993 3057 ὦ
1016 2994 1137 3075 ἀνδρες

121 3103 309 3186 Ἀθηναῖοι·
356 3100 432 3165 οὔτε
468 3101 532 3183 γὰρ
563 3100 625 3182 τὴν
656 3098 834 3181 ὑποθήκην
864 3097 1028 3184 παρέσχεν
1060 3101 1136 3166 οὔτε

124 3210 166 3274 τά
196 3204 338 3293 χρήματ’
357 3201 505 3272 ἐνέθετ’
542 3206 589 3281 είς
619 3203 680 3287 τήν
712 3211 819 3286 ναῦν,
849 3204 1049 3286 κελευούσης
1079 3212 1137 3287 της

126 3321 322 3399 συγγραφῆς
350 3311 530 3395 ἐπάναγκες
558 3309 760 3376 ἐντίθεσθαι.
805 3313 864 3374 καί
887 3332 945 3394 μοι
972 3306 1052 3391 λαβὲ
1073 3308 1136 3391 τήν

125 3421 332 3506 συνετόν·

865 3623 920 3678 26*
