2612 3918
481 327 576 378 ΚΑΤΑ
594 327 755 378 ΜΕΙΔΙΟΤ.
790 369 791 374 ,
1079 325 1120 389 91

113 485 220 573 τούτῳ
244 478 277 549 δ’
302 484 495 569 ὁμωρόφιον
517 489 708 568 γίγνεσθαις
737 483 799 551 κάν
822 479 883 568 μὲν
905 484 980 568 ἀφῶ
1002 493 1124 551 τοῦτον

8 667 9 676 χ
113 589 178 674 ἐγὼ
206 588 260 658 καὶ
288 591 402 674 προδῶ
424 589 486 673 τήν
507 589 669 675 ὑμετέραν
691 594 996 675 καταχειροτονίαν,
1023 586 1123 656 οὐδὲν

8 733 9 782 1
114 695 159 772 ὡς
190 693 270 762 ἔοικ’
304 695 421 761 ἀδικῶ·
452 693 496 760 δν
528 693 559 763 δ’
590 696 731 779 ἐπεξίω,
753 695 889 762 λέλοιπα
918 696 981 778 τήν
1010 695 1114 778 τάξιν,
1124 708 1176 758 σοι

114 804 225 886 φόνου
242 812 405 885 κοινωνῶ,
427 798 530 887 δεῖμ’
553 801 776 886 ἀνηρπάσθαι.
813 801 877 885 ἐγὼ
896 795 929 867 δ’
950 801 1030 867 αὐτὸ
1048 800 1123 867 τού-
1150 833 1153 838 ·

114 911 251 982 ναντίον
283 903 390 991 οἶμαι,
421 909 454 972 εί
483 916 603 973 τοῦτον
634 907 772 991 ἀφήκα,
793 906 979 973 λελοιπέναι
1008 901 1069 990 μὲν
1096 900 1122 970 ὦ

114 1013 234 1097 ἄνδρες
253 1010 426 1096 Ἀθηναίωι
448 1013 593 1096 τήντοῦ
616 1014 747 1078 δικαίου
769 1011 872 1091 τάξιν,
895 1015 1006 1096 φόνου
1029 1008 1058 1075 δ’
1081 1008 1123 1075 διν

114 1119 248 1195 εἰκότως
270 1118 401 1207 ἐμαυτῷ
424 1122 550 1202 λαχεῖν·
577 1119 703 1203 οὐγὰρ
725 1113 769 1201 ήν
791 1141 847 1202 μοι
871 1119 979 1202 δήπου
1002 1117 1123 1200 βιωτὸν

64 1237 100 1279 ¹21
114 1233 213 1290 τοῦτο
240 1226 424 1308 ποιήσαντι.
471 1225 521 1290 ότι
548 1227 665 1289 τοίνυν
692 1221 747 1289 καὶ
774 1217 865 1290 ταῦτ’
892 1223 1001 1308 ἀληθῆ
1027 1222 1124 1306 λέγω,

114 1330 206 1397 κάλει
228 1353 286 1414 μοι
307 1328 362 1397 καί
384 1331 512 1396 τούτων
534 1333 612 1407 τοὺς
634 1330 809 1414 μάρτυρας.

516 1540 715 1592 ΜΑΡΤΤΡΕΣ.

249 1648 436 1732 [Λυσίμαχος
454 1644 675 1729 Ἀλωπεκῆθεν,
697 1647 817 1729 Δημίας
840 1651 998 1729 Σουνιεύς,
1020 1649 1124 1730 Χάρης

162 1749 315 1830 Θορίκιος,
344 1749 486 1829 Φιλήμων
508 1747 672 1825 Σφήττιος,
699 1746 823 1827 Μόσχος
846 1748 1024 1825 Παιανιεύς,
1049 1741 1121 1807 καθ’

160 1845 214 1919 οὓς
245 1846 367 1929 καιροίις
398 1843 418 1925 ή
448 1845 609 1926 εἰσαγγελία
636 1843 729 1922 ἐδόθη
757 1843 798 1916 είς
825 1843 880 1922 τήν
908 1842 1021 1925 βουλήν
1049 1839 1123 1924 ὑπὲρ

157 1937 344 2024 Ἀριστάρχου
366 1951 419 2004 τοδ
443 1942 585 2022 Μόσχου,
612 1940 657 2002 ότι
679 1940 724 2018 εἴη
747 1939 924 2020 Νικόδημον
947 1939 1124 2019 ἀπεκτονώς,

160 2039 283 2118 οἴδαμεν
311 2039 443 2100 Μειδίαν
471 2037 523 2100 τὸν
549 2036 725 2118 κρινόμενον
752 2035 812 2098 δπδ
839 2035 1072 2116 Δημοσθένους,
1099 2023 1123 2121 ηδ

161 2146 377 2218 μαρτυροῦμεν,
399 2134 524 2196 ἐλθόντα
547 2133 620 2216 πρὸς
643 2133 697 2212 τήν
720 2132 834 2213 βουλήν
856 2133 906 2195 καί
929 2132 1050 2215 λέγοντα
1068 2157 1124 2214 μη-

160 2230 232 2293 δένα
259 2229 357 2312 ἕτερον
382 2225 459 2292 εἶναι
480 2230 532 2293 τδν
555 2231 732 2310 Νικοδήμου
755 2229 864 2310 φονέα,
892 2225 954 2291 ἀλλ’
976 2226 1124 2312 Ἀρίσταρ-

160 2352 223 2410 χον,
245 2326 296 2389 καί
317 2338 423 2390 τοῦτον
445 2327 538 2390 αὐτοῦ
561 2327 713 2409 γεγονέναι
736 2325 897 2409 αὐτόχειρα,
919 2326 970 2389 καί
992 2331 1124 2408 συμβου-

160 2427 283 2486 λεόοντα
300 2433 335 2509 τῇ
353 2427 447 2510 βουλή
465 2424 594 2505 βαδίζειν
613 2423 661 2486 ἐπὶ
679 2423 733 2502 τήν
752 2425 850 2485 οἰκίαν
866 2424 920 2502 τήν
937 2419 1123 2506 Ἀριστάρχου

159 2522 209 2584 καὶ
228 2521 442 2602 συλλαμβάνειν
461 2521 560 2583 αιἰτόν.
594 2531 684 2584 ταῦτα
702 2515 731 2582 δ’
752 2519 829 2602 ἔλεγε
846 2521 920 2602 πρὸς
938 2521 993 2600 τήν
1010 2520 1124 2602 βουλήν
1222 2579 1226 2586 ,

160 2628 196 2704 τῇ
222 2619 378 2703 προτεραίᾳ
406 2612 466 2699 μετ’
490 2613 674 2699 Ἀριστάρχου
699 2617 749 2679 καὶ
772 2613 841 2697 μεθ’
866 2614 951 2696 ήμῶν
974 2617 1124 2679 συνδεδει-

160 2715 289 2793 πνηκώς.
330 2715 452 2794 οἴδαμεν
475 2711 507 2776 δὲ
530 2712 580 2775 καί
603 2714 746 2793 Μειδίαν,
769 2712 809 2786 ὡς
832 2711 967 2793 ἀπῆλθεν
991 2712 1048 2774 ἀπὸ
1072 2723 1124 2793 τῆς

160 2814 271 2893 βουλής
293 2811 416 2884 τούτους
438 2810 508 2883 τοδς
530 2809 636 2891 λόγους
654 2808 787 2890 εἰρηκώς,
810 2809 1018 2888 εἰσεληλυθότα
1035 2810 1124 2870 πάλιν

160 2907 200 2982 ὡς
220 2903 407 2990 Ἀρίσταρχον
428 2906 479 2970 καλ
501 2906 555 2985 τήν
574 2904 673 2982 δεξιὰν
690 2904 889 2992 ἐμβεβληκότα
906 2904 957 2966 καί
975 2904 1125 2986 όμνόοντα

160 3002 224 3068 κατ’
249 3005 382 3080 ἐξωλείας
410 3001 503 3085 μηδὲν
530 2997 594 3065 κατ’
619 3001 711 3063 αὐτοῦ
736 3001 810 3082 πρὸς
832 3001 887 3081 τήν
909 3002 1023 3084 βουλήν
1046 3005 1125 3084 εἰρη-

161 3101 244 3164 κέναι
265 3106 415 3182 φλαῦρον,
440 3098 490 3161 καί
512 3098 652 3174 ἀξιοῦντα
672 3095 857 3181 Ἀρίσταρχον
880 3099 960 3174 ὅπως
982 3098 1021 3161 δν
1044 3102 1125 3162 διαλ-

161 3199 233 3285 λάξη
256 3197 336 3283 αὐτῷ
360 3195 582 3277 Δημοσθένην]

68 3355 105 3397 ωε
211 3339 267 3412 Τίς
290 3328 352 3399 οὖν
374 3333 552 3418 ὑπερβολή,
574 3336 624 3410 τίς
647 3333 744 3418 ὁμοία
766 3341 805 3418 τῇ
828 3335 950 3400 τούτου
972 3329 1124 3419 γέγον’ή

117 3438 239 3526 γίνοιτ’
262 3439 304 3505 δν
326 3443 483 3522 πονηρίας
508 3439 545 3515 ὃς
567 3436 662 3522 ἄνδρ’
685 3437 879 3522 ἀτυχοῦντα,
902 3436 1002 3504 οὐδὲν
1023 3441 1125 3506 αὐτὸν

118 3547 295 3631 ήδικηκότα
323 3542 381 3631 (ἐῶ
409 3547 472 3628 γάρ
498 3547 530 3610 εί
551 3544 682 3629 φίλον),
710 3543 776 3628 άμα
799 3556 1021 3629 συκοφαντεῖν
1043 3545 1125 3633 ᾤετο

120 3653 191 3731 δεῖν
221 3649 277 3718 καλ
304 3653 386 3735 πρὸς
413 3644 463 3734 ἔμ’
494 3650 596 3716 αὑτὸν
624 3650 773 3720 διαλύειν
799 3649 909 3734 ήξίου,
940 3649 995 3716 καὶ
1022 3648 1112 3716 ταῦτ’
1127 3666 1177 3716 σοι
