2590 3900
167 165 233 230 230
470 169 567 224 mv,
590 167 870 220 Δυαοτοεκοττ

166 328 298 412 φυλακή
326 326 381 394 καὶ
409 329 520 394 δικαία
547 326 602 395 καὶ
627 325 760 411 βέβαιος
781 337 848 392 τῶν
870 329 998 410 νόμωνς
1027 325 1121 410 ὑμεῖς
1143 323 1181 389 οί

166 437 299 499 πολλοί·
326 435 402 500 οὔτε
430 436 492 517 γάρ
520 435 558 499 τὸ
585 443 712 517 γνῶναι
733 431 787 499 καὶ
812 433 988 517 δοκιμάσαι
1009 433 1047 498 τὸ
1070 429 1176 515 βέλτι-

166 556 247 604 στον
270 537 440 619 ἐξελέσθαι
463 536 590 605 δύναιτ’
613 537 655 603 άν
677 537 771 622 ὑμῶν
794 534 873 604 οὐδὲ
892 529 949 618 εἷς,
974 531 1043 602 οὔτ’
1065 535 1229 601 άπαλ-ιιε

166 645 265 724 λάξας
286 644 342 712 καὶ
365 646 567 730 διαφθείρας
588 657 699 711 πείσαι
721 645 781 709 τὸν
803 647 901 729 χείρω
924 643 1050 710 θέσθαι
1069 645 1176 726 νόμον

126 765 152 806 ⁸⁸
166 749 240 816 ἀντὶ
266 760 327 817 τοῦ
353 755 549 836 κρείττονος.
596 751 652 816 διδ
677 759 780 816 ταῦτα
806 744 931 832 [πάντ’]
955 747 1008 833 ἐφ’
1036 747 1176 831 ἑκάστην

166 856 294 943 ἀπαντᾷ
321 859 382 940 τήν
410 857 492 924 ὁδὸν
517 868 585 924 τῶν
612 856 837 940 ἀδικημάτων,
865 855 1005 921 κωλύων
1031 851 1086 919 καὶ
1114 852 1176 918 οὐκ

166 961 231 1026 ἐῶν
253 962 399 1046 βαδίζειν
421 965 500 1040 τοὺς
523 961 799 1046 ἐπιβουλεύοντας
821 961 910 1045 ὑμῖν.
946 969 1049 1026 ταῦτα
1069 959 1176 1024 πάντα

170 1068 385 1152 Τιμοκράτης,
405 1067 492 1133 οὕτω
511 1073 618 1146 καλῶς
636 1065 692 1132 καὶ
710 1069 845 1144 δικαίως
860 1068 1005 1150 κείμενα,
1024 1059 1175 1149 ήφάνισ’,

166 1169 323 1256 ἐξήλειήί,
347 1173 427 1238 ὅσον
450 1167 530 1256 ήκεν
553 1175 600 1252 είς
621 1183 757 1256 τοῦτον,
779 1171 833 1238 καὶ
856 1174 962 1257 νόμον
985 1174 1176 1256 εἰσήνεγκεν

166 1277 289 1343 ἅπασιν
316 1278 468 1345 ἐναντίον
496 1280 541 1356 ὡς
568 1281 646 1356 ἔπος
674 1281 779 1345 είπείν
806 1289 875 1355 τοῖς
902 1271 1014 1360 οὖσιν,
1048 1276 1089 1342 οὐ
1115 1299 1176 1342 πα-

167 1386 364 1466 ραναγνοὺς,
388 1383 429 1450 οὐ
447 1384 559 1467 λάσας,
579 1384 620 1451 οὐ
640 1387 720 1461 δοὺς
738 1384 877 1469 αἵρεσιν,
900 1382 963 1448 οὐκ
980 1384 1062 1448 άλλο
1082 1385 1176 1467 ποιή-

167 1505 227 1565 σας
248 1499 314 1554 τῶν
337 1493 575 1575 προσηκόντων
599 1486 677 1555 οὐδέ
700 1488 745 1555 ἐν.
775 1479 777 1486 ’

126 1611 152 1650 ⁸⁹
250 1592 307 1673 Ὡς
329 1594 389 1680 μὲν
413 1591 475 1661 οὖν
498 1599 613 1681 ἔνοχος
634 1605 673 1681 τή
697 1604 810 1681 γραφή
833 1593 1053 1679 καθέστηκεν,
1082 1593 1177 1660 ἐναν-

166 1705 239 1768 τίον
261 1703 479 1785 εἰσενηνοχὼς
500 1712 571 1778 τοῖς
593 1696 670 1767 οὖσι
688 1704 814 1786 νόμοις,
838 1697 930 1786 οἶμαι
951 1701 1074 1777 πάντας
1091 1700 1176 1784 ὑμᾶς

166 1804 353 1892 ήσθήσθαι·
376 1809 432 1873 ἵνα
455 1805 485 1872 δ’
509 1808 615 1890 είδήτε
633 1804 710 1893 παρ’
734 1809 827 1885 οἵους
844 1811 969 1892 νόμους
987 1799 1061 1872 οἷον
1079 1801 1177 1882 οὗτος

167 1915 368 1997 εἰσήνεγκεν,
392 1913 618 1996 ἀναγνώσεται
640 1924 773 1997 πρῶτον
796 1911 856 1998 μέν
880 1913 959 1997 ὑμίν
976 1913 1036 1978 τὸν
1055 1913 1177 1977 τούτου

167 2022 288 2103 νόμον,
320 2013 389 2084 εἶτα
420 2021 500 2096 τοὺς
529 2019 666 2104 ἄλλους,
698 2011 748 2095 οἷς
775 2013 874 2096 οὗτος
901 2018 1051 2096 ἐναντίος
1078 2017 1176 2084 ἐστίν.

168 2124 404 2208 ἀναγίγνωσκε.

601 2317 737 2368 ΝΟΜΟΣ.

298 2431 367 2499 Ἐπὶ
386 2446 438 2516 τῆς
456 2435 658 2508 Πανδιονίδος
676 2435 805 2517 πρώτης,
827 2435 978 2522 δωδεκάτη
996 2445 1049 2516 τής
1067 2457 1178 2517 πρυτα-

212 2535 309 2613 νείας,
337 2535 521 2614 Τιμοκράτης
548 2528 624 2595 εἷπε·
651 2533 701 2595 καί
725 2534 756 2596 εί
773 2557 832 2594 τινι
853 2542 912 2594 τῶν
935 2531 1115 2612 ὀφειλόντων
1137 2538 1177 2618 τῷ

213 2631 345 2717 δημοσίῳ
370 2631 593 2710 προστετίμηται
614 2629 687 2690 κατὰ
710 2629 804 2710 νόμον
827 2628 847 2710 ή
869 2629 944 2691 κατὰ
966 2630 1110 2710 ψήφισμα
1132 2630 1178 2690 δε-

214 2738 290 2809 σμοῦ
312 2726 332 2808 ἢ
355 2727 387 2788 τὸ
411 2725 515 2788 λοιπὸν
538 2733 738 2812 προστιμηθῇ,
761 2720 837 2789 εἶναι
859 2726 938 2812 αὐτῷ
962 2725 982 2807 ή
1004 2724 1082 2812 άλλφ
1105 2724 1178 2807 ὑπὲρ

212 2826 329 2888 ἐκείνου
356 2822 499 2905 ἐγγυητάς
526 2833 703 2902 καταστῆσαι
729 2833 781 2886 τοῦ
809 2821 994 2904 ὀφλήματος,
1022 2821 1076 2896 οὓς
1101 2820 1179 2886 ἂνδ

214 2923 307 3002 δῆμος
330 2920 530 3006 χειροτονήσῃ,
553 2914 572 3002 ἦ
596 2920 656 3000 μήν
678 2920 816 2982 ἐκτείσειν
837 2920 870 2982 τὸ
893 2920 1035 3003 ἀργύριον
1056 2916 1072 2982 δ
1093 2914 1180 3002 ὦφλε.

214 3019 282 3092 τοὺς
306 3016 337 3079 δὲ
356 3015 519 3099 προέδρους
537 3017 762 3099 ἐπιχειροτονεῖν
780 3017 952 3098 ἐπάναγκες,
976 3019 1046 3080 ὅταν
1065 3043 1109 3094 τις
1127 3047 1181 3083 κα·

215 3117 355 3178 θιστάναι
382 3116 531 3196 βούληται.
577 3121 616 3200 τῷ
645 3112 677 3174 δὲ
701 3115 913 3193 καταστήσαντι
935 3117 1004 3188 τοὺς
1027 3116 1181 3199 ἐγγυητάς,

215 3211 268 3275 ἐὰν
291 3211 423 3296 ἀποδιδῷ
445 3220 480 3296 τή
502 3212 584 3272 πόλει
607 3211 638 3272 τὸ
662 3209 804 3292 ἀργύριον
826 3206 876 3290 ἐφ’
897 3199 920 3297 ᾧ
938 3210 1094 3292 κατέστησε
1112 3216 1181 3288 τοὺς

215 3309 368 3391 ἐγγυητάς,
391 3307 534 3386 ἀφεῖσθαι
555 3307 608 3371 τὸν
631 3307 747 3387 δεσμόν.
783 3305 891 3370 ἐὰν.δέ
914 3307 954 3388 μή
977 3311 1128 3398 καταβάλῃ
1148 3310 1181 3372 τὸ

216 3403 358 3485 ἀργύριον
379 3402 400 3484 ἢ
422 3403 511 3478 αὐτὸς
533 3403 554 3484 ἐή
576 3406 609 3468 οἱ
627 3404 765 3487 ἐγγυηταὶ
787 3403 835 3464 ἐπὶ
856 3414 909 3485 τῆς
931 3405 1037 3484 ἐνάτης
1060 3414 1233 3488 πρυτα-713

217 3499 308 3572 νείας,
329 3500 381 3562 τὸν
404 3498 457 3580 μέν
480 3500 694 3583 ἐξεγγυηθέντα
717 3499 870 3580 δεδέσθαι,
894 3511 953 3564 τῶν
976 3500 1009 3563 δέ
1031 3501 1182 3583 ἐγγυητῶν
