2612 3918
165 156 230 221 104
477 161 549 214 ττι.
573 161 852 215 εεωοεοωωοτε

162 319 202 385 τὰ
229 314 374 405 ἀργύρει’
405 320 545 406 ἐκόμιζε,
573 319 628 387 καὶ
655 323 893 407 χρηματισμὸς,
921 321 963 388 ού
991 323 1172 408 λῃτουργία

161 421 272 510 γέγον’
293 425 314 510 ἡ
337 430 532 513 τριηραρχία
556 437 600 516 τῷ
623 428 836 516 καταπτύστῳ
855 429 970 517 τούτῳ.
1003 429 1085 494 άλλδ
1104 429 1171 513 μην

163 531 207 608 ὡς
229 533 338 617 άληθῆ
362 533 462 619 λέγω,
486 534 620 600 σύνιστε
644 529 705 618 μὲν
726 535 767 599 τὰ
788 535 894 600 πολλὰ
917 535 1059 618 τούτων,
1083 535 1172 619 ὅμως

163 634 199 703 δὲ
222 637 277 704 καὶ
299 640 467 726 μάρτυρας
488 640 569 726 ὑμῖν
592 646 690 707 καλῶ.

564 827 764 882 ΜΑΡΤΤΡΕΣ.

111 947 148 989 ¹⁶⁸
252 933 366 1012 [Κλέων
393 938 556 1018 Σουνιεύς,
584 931 769 1020 Ἀριστοκλῆς
794 939 973 1019 Παιανιεύς,
1000 939 1169 1020 Πάμφιλος,

207 1032 376 1114 Νικήρατος
400 1029 617 1115 Ἀχερδούσιος,
644 1033 812 1116 Ειύκτύμων
839 1036 1004 1117 Σφήττιος,
1031 1032 1104 1098 καθ’
1131 1033 1168 1098 δν

206 1129 310 1212 καιρόν
341 1129 374 1193 ἐκ
401 1133 525 1215 Στύρων
557 1129 737 1212 ἀπεπλέομεν
769 1132 857 1214 δεῦρο
886 1138 926 1219 τῷ
953 1133 1044 1220 στόλῳ
1070 1134 1168 1213 παντί,

206 1227 344 1310 ἐτύχομεν
376 1239 617 1312 τριηραρχοῦντες
645 1226 695 1290 καλ
722 1227 806 1291 αύτολ
832 1228 882 1290 καλ
909 1230 1040 1303 Μειδίας
1066 1227 1082 1292 ὁ
1109 1241 1167 1292 νῦν

206 1325 379 1406 κρινόμενος
397 1325 456 1388 ύπδ
474 1325 701 1408 Δημοσθένους,
720 1314 743 1413 ᾧ
761 1335 974 1408 μαρτυροῦμεν.
1007 1325 1117 1402 παντός
1136 1325 1168 1390 δδ

206 1432 259 1485 τού
282 1422 384 1485 στόλου
406 1421 555 1485 πλεόντων
575 1421 608 1484 ἕν
626 1424 713 1503 τάξει,
736 1421 786 1486 καλ
803 1433 862 1485 τῶν
880 1423 1060 1507 τριηράρχων
1077 1423 1221 1506 ἕχόν-όθθ

206 1542 264 1582 των
290 1520 477 1602 παράγγελμα
499 1518 540 1601 μὴ
563 1521 735 1602 χωρίζεσθαι
758 1519 812 1594 ἕως
835 1519 873 1582 δν
897 1522 984 1603 δεῦρο
1007 1524 1165 1585 καταπλεύ-

206 1634 314 1698 σωμεν,
336 1617 467 1690 Μειδίας
488 1615 681 1695 ὑπολειφθεὶς
699 1627 752 1679 τοῦ
770 1617 885 1697 στόλου,
908 1617 957 1680 καλ
975 1620 1095 1700 γεμίσας
1112 1618 1167 1698 την

206 1724 283 1777 ναῦν
305 1714 401 1790 ξύλων
423 1713 473 1775 καλ
494 1715 630 1796 χαράκων
652 1713 702 1776 καί
723 1716 918 1797 βοσκημάτων
941 1715 990 1778 καλ
1012 1714 1108 1778 άλλων
1126 1740 1167 1778 τι-

206 1819 283 1890 νῶν,
311 1807 503 1872 κατέπλευσεν
530 1811 572 1883 είς
599 1814 725 1892 Πειραιᾶ
753 1812 844 1892 μόνος
871 1808 941 1892 μεθ’
964 1809 1074 1895 ἡμέρας
1102 1815 1168 1888 δύο,
1234 1862 1238 1870 .

205 1905 256 1968 καί
282 1905 319 1969 ού
346 1905 555 1987 συγκατέστησε
581 1905 633 1968 τὸν
661 1907 764 1970 στόλον
791 1906 862 1988 μετδι
888 1917 947 1970 τῶν
969 1907 1066 1972 άλλων
1088 1934 1168 1992 τρνη-
1235 1924 1245 1952 ’-

205 2003 343 2087 νόριον]

112 2141 148 2182 ιω
250 2126 295 2189 Ec
316 2127 431 2189 τοίνυν
458 2124 502 2201 ὡς
530 2123 664 2208 ἀληθῶς
690 2126 810 2210 ἄνδρες
836 2123 1023 2211 Ἀθηναῖοι,
1052 2119 1167 2212 οἷάπερ

162 2233 261 2314 φησει
279 2227 334 2295 καὶ
352 2231 663 2308 καταλαζονεύσεται
681 2231 764 2315 πρὸς
780 2230 865 2315 ὑμᾶς
884 2230 1000 2298 αὐτίκα
1014 2233 1056 2316 δὴ
1069 2235 1168 2318 μάλα,

162 2334 285 2402 τοιαῦτ’
311 2330 354 2419 ἣν
381 2335 470 2424 αύτςό
498 2337 538 2400 τὰ
560 2335 846 2423 λελητουργημένα
868 2334 924 2401 καὶ
945 2338 1169 2424 πεπραγμένα,

162 2441 217 2508 καὶ
239 2443 283 2527 μὴ
305 2439 436 2507 τοιαῦθ’
460 2433 505 2508 οἷ’
527 2441 590 2525 ἐγὼ
614 2442 767 2526 δεικνύω,
791 2440 863 2507 οὐδ’
890 2443 976 2509 οὕτω
1000 2445 1109 2529 δήπου
1132 2451 1169 2514 τό

161 2573 199 2634 γε
218 2550 337 2614 δοῦναι
356 2542 492 2630 δίκην
472 2573 519 2613 ων
537 2547 709 2633 ύβρικενέ
709 2559 850 2633 κφυγεῖν
868 2559 940 2626 ταῖς
958 2554 1170 2636 λητουργίαις

162 2651 329 2730 δίκαιος
311 2678 352 2719 αν
375 2648 427 2737 ἦν.
463 2653 526 2736 ἐγω
545 2655 608 2740 γάρ
629 2649 735 2719 ολδ’“
717 2678 768 2720 οτι
785 2653 903 2721 πολλοὶ
921 2657 1027 2721 πολλὰ
1045 2655 1166 2742 κάγάθ’

163 2762 246 2846 ὑμᾶς
268 2763 353 2826 εἰσιν
376 2758 596 2844 εἰργασμένοι,
620 2760 661 2825 ού
685 2762 765 2826 κατὰ
788 2762 845 2838 τὰς
863 2763 1010 2828 Μειδίου
1032 2768 1169 2851 λητουρ-

161 2871 244 2953 γίας,
268 2867 304 2932 οί
323 2861 383 2950 μὲν
405 2867 587 2950 ναυμαχίας
605 2869 823 2951 νενικηκότες,
847 2868 882 2934 ολ
898 2864 935 2934 δὲ
953 2870 1065 2947 πόλεις
1083 2873 1170 2956 είλη-

161 2976 270 3059 φότες,
294 2971 329 3038 oc
349 2967 386 3037 δὲ
408 2973 514 3037 πολλὰ
537 2970 592 3037 καὶ
614 2974 699 3038 καλὰ
720 2982 760 3058 τῇ
784 2977 877 3040 πόλει
900 2978 1078 3059 στήσαντες
1095 2981 1170 3064 τρό·

111 3097 254 3146 ιτοπαια·
277 3073 348 3142 ἀλλ’
371 3078 458 3162 ὅμως
481 3076 595 3144 οὐδενὶ
617 3079 748 3144 πώποτε
770 3081 900 3146 τούτων
923 3082 1086 3149 δεδώκατε
1108 3086 1171 3168 τὴν

161 3186 303 3271 δωρειὰν
330 3183 453 3267 ταύτην
481 3181 553 3250 οὐδ’
585 3181 628 3250 άν
656 3187 781 3271 δοίητε,
810 3186 931 3267 ἐξεῖναι
958 3191 1036 3267 τοὺς
1064 3192 1171 3270 ίδίους

162 3291 304 3376 ἐχθροὺς
335 3291 479 3375 ὑβρίζειν
506 3291 617 3358 αὐτῶν
645 3290 785 3382 ἑκάστω,
818 3291 908 3360 ὁπότ’
941 3293 983 3360 διν
1009 3298 1170 3381 βούληται

161 3394 216 3461 καλ
243 3396 283 3462 δν
311 3395 352 3461 δν
381 3397 520 3480 δύνηται
547 3401 681 3483 τρόπον.
728 3397 807 3465 οὐδὲ
833 3401 897 3486 γάρ
924 3398 1088 3493 Ἀρμοδίςο
1116 3405 1170 3472 καὶ

160 3499 425 3589 Ἀριστογείτονι·
453 3505 584 3581 τούτοις
606 3507 669 3590 γάρ
694 3507 734 3593 δη
758 3505 907 3592 μέγισται
932 3508 1084 3578 δίδονται
1108 3513 1167 3580 δω-
