2616 3910
484 187 584 237 ΠΡΟΣ
601 187 795 240 AAKPITON.
1078 185 1145 248 425

9 373 10 382 ’
136 345 282 411 διοικῶν.
319 345 430 428 ἐπειδὴ
454 346 517 429 γάρ
541 345 701 429 ἀφίκοντο
725 347 837 428 δεῦρο,
861 347 907 422 είς
929 342 990 430 μὲν
1012 348 1049 411 τὸ
1068 343 1145 430 ὑμέ-

135 474 233 534 τερον
252 450 411 536 ἐμπόρων
430 450 471 516 ού
489 451 741 532 καταπλέουσιν,
765 453 813 527 είς
830 462 955 536 φωρῶν
974 448 1010 516 δέ
1029 449 1146 535 λιμένα

136 555 341 640 ὁρμίζονται,
370 557 406 633 ὑς
433 555 524 621 έστιν
551 555 612 635 ἔξω
639 568 706 621 τῶν
734 560 880 641 σημείων
901 567 962 623 τοῦ
985 556 1146 640 ὑμετέρου

135 661 311 746 ἐμπορίου,
341 661 396 727 καὶ
424 665 514 727 ἔστιν
541 663 659 748 ὅμοιον
686 664 733 739 είς
760 673 884 747 φωρῶν
911 661 1026 747 λιμένα
1054 661 1146 745 ὁρμί-

8 787 9 790 ’
136 774 276 851 σασδαι,
304 768 414 851 ὥσπερ
442 765 484 833 ἀν
512 773 546 833 εί
568 791 619 845 τις
645 769 692 844 είς
715 772 858 851 Λίγιναν
885 766 906 851 ἡ
934 769 981 844 είς
1004 765 1146 849 Μέγαρα

136 872 322 958 ὁρμίσαιτο·
345 873 450 952 ἔξεστι
471 875 535 962 γὰρ
559 874 719 939 ἀποπλεῖν
742 873 778 939 ἐκ
795 883 856 938 τοῦ
875 872 1008 958 λιμένος
1025 874 1146 938 τούτου

92 997 122 1038 2⁹
137 977 213 1044 ὅποι
237 980 278 1044 ἀν
300 1002 350 1056 τις
373 979 532 1063 βούληται
554 977 610 1044 καλ
633 977 761 1063 ὁπηνίκ’
787 977 828 1044 ἀν
853 980 934 1064 δοκὴ
957 978 1055 1066 αύτῷ.
1091 975 1146 1042 καὶ

133 1085 172 1150 τὸ
204 1080 265 1168 μέν
296 1089 416 1150 πλοῖον
448 1086 551 1169 ὥρμει
583 1084 729 1151 ἐνταῦθα
758 1087 893 1162 πλείους
920 1085 940 1168 ἡ
968 1083 1064 1150 πέντε
1092 1079 1147 1148 καὶ

134 1196 260 1256 είκοσιν
283 1187 420 1276 ἡμέρας,
449 1185 543 1256 οὑτοι
566 1187 602 1256 δδ
625 1191 845 1276 περιεπάτουν
868 1189 972 1277 ἐντῷ
997 1191 1146 1274 δείγματι

133 1304 178 1382 τῷ
206 1294 370 1384 ὑμετέρῳ,
401 1294 457 1361 καλ
483 1295 577 1380 ἡμεῖς
604 1299 798 1379 προσιόντες
827 1297 1058 1380 διελεγόμεθα,
1091 1292 1146 1360 καὶ

134 1399 329 1485 ἐκελεύομεν
356 1402 496 1478 τούτους
523 1403 749 1486 ἐπιμελεῖσθαι
777 1401 865 1478 ὅπως
887 1399 930 1466 δν
952 1402 997 1479 ὡς
1018 1398 1141 1486 τάχιστ’

135 1505 354 1591 ἀπολάβωμεν
375 1507 416 1572 τὰ
438 1511 594 1592 χρήματα.
641 1502 735 1572 οὑτοι
758 1502 789 1572 δ’
816 1507 1011 1592 ὡμολόγουν
1033 1530 1068 1572 τε
1090 1504 1145 1572 καὶ

134 1613 250 1694 ἔλεγον
278 1613 328 1678 ὅτι
351 1613 435 1678 αὐτὰ
456 1623 558 1678 ταῦτα
581 1615 778 1698 περαίνοιεν.
823 1611 879 1678 καὶ
900 1611 994 1697 ἡμεῖς
1015 1614 1146 1689 τούτοις

133 1740 168 1782 τε
191 1727 376 1803 προσῇμεν,
404 1716 460 1784 καὶ
482 1713 537 1802 ἀμ’
563 1717 809 1803 ἐπεσκοποῦμεν
830 1725 864 1784 εί
882 1743 914 1783 τι
937 1717 1149 1803 ἐξαιροῦνταί
1231 1741 1234 1749 ’

89 1846 119 1886 το
133 1829 242 1889 ποθεν
260 1824 296 1891 έκ
315 1827 434 1889 πλοίου
452 1822 473 1907 ἡ
491 1824 816 1907 πεντηκοστεύονται.
846 1823 959 1906 έπειδὴ
979 1818 1009 1888 δ’
1026 1823 1144 1908 ἡμέραι

133 1952 168 1994 τε
200 1926 285 2012 ἡσαν
318 1927 437 2014 συχναὶ
469 1928 667 2014 ἐπιδημοῦσι
698 1930 843 2013 τούτοις,
880 1929 973 2014 ἡμεῖς
1004 1926 1032 1994 τ’
1069 1923 1141 1994 οὐδ’

134 2035 248 2100 ὁτιοῦν
280 2036 481 2120 ηὑρίσκομεν
511 2032 582 2101 οὔτ’
614 2033 816 2120 ἐξηρημίνον
843 2034 919 2100 ούτε
947 2056 1144 2118 πεπεντηκο·

134 2141 315 2224 στευμένον
342 2139 396 2207 ἐπὶ
422 2148 467 2229 τῷ
496 2140 634 2226 ὀνόματι
660 2149 705 2228 τῷ
732 2141 874 2221 τούτων,
905 2135 1040 2206 ἐνταῦθ’
1070 2141 1196 2224 ἡδηῦσσ

134 2249 260 2329 μᾶλλον
291 2249 533 2330 προσεκείμεθα
565 2245 788 2322 ἀπαιτοῦντες.
833 2244 888 2311 καλ
918 2245 1030 2330 έπειδὴ
1058 2245 1143 2328 ἡνω-

133 2356 278 2436 χλοῦμεν
296 2350 418 2434 αὐτοῖς,
442 2350 653 2434 ἀποκρίνεται
671 2351 836 2436 Λάκριτος
854 2349 979 2435 οὑτοσὶ,
1000 2351 1144 2436 ἁδελφὸς

134 2456 152 2522 ὁ
177 2455 395 2541 Ἀρτέμωνος,
423 2455 474 2520 ὅτι
501 2455 562 2520 οὑκ
590 2454 631 2520 διν
660 2447 729 2521 οίοί
753 2452 781 2520 τ’
808 2463 924 2540 είησαν
947 2457 1143 2542 ἀποδοῦναι,

134 2555 206 2627 ἀλλ’
228 2561 399 2626 ἀπόλωλεν
422 2561 550 2626 ἅπαντα
572 2562 613 2625 τά
634 2564 794 2645 χρήματα·
818 2559 873 2629 καὶ
897 2565 960 2647 ἔφη
980 2565 1144 2649 Λάκριτος

88 2693 117 2732 ει
135 2670 266 2733 δίκαιόν
287 2690 320 2732 τι
343 2669 429 2751 ἔχειν
452 2665 561 2750 λέγειν
582 2665 658 2750 περὶ
681 2668 817 2734 τούτων.
853 2667 910 2734 καὶ
929 2669 1023 2754 ἡμεῖς
1042 2667 1067 2737 ὦ
1086 2672 1143 2736 άν-

4 2835 6 2866 ,
135 2775 212 2856 δρες
230 2769 380 2837 δικασταὶ
397 2771 647 2857 ἠγανακτοῦμεν
666 2771 719 2838 ἐπὶ
737 2785 806 2850 τοῖς
824 2775 1023 2860 λεγομένοις,
1042 2776 1144 2843 πλέον

134 2874 165 2944 δ’
199 2873 299 2943 οὐδέν
331 2872 373 2960 ἡν
405 2877 648 2960 ἀγανακτοῦσιν
680 2879 771 2963 ἡμῖν·
808 2881 939 2958 τούτοις
970 2884 1033 2965 γάρ
1067 2881 1138 2949 οὐδ’

134 2984 248 3051 ὁτιοῦν
271 2986 394 3068 ἔμελεν,
432 2980 532 3049 οὐδέν
555 2981 586 3049 δ’
609 2979 710 3068 ἡττον
732 2986 911 3071 ἡρωτῶμεν
933 2987 1064 3071 αὐτούς,
1088 2989 1143 3054 όν-

132 3112 208 3155 τινα
230 3093 355 3172 τρόπον
378 3087 557 3155 ἀπολωλότ’
586 3098 636 3174 είη
659 3092 699 3156 τδι
722 3095 879 3178 χρήματα.
920 3095 1084 3176 Λάκριτος
1108 3090 1140 3161 δ’

133 3193 249 3260 οὑτοσὶ
275 3205 457 3280 ναυαγῆσαι
487 3197 551 3280 ἔφη
578 3199 615 3262 τὸ
638 3201 756 3264 πλοίου
779 3199 969 3283 παραπλέον
992 3199 1027 3265 ἐκ
1051 3205 1141 3266 Παν-

133 3305 309 3367 τικαπαίου
332 3303 378 3377 είς
397 3303 593 3386 Θεοδοσίαν,
616 3306 865 3387 ναυαγὴσαντος
888 3301 925 3369 δὲ
945 3314 1004 3371 τοῦ
1023 3310 1142 3372 πλοίου

132 3404 339 3474 ἀπολωλέναι
360 3407 401 3472 τά
424 3412 572 3492 χρήματα
593 3419 663 3484 τοῖς
686 3408 843 3493 ἀδελφοῖς
865 3420 934 3486 τοῖς
957 3409 1092 3492 ἑαυτοῦ,
1120 3409 1141 3476 δ

132 3515 248 3596 ἔτυχεν
270 3512 307 3576 ἐν
331 3519 375 3599 τῷ
398 3516 502 3601 πλοίςο
526 3513 657 3580 ἐνόντα·
681 3513 806 3579 ἐνεῖναι
829 3511 866 3579 δὲ
883 3515 1015 3597 τάριχός
1032 3537 1067 3579 τε
1085 3513 1140 3580 καί
