2616 3910
163 197 229 263 476
443 203 593 256 xxxvm.
615 201 895 255 οιιιιοτοεειοεα
1285 144 1291 210 '²

162 358 258 444 ἡμᾶς,
281 358 357 446 περὶ
381 355 428 427 διν
452 361 574 438 αὐτούς
595 359 754 446 ἀφήκατε,
779 361 917 450 είκοστςδ
940 369 1005 428 νῦν
1028 361 1093 426 ἐτει
1117 361 1231 432 δί-οοο
1289 385 1292 532 Α

163 489 226 551 κην
247 461 434 532 τελέσαισθ’
456 467 557 552 ὑμεῖς.

124 587 150 628 1⁹
248 565 372 638 Ἀκούεο
399 575 516 637 τοίνυν
544 572 666 650 αύτούς
692 573 733 638 τά
755 569 817 658 μέν
839 571 1003 658 περὶτῶν
1026 573 1180 656 πραγμά-
1289 543 1292 680 ή

162 699 230 742 των
258 677 368 742 αὐτῶν
395 675 450 742 καὶ
477 688 544 742 τῶν
571 680 684 761 νόμον
713 679 824 743 δίκαια
849 676 1048 762 φεύξεσθαι,
1076 700 1179 761 παρε-

163 783 348 848 σκευάσθαι
372 778 408 849 δέ
432 780 556 866 λέγειν,
587 782 632 860 ὡς
654 783 761 848 πολλά
783 777 921 868 χρήματ’
948 781 1060 860 αύτοτς
1082 806 1178 849 κατε-

164 889 287 972 λείφθη
309 885 365 954 καὶ
383 883 474 954 ταῦτ’
496 887 781 972 ἀπεστερήθησαν,
804 885 860 953 καὶ
876 891 1040 976 τεκμηρίῳ
1058 891 1179 972 χρήσε-

164 999 245 1060 σθαι
264 995 385 1060 τούτου
403 1001 449 1082 τρλ
468 993 602 1078 μεγέθει
620 1004 688 1059 τῶν
707 994 810 1058 δικῶν
829 993 868 1071 ἃς
882 993 915 1074 ἐξ
929 993 1031 1080 ἀρχῆς
1044 996 1178 1079 ἔλαχον,

162 1101 216 1165 καί
243 1099 305 1183 τήν
326 1100 493 1183 ὀρφανίαν
517 1099 729 1184 ὀδυρεῖσθαι,
756 1097 893 1166 καὶτὸν
916 1109 974 1184 τῆς
997 1099 1178 1186 ἐπιτροπῆς

163 1207 264 1286 λόγου
288 1203 455 1284 διεξιέναι·
479 1203 535 1271 καὶ
557 1199 648 1270 ταῦτ’
670 1200 756 1270 εἶναι
778 1201 834 1270 καί
855 1203 988 1271 τοιαῦθ’
1011 1197 1061 1284 οἷς
1081 1227 1177 1272 πεπι-

123 1329 149 1368 ¹⁰
164 1311 318 1376 στεύκασι
340 1308 395 1375 καὶ
420 1307 464 1376 δι’
482 1305 530 1377 ὧν
549 1311 633 1395 ὑμᾶς
651 1309 866 1395 ἐξαπατήσειν
884 1316 1020 1376 οίονται.
1054 1311 1118 1394 ἐγὼ
1136 1309 1177 1378 δὲ

162 1417 199 1482 τὸ
218 1411 280 1500 μὲν
297 1426 364 1481 τῶν
383 1418 487 1482 δικῶν
505 1413 647 1501 μέγεθος
667 1426 734 1480 τῶν
751 1416 825 1481 τότε
843 1419 1043 1500 ληχθεισῶν,
1062 1419 1177 1500 μεῖζον

161 1521 305 1605 ἡγοῦμαι
336 1524 513 1606 τεκμήριον
544 1521 624 1606 ήμίν
654 1517 767 1602 [εἶναι]
796 1521 841 1598 ὡς
869 1518 1123 1605 ἐσυκοφαντεῖθ’
1155 1521 1176 1588 ὁ

161 1629 279 1712 πατήρ,
302 1625 323 1710 ή
346 1628 477 1704 τούτοις
498 1627 543 1705 ὡς
563 1621 658 1692 πόλλ’
680 1627 930 1710 ἀπεστεροῦντο.
967 1626 1175 1711 ὀγδοήκοντα

162 1729 223 1818 μὲν
240 1734 303 1816 γάρ
323 1727 456 1799 τάλαντ’
474 1736 560 1818 ἔχων
578 1732 734 1817 ἐλέγχειν,
753 1729 833 1799 οὐδὲ
852 1724 900 1810 εἷς
915 1731 958 1798 ἀν
970 1735 1046 1816 τρία
1060 1735 1176 1816 λαβὼν

162 1839 348 1923 ἀπηλλάγη·
375 1841 545 1904 τοσούτων
569 1834 606 1904 δέ
628 1838 805 1924 χρημάτων
828 1840 963 1922 φεύγιον
987 1838 1173 1924 ἐπιτροπῆς,

162 1943 273 2022 οὐδεὶς
300 1948 390 2012 ἐστιν
418 1943 507 2021 ὅστις
535 1942 596 2009 ούκ
624 1941 666 2009 ἀν
694 1945 796 2011 ἔδωκε
823 1946 898 2029 τρία
925 1945 1083 2026 τάλαντα,
1113 1946 1174 2010 τὸν

161 2053 322 2119 κίνδυνον
350 2052 539 2135 ὠνούμενος
566 2048 621 2116 καὶ
643 2052 683 2116 τά
706 2051 806 2134 φύσει
828 2053 901 2116 τότε
924 2050 1054 2125 τούτοις
1076 2056 1172 2116 πλεο-

161 2154 342 2242 νεκτήμαθ’
368 2157 566 2242 ὑπάρχοντα.
612 2154 667 2221 καὶ
692 2157 756 2241 γάρ
779 2154 923 2240 ὀρφανοὶ
945 2153 1002 2221 καί
1022 2155 1094 2222 νέοι
1117 2154 1174 2221 καὶ

162 2264 276 2331 ὁποῖοί
289 2262 377 2340 τινές
393 2265 479 2328 εἰσιν
493 2262 637 2345 ἀγνῶτες
650 2258 748 2350 ήσαυ·
768 2271 870 2328 ταῦτα
885 2260 921 2327 δὲ
935 2261 1054 2338 πάντες
1068 2259 1174 2344 φασίν

162 2370 313 2454 μεγάλων
337 2370 475 2434 δικαίων
499 2368 626 2454 ἰσχύειν
648 2367 750 2433 πλέον
772 2361 849 2452 παρ’
870 2368 958 2452 ὑμίν.

122 2490 147 2532 ²1
243 2473 313 2540 ’Ότι
344 2478 460 2540 τοίνυν
493 2471 565 2540 οὐδ’
598 2470 793 2558 ἀνάσχοισθ’
825 2471 867 2539 ἀν
899 2474 1011 2540 αὐτῶν
1040 2475 1174 2552 εἰκότως

161 2578 263 2646 οὐδέν
290 2579 365 2667 περὶ
392 2590 448 2664 τῆς
476 2579 666 2664 ἐπιτροπῆς,
700 2577 753 2644 καὶ
780 2577 870 2645 τοῦτ’
902 2585 1013 2664 οίομαι
1041 2581 1171 2660 δείξειν.

161 2688 193 2753 εί
218 2689 282 2771 γὰρ
309 2687 353 2764 δτς
380 2677 511 2750 οἷόντε
534 2681 658 2769 μέγιστ’
684 2684 865 2768 ήδικῆσθαι
888 2686 963 2769 δοίη
987 2709 1037 2763 τις
1059 2686 1174 2764 αὐτοῖς

160 2790 216 2858 καὶ
244 2791 332 2876 έρείν
359 2787 475 2856 ἅπαντ’
503 2791 613 2874 ἀληθῆ
639 2788 864 2874 περὶτούτων
886 2795 979 2874 νυνί,
1008 2791 1114 2858 ἐκεῖνό
1137 2787 1169 2876 γ’

161 2893 252 2981 οἶμαι
280 2897 404 2974 πάντας
432 2895 474 2961 ἀν
496 2895 581 2980 ὑμᾶς
605 2895 820 2980 ὁμολογῆσαι,
850 2897 900 2961 ὅτι
922 2899 1028 2962 πολλὰ
1052 2898 1173 2983 συμβέ-

161 3006 261 3087 βηκεν
294 3003 479 3086 ήδικῆσθαί
507 3020 594 3067 τισιν
626 3003 690 3084 ήδη
722 3005 819 3085 μείζω
852 3013 918 3067 τῶν
950 3005 996 3080 είς
1024 3007 1172 3088 χρήματα

160 3107 368 3194 γιγνομένων
396 3107 620 3191 ἀδικημάτων·
649 3105 703 3172 καί
730 3107 794 3193 γάρ
818 3106 970 3175 ἀκούσιοι
992 3112 1092 3192 φόνοι
1115 3108 1171 3176 καί

161 3215 274 3300 ὕβρεις
298 3215 344 3291 εἰς
367 3213 387 3278 ἃ
411 3215 455 3298 μή
475 3211 598 3279 δεῖκαὶ
617 3214 722 3278 πολλὰ
740 3223 876 3279 τοιαῦτα
894 3217 1049 3298 γίγνεται.
1087 3215 1159 3282 ἀλλ’
1173 3233 1223 3282 991

162 3322 250 3404 ὅμως
282 3318 436 3384 ἁπάντων
465 3318 595 3384 τούτων
622 3320 699 3404 ὅρος
725 3317 780 3385 καὶ
807 3321 902 3396 λύσις
928 3332 997 3398 τοῖς
1022 3327 1172 3389 παθοῦσι

123 3445 148 3483 εν
161 3425 310 3490 τέτακται
337 3425 374 3490 τὸ
401 3423 599 3502 πεισθέντας
627 3425 768 3509 ἀφεῖναι.
813 3424 869 3492 καὶ
895 3421 992 3492 τοῦθ’
1019 3427 1105 3494 ου”τοο
1132 3430 1171 3496 τὸ

162 3530 292 3594 δίκαιον
315 3529 352 3596 ἐν
375 3540 475 3594 πᾶσιν
500 3531 620 3614 ἰσχύει,
647 3528 722 3597 ὥστ’
750 3530 808 3596 ἐὰν
831 3530 915 3597 ε’λών
938 3556 987 3608 τις
1011 3533 1172 3602 ἀκουσίου
