2644 4182
448 467 548 520 οεοῦ
566 468 767 520 amman.
1070 465 1115 532 35

102 627 216 708 μεῖζον
252 621 278 691 ὦ
315 627 436 711 ἀνδρες
465 621 637 710 Ἀθηναῖοι
669 629 810 710 Θηβαῖοι
842 636 1029 712 φρονοῦσιν
1062 623 1112 693 έπ

103 729 247 815 ὠμότητι
273 731 328 798 καὶ
356 736 516 820 πονηρίᾳ,
546 731 567 816 ἢ
595 733 689 818 ὑμεῖς
716 730 769 797 ἐπὶ
796 735 1033 820 φιλανθρωπίᾳ
1061 731 1116 800 καὶ

103 845 150 925 τῷ
172 838 213 903 τά
236 840 348 904 δίκαια
370 839 562 922 βούλεσθαι.
603 832 678 922 μήτ’
704 831 767 902 οὑν
790 836 915 903 ἐκεῖνοί
933 859 1012 904 ποτε
1034 839 1117 904 παύ·

104 937 225 1027 σαιντ’,
251 945 283 1009 εἰ
303 938 356 1028 ἀρ’
382 943 543 1022 εὔξασθαι
567 945 633 1020 δεῖ,
655 947 735 1020 τοὺς
757 940 818 1030 μέν
841 943 963 1020 αὑτοὺς
985 943 1116 1027 ἀγαθόν

102 1072 136 1114 τι
153 1059 333 1127 ποιοῦντας
351 1053 430 1136 μήτε
449 1063 606 1135 τιμῶντες
624 1052 704 1134 μήτε
723 1052 960 1134 θαυμάζοντες,
983 1052 1061 1126 τοῦς
1080 1045 1117 1114 δὲ

104 1166 277 1238 συγγενεῖς
305 1155 388 1239 (ῖστε
415 1158 480 1243 γάρ
507 1155 548 1222 ὃν
569 1158 694 1240 τρόπον
719 1153 916 1241 Ὀρχομενὸν
939 1154 1117 1240 διέθηκαν)

104 1261 192 1328 οὑτω
225 1265 537 1347 μεταχειριζόμενοι,
568 1258 651 1346 μήθ’
681 1262 776 1346 ὑμεῖς
802 1261 961 1328 τάναντία
986 1262 1117 1337 τούτοις

104 1370 183 1445 τοὺς
209 1365 270 1453 μὲν
299 1366 471 1452 εὐεργέτας
496 1379 670 1456 τιμῶντες,
697 1370 786 1454 παρὰ
813 1378 881 1434 τῶν
908 1363 946 1435 δὲ
972 1372 1117 1434 πολιτῶν

46 1476 192 1563 11ολόγῳ
220 1474 300 1558 μετὰ
327 1485 395 1540 τῶν
423 1477 537 1558 νόμων
558 1474 599 1540 τὰ
622 1475 733 1540 δίκαια
755 1475 987 1560 λαμβάνοντες.
1033 1473 1118 1549 ὅλως

104 1577 136 1644 δ’
163 1575 255 1664 οἶμαι
282 1583 356 1646 τότε
385 1581 457 1646 δεῖν
483 1583 561 1657 τοὺς
589 1579 711 1665 ἑτέρων
738 1579 885 1646 ἐπαινεῖν
911 1581 1036 1663 νόμους
1063 1576 1118 1644 καὶ

103 1687 168 1770 ἔθη
190 1695 261 1762 τοῖς
283 1683 454 1770 ὑμετέροις
475 1685 702 1770 ἐπιτιμῶντας,
726 1685 806 1758 ὅταν
824 1675 845 1770 ᾖ
865 1685 967 1766 δεῖξαι
986 1683 1118 1769 βέλτιον

104 1791 252 1868 ἐκείνους
277 1793 481 1877 πράττοντας
503 1792 607 1876 ὑμῶν.
653 1792 707 1857 ὅτε
731 1788 762 1856 δ’
789 1791 893 1874 ὑμεῖς,
917 1796 1023 1867 καλῶς
1046 1812 1118 1857 ποι-

104 1905 231 1979 οῦντες,
254 1894 309 1962 καὶ
327 1899 410 1963 κατά
427 1899 486 1974 τάς
504 1899 618 1974 κοινάς
636 1897 770 1979 πράξεις
787 1893 843 1963 καὶ
860 1898 943 1962 κατὰ
961 1898 1023 1980 τὴν
1040 1895 1116 1980 ὁμό-

103 2026 202 2069 νοιαν
224 2000 280 2069 καὶ
302 2005 384 2069 κατά
402 2005 504 2069 τάλλα
522 1998 618 2070 πάντ’
640 2005 778 2088 ἀμεινον
797 2001 933 2072 ἐκείνων
951 2004 1118 2086 πράττετε,

104 2118 166 2175 τοῦ
188 2109 286 2194 χάριν
308 2107 351 2174 ἀν
368 2119 435 2176 τῶν
452 2109 621 2194 ὑμετέρων
640 2109 751 2175 αὐτῶν
770 2108 860 2174 έθῶν
879 2109 1119 2194 ὀλιγωροῦντες

104 2215 215 2280 ἐκεῖνα
238 2215 402 2295 διώκοιτε,
427 2217 459 2282 εί
479 2215 543 2299 γάρ
566 2213 621 2281 καὶ
643 2216 725 2280 κατά
747 2216 807 2281 τόν
828 2217 990 2301 λογισμὸν
1009 2214 1117 2281 έκεῖνα

105 2325 226 2405 φανείη
259 2323 393 2404 βελτίω,
424 2330 482 2404 τῆς
508 2343 546 2404 γε
572 2321 673 2405 τὺῖλῖ·
701 2321 824 2404 εἵνεκα,
857 2312 879 2407 ᾗ
906 2322 995 2407 παρά
1022 2319 1113 2387 ταῦτ’

46 2427 218 2512 111ἀγαθῇ
245 2425 418 2512 κέχρησθ’,
447 2425 499 2492 έπλ
521 2428 650 2492 τούτων
674 2427 767 2504 ἀξιον
790 2438 908 2511 μεῖναι.
954 2428 986 2492 εἰ
1007 2423 1044 2492 δὲ
1067 2428 1121 2493 δεῖ

104 2533 194 2617 παρὰ
216 2534 322 2600 πάντα
344 2530 436 2599 ταῦτ’
459 2535 564 2599 εἰπεῖν
587 2532 606 2600 δ
625 2534 756 2598 δίκαιον
774 2532 931 2618 ἡγοῦμαι,
956 2531 1053 2600 ἐκεῖν’
1075 2531 1118 2598 ἀν

105 2637 203 2722 ἔγωγ’
229 2645 362 2723 εῖποιμι.
408 2639 471 2704 οὐκ
498 2641 566 2704 ἔστι
590 2641 721 2705 δίκαιον
744 2634 770 2704 ὦ
794 2640 914 2723 ἀνδρες
933 2637 1117 2723 Ἀθηναῖοι,

104 2748 185 2822 τοὺς
204 2747 478 2829 Λακεδαιμονίων
495 2748 620 2829 νόμους
639 2741 717 2812 οὑδὲ
736 2748 815 2822 τοὺς
834 2747 991 2829 Θηβαίων
1010 2744 1118 2827 λέγειν

105 2849 160 2917 ἐπὶ
191 2860 236 2940 τῷ
268 2854 348 2928 τοὺς
379 2850 501 2917 ἐνθάδε
531 2854 768 2935 λυμαίνεσθαι,
800 2847 880 2918 οὐδὲ
908 2845 953 2916 δι’
983 2845 1031 2917 ὧν
1057 2847 1118 2935 μέν

106 2958 227 3024 έκεῖνοι
258 2959 395 3042 μεγάλοι
426 2958 508 3041 μετδ
531 2966 596 3040 ’τῆς
627 2956 818 3041 ὀλιγαρχίας
844 2954 900 3023 καὶ
928 2957 1119 3034 δεσποτείας

105 3067 181 3147 εἰσί,
204 3062 267 3129 κάν
289 3063 481 3130 ἀποκτεῖναι
503 3063 688 3147 βούλεσθαι
710 3064 770 3129 τὸν
792 3061 871 3146 παρ’
893 3063 973 3148 ἡμῖν
990 3064 1119 3130 τούτων

105 3193 138 3235 τι
169 3170 473 3252 κατασκευάσαντα,
507 3170 562 3234 διδ
596 3167 626 3234 δ’
660 3163 708 3234 ὧν
740 3167 759 3234 ὁ
790 3167 867 3255 παρ’
904 3167 984 3253 ἡμῖν
1016 3162 1119 3254 δῆμος

106 3276 284 3361 εὐδαίμων,
307 3274 405 3342 ταῦθ’
435 3276 480 3352 ὡς
503 3274 634 3342 ἀνελεῖν
657 3276 711 3340 δεῖ
731 3278 898 3358 λεγόντων
920 3286 1022 3342 τινῶν
1042 3271 1142 3354 ’έθέὲ

106 3388 177 3449 λειν
200 3382 344 3448 ἀκούειν.

54 3510 92 3551 ιω
186 3488 301 3555 Ἔστιν
322 3492 440 3556 τοίνυν
468 3513 518 3566 τις
545 3491 718 3573 πρόχειρος
745 3491 858 3573 λόγος,
892 3489 936 3566 δις
963 3489 1027 3574 ἀρα
1054 3485 1109 3554 καῖ
1118 3500 1168 3550 491

104 3591 181 3680 παρ’
203 3596 284 3682 ἡμῖν
307 3594 361 3662 ἐπὶ
383 3607 451 3662 τῶν
471 3596 647 3678 προγόνων
665 3593 760 3661 πόλλ’
783 3593 885 3679 ἀγάθ’
907 3593 1118 3681 εἰργασμένοι

104 3698 191 3780 τινὲς
214 3701 353 3779 οὐδενός
375 3701 531 3785 ἠξιοῦντο
548 3701 725 3785 τοιούτου,
754 3696 827 3766 ἀλλ’
854 3701 1027 3784 ἀγαπητῶς
1050 3699 1117 3766 ἐπι-

104 3808 294 3894 γράμματος
313 3807 350 3873 έν
367 3817 438 3885 τοῖς
450 3804 584 3891 Ἑρμαῖς
603 3809 733 3891 ἔτυχον·
753 3804 807 3873 καὶ
825 3812 906 3882 ίσως
923 3803 1020 3872 τοῦθ’
1037 3805 1118 3889 ὑμῖν

919 3909 956 3965 82
