2614 3904
491 138 590 188 ΠΡοτ
608 137 853 190 ΑΠΑΤουΡΙοΝ.
1109 134 1172 200 391

166 294 255 370 ὅπως
282 295 370 383 αύτῷ
400 294 445 371 ὡς
467 293 698 378 ἀσφαλέστατα
715 295 793 376 ἕξει.
839 297 951 378 λαβὼν
975 290 1005 362 δ’
1033 296 1096 379 ἐγὼ
1119 297 1176 372 τάς

166 397 246 465 ἑπτά
272 409 355 484 μνᾶς
377 402 466 485 παρά
488 409 549 466 τοῦ
572 401 823 485 Παρμένοντος,
850 400 905 467 καλ
928 404 985 480 τάς
1007 413 1109 486 τρεῖς,
1137 400 1176 478 ἀς

164 509 360 589 προειλήφει
401 500 498 582 οὗτος
537 503 617 590 παρ’
657 506 804 589 ἐκείνου,
846 507 1176 592 ἀνομολογησάμενος

164 611 248 694 πρὸς
265 619 395 693 τοῦτον,
416 610 507 694 ὠνήν
525 620 683 696 ποιοῦμαι
701 619 759 693 της
776 612 859 688 νεὼς
877 611 932 678 καὶ
950 624 1017 678 τῶν
1035 613 1175 694 παίδων,

164 714 227 791 ἕως
250 715 390 800 ἀποδοίη
414 716 472 793 τάς
494 739 529 781 τε
553 715 631 782 δέκα
651 725 744 802 μνᾶς,
768 715 807 793 ἃς
826 711 869 781 δι’
892 716 973 803 ἐμοῦ
991 720 1097 802 ἐλαβε,
1120 716 1176 783 καὶ

165 821 223 897 τὰς
245 821 432 904 τριάκοντα,
457 814 504 886 ὧν
522 819 720 905 κατέστησεν
739 818 794 906 ἐμὲ
813 821 976 907 ἐγγυητήν
994 832 1039 910 τῷ
1057 844 1175 908 τράπε·

162 929 242 1011 ζίτη.
287 923 342 992 καὶ
364 925 410 1003 ὡς
432 926 541 1018 ἀληθή
565 925 664 1010 λέγω,
693 927 854 993 ἀκούσατε
877 939 943 993 τῶν
966 940 1164 1013 μαρτυριῶν.
1174 938 1227 987 895

567 1137 769 1190 MAPTTPIAI.
816 1177 819 1182 .

136 1264 150 1304 ο
258 1245 325 1309 Τὸν
352 1241 412 1328 μέν
438 1245 564 1327 τρόπον
590 1252 710 1308 τοῦτον
738 1241 901 1327 ἀπήλλαξε
928 1247 1006 1320 τοὺς
1032 1248 1174 1329 χρήστας

160 1346 375 1433 Ἀπατούριος
403 1348 526 1413 οὑτοσί.
573 1347 613 1414 ού
640 1352 751 1436 πολλῷ
777 1345 813 1414 δέ
836 1352 944 1436 χρόνῳ
968 1350 1048 1433 μετά
1070 1357 1173 1414 ταῦτα

163 1465 222 1538 της
249 1453 406 1538 τραπέζης
434 1454 751 1537 ἀνασκευασθείσης,
784 1453 839 1518 καὶ
866 1464 926 1520 τοῦ
953 1452 1172 1539 Ἡρακλείδου

163 1557 233 1625 κατ’
261 1559 362 1644 ἀρχάς
388 1558 629 1643 κεκρυμμένου,
659 1559 864 1643 ἐπιβουλεύει
892 1559 1006 1626 οὑτοσὶ
1033 1561 1110 1637 τούς
1137 1582 1171 1626 τε

163 1667 284 1741 παῖδας
315 1663 476 1748 ἐκπέμψαι
505 1659 694 1748 Ἀθήνηθεν
721 1662 776 1729 καὶ
802 1666 864 1748 τήν
890 1674 976 1731 ναῦν
1004 1666 1171 1751 ἐξορμίσαι

163 1772 199 1840 ἐκ
222 1781 282 1838 τοῦ
305 1769 445 1855 λιμένος,
483 1770 565 1835 ὅθεν
589 1769 661 1854 ἐμοὶ
683 1772 765 1855 πρὸς
787 1778 908 1836 τοῦτον
929 1771 949 1853 η
968 1773 1080 1856 πρώτη
1101 1774 1179 1837 δια-.

163 1879 252 1963 φορά
280 1877 417 1960 ἐγένετο.
464 1877 666 1959 αἰσθόμενος
693 1877 756 1960 γάρ
784 1875 803 1941 δ
831 1875 1031 1961 Παρμένων,
1060 1875 1170 1960 ἐξαγο-

163 1981 272 2068 μένων
294 1994 363 2048 τῶν
383 1983 513 2048 παίδων
537 1981 790 2064 ἐπιλαμβάνεται
811 1979 867 2046 καὶ
888 1983 949 2064 τήν
972 1991 1057 2046 ναῦν
1079 2005 1170 2047 κατε-

162 2089 311 2153 κώλυσεν
343 2091 446 2155 αὐτὸν
478 2087 672 2172 ἐξορμίζειν,
692 2085 759 2179 καὶ
792 2088 1083 2172 μεταπεμψάμενος
1115 2086 1170 2172 ἐμέ

122 2213 149 2254 1⁰
163 2193 250 2277 λέγει
272 2196 310 2260 τὸ
332 2204 474 2279 πρᾶγμα.
519 2194 564 2270 ὡς
587 2190 617 2258 δ’
644 2194 782 2276 ήκονσοι,
805 2202 925 2258 τοῦτον
947 2190 1008 2277 μέν
1032 2193 1169 2258 ἀνοσιώ-

162 2324 262 2366 τατον
283 2293 457 2383 ἡγησάμην
478 2294 627 2384 εἶναιτῷ
647 2299 880 2383 ἐπιχειρήματι,
904 2299 1113 2382 ἐσκοπούμην
1133 2296 1169 2364 δέ

162 2407 250 2482 ὅπως
277 2405 376 2481 αὐτός
397 2427 432 2470 τε
455 2404 710 2488 ἀπολυθήσομαι
732 2413 790 2486 της
812 2405 1011 2488 ἐγγύηςτής
1033 2403 1086 2470 ἐπὶ
1108 2406 1169 2488 τήν

161 2513 336 2594 τράπεζαν,
366 2508 421 2576 καὶ
449 2509 467 2575 ὁ
496 2507 588 2588 ξένος
615 2510 657 2592 μή
686 2509 804 2575 ἀπολεῖ
828 2509 849 2574 ἀ
878 2507 921 2574 δι’
953 2510 1034 2595 ἐμοῦ
1062 2512 1168 2597 τούτῳ

132 2675 134 2680 s
161 2619 338 2684 ἐδάνεισεν.
374 2618 579 2696 καταστήσας
598 2610 634 2679 δέ
653 2615 802 2698 φύλακας
819 2624 876 2698 τής
894 2616 987 2697 νεώς,
1012 2617 1168 2699 διηγησά-

161 2748 226 2809 μην
248 2735 318 2800 τοῖς
340 2723 514 2807 ἐγγυηταῖς
536 2728 593 2802 τής
615 2719 772 2805 τραπέζης
794 2721 855 2804 τήν
878 2721 1007 2805 πρᾶξιν,
1030 2721 1086 2794 καὶ
1108 2745 1168 2788 ποι-

161 2830 289 2914 ρέδωκα
307 2830 344 2894 τὸ
363 2827 532 2913 ἐνέχυρον,
551 2827 653 2891 εἰπὼν
672 2825 784 2902 αὐτοῖς
803 2827 852 2891 ὅτι
872 2825 950 2892 δέκα
969 2838 1051 2910 μναῖ
1064 2828 1166 2911 ἐνείη-

160 2952 223 3000 σαν
245 2944 290 3022 τῷ
315 2933 396 3022 ξένῳ
420 2933 456 2999 ἐν
479 2942 518 3018 τή
537 2935 601 3016 νηί.
638 2940 740 2997 ταῦτα
759 2928 795 2996 δέ
814 2931 939 3015 πράξας
957 2935 1167 3018 κατηγγύησα

158 3043 237 3117 τοὺς
259 3042 389 3121 παῖδας,
413 3036 458 3106 ἵν’
481 3045 514 3104 εί
532 3061 581 3115 τις
596 3039 712 3115 ἐκδεια
735 3042 893 3121 γίγνοιτο,
917 3038 957 3102 τά
976 3037 1167 3106 ἐλλείποντα

121 3165 145 3205 11
160 3146 196 3211 ἐκ
220 3157 287 3210 τῶν
309 3147 438 3210 παίδων
461 3150 520 3227 είη.
566 3141 620 3208 καί
644 3143 707 3226 ἐγὼ
730 3139 791 3226 μέν
814 3142 925 3226 ἐπειδή
950 3146 1070 3226 ἔλαβον
1092 3154 1167 3211 τοῦ·
1296 3179 1297 3208 ι

80 3329 82 3333 ¹
159 3276 218 3318 τον
245 3252 438 3332 ἀδικοῦντα,
469 3251 718 3335 διωρθωσάμην
744 3245 827 3333 ὑπὲρ
856 3249 998 3332 ἐμαυτοῦ
1025 3248 1080 3314 καλ
1107 3260 1166 3315 τοῦ
1296 3261 1297 3328 j

82 3348 86 3356 ¹
159 3357 268 3437 ξένου·
305 3356 323 3424 ὁ
362 3351 391 3421 δ’
427 3357 536 3438 ὥσπερ
573 3355 804 3438 ἀδικούμενος,
842 3348 913 3418 ἀλλ’
948 3355 1010 3420 ούκ
1042 3356 1166 3419 ἀδικῶν

159 3463 320 3548 ἐμέμφετό
342 3486 413 3547 μοι,
438 3460 494 3527 καὶ
515 3461 626 3545 ήρώτα
650 3461 680 3524 εί
702 3460 762 3542 ούγ
786 3460 901 3524 ίκανόυ
924 3483 980 3543 μοι
1004 3465 1053 3542 είη
1077 3459 1165 3546 αύτῷ
