2616 3910
272 168 370 220 111202
388 169 550 222 Βοιονοα
567 171 655 221 ΠΕΡΙ
673 171 837 223 ΠΡοιΚοΣ
855 171 1051 224 mmmm.
1099 169 1163 234 493

155 327 218 410 γάρ
246 349 302 412 μοι
331 327 509 411 δεηθέντος
535 339 595 396 τοῦ
622 331 744 414 πατρὸς
771 329 1024 414 ὀκτωκαιδεκέτη
1053 340 1164 414 γῆμαι,

129 430 211 496 ικαὶ
234 434 289 496 διά
311 442 410 498 τοῦτο
429 429 518 499 εἷναί
533 459 590 519 μοι
608 435 777 517 θυγατέρα
795 436 859 519 ἤδη
879 435 1048 521 ἐπίγαμον.
1086 434 1161 501 ὥστ’

156 536 229 622 έμολ
260 534 321 623 μὲν
353 539 487 616 δικαίως
517 538 559 604 ἀν
587 540 794 627 ἀδικουμένῳ
823 542 879 606 διὰ
906 544 1012 607 πολλὰ
1040 544 1165 625 βοηθη-

156 661 256 726 οαιτε,
280 646 410 722 τούτοις
433 640 464 710 δ’
485 648 618 724 εἰκότως
639 645 681 712 ἀν
699 647 901 732 ὀργίζοισθε·
925 649 1055 729 οἵτινες,
1079 643 1165 730 ὦγῆ

155 747 210 815 καί
234 753 326 834 θεοί,
354 750 428 830 ἐξὸν
451 751 563 828 αὐτοῖς
585 754 625 816 τά
649 753 759 817 δίκαια
782 755 939 835 ποιήσασι
961 753 1005 836 μη
1029 752 1165 819 εἰσιέναι

156 857 203 932 εἰς
223 857 446 940 δικαστήριον,
470 857 533 923 ούκ
551 857 765 942 αἰσχύνονται
784 855 844 942 μέν
863 858 1166 944 ἀναμιμνῄσκοντες

156 961 251 1046 ὑμᾶς,
276 969 310 1028 εἰ
328 986 359 1027 τι
382 963 402 1046 ἢ
427 963 445 1028 ὁ
468 965 573 1048 πατὴρ
597 963 691 1048 ἡμῶν
714 965 757 1048 μὴ
782 963 893 1046 ὀρθῶς
915 963 1121 1048 διεπράξατο,
1145 964 1165 1046 ἢ

158 1063 250 1133 οὗτοι
277 1070 324 1145 εἰς
351 1069 479 1134 ἐκεῖνον
501 1070 664 1154 ἥμαρτον,
694 1070 915 1153 ἀναγκάζουσι
939 1065 968 1134 δ’
996 1066 1051 1154 ἐμὲ
1075 1071 1166 1134 δικά-

158 1178 272 1253 ζεσθαι
305 1173 424 1251 αὑτοῖς.
472 1175 528 1240 ἵνα
555 1172 586 1240 δ’
618 1175 760 1260 ἀκριβῶς
786 1177 910 1259 εἰδῆτε,
942 1176 985 1251 ὡς
1014 1176 1075 1241 οὐκ
1103 1160 1165 1257 ἐγω

157 1281 278 1346 τούτου
305 1279 408 1356 αίτιός
432 1281 499 1364 εἰμι
521 1275 593 1346 ἀλλ’
618 1275 728 1364 οὗτοι,
756 1280 789 1359 ἐξ
812 1282 913 1367 ἀρχῆς
936 1282 1030 1365 ὑμίν,
1059 1282 1103 1357 ὡς
1125 1279 1166 1344 ἀν
1229 1355 1230 1358 ¹

158 1385 194 1451 ἐν
217 1387 434 1471 βραχυτάτοις
458 1387 618 1471 δύνωμαι,
642 1389 840 1472 διηγήσομαι
863 1389 903 1452 τά
923 1387 1122 1472 πραχθέντα.

130 1515 143 1555 ε
242 1489 291 1556 Ἡ
307 1494 370 1575 γάρ
394 1495 499 1577 μήτηρ
523 1492 542 1576 ἡ
567 1492 627 1576 ἐμὴ
648 1489 673 1557 ὦ
692 1494 812 1577 ἀνδρες
831 1495 992 1575 δικασταί,
1015 1493 1167 1576 θυγάτηρ

158 1594 219 1680 μὲν
241 1593 284 1680 ἦν
303 1601 525 1684 Πολυαράτου
544 1599 750 1682 Χολαργέως,
774 1598 902 1683 ἀδελφὴ
922 1595 958 1664 δέ
976 1597 1168 1676 Μενεξένου

157 1700 212 1768 καί
230 1704 412 1768 Βαθύλλου
430 1701 485 1769 καλ
504 1705 727 1788 Περιάνδρου.
760 1703 915 1781 ἐκδόντος
934 1701 964 1769 δ’
984 1704 1089 1788 αὐτὴν
1107 1713 1167 1769 τοῦ

158 1810 280 1892 πατρὸς
302 1808 525 1893 Κλεομέδοντι
548 1817 593 1897 τῶ
612 1807 767 1884 Κλέωνος
790 1811 867 1891 υἰεί,
891 1808 945 1872 καὶ
968 1819 1090 1890 προῖκα
1112 1810 1168 1874 τά-

159 1921 281 1980 λαντον
304 1914 485 1995 ἐπιδόντος,
509 1915 546 1979 τὸ
570 1911 630 1998 μὲν
652 1925 786 1998 πρῶτον
803 1915 910 2002 τούτῳ
930 1911 1082 2002 συνῴκει·
1106 1938 1159 1997 γε·
1170 1929 1240 1978 1010

158 2020 309 2104 νομένων
333 2016 364 2085 δ’
391 2020 474 2104 αὐτῇ
497 2031 598 2104 τριῶν
621 2017 682 2104 μὲν
704 2019 913 2103 θυγατέρων,
935 2020 1013 2085 υίοῦ
1037 2018 1066 2084 δ’
1094 2020 1168 2098 ἕνὸς

159 2126 328 2209 Κλέωνος,
356 2124 410 2191 καί
437 2127 517 2210 μετὰ
543 2135 646 2190 ταῦτα
673 2135 734 2191 τοῦ
761 2125 883 2209 ἀνδρὸς
911 2127 994 2211 αὐτῇ
1018 2129 1168 2208 τελευτή-

160 2252 294 2316 σαντος,
331 2231 537 2297 ἀπολιποῦσα
569 2233 628 2296 τὸν
660 2227 754 2298 οἷκον
786 2230 841 2298 καί
873 2231 1075 2317 κομισαμένη
1106 2234 1168 2315 την

132 2350 295 2422 ιπροίκα,
317 2339 418 2403 πάλιν
441 2337 608 2403 ἐκδόντων
632 2337 735 2420 αὐτην
758 2349 825 2403 τῶν
848 2337 1003 2421 ἀδελφῶν
1027 2338 1169 2418 Μενεξέ-

159 2470 223 2511 νου
252 2443 307 2509 καλ
334 2444 516 2509 Βαθύλλου
543 2443 576 2530 (ὀ
603 2444 667 2527 γάρ
695 2446 904 2528 Περίανδρος
932 2448 979 2510 ἔτι
1007 2455 1083 2521 πασς
1110 2440 1167 2532 ἦν)

160 2552 214 2618 καὶ
237 2553 274 2616 τὸ
297 2552 460 2616 τάλαντον
484 2551 683 2634 ἐπιδόντων,
707 2548 879 2639 συνῴκησε
902 2558 947 2639 τῷ
971 2549 1037 2637 ἐμῷ
1061 2555 1169 2634 πατρί.

160 2655 216 2724 καλ
234 2661 390 2740 γίγνομαι
409 2657 521 2732 αὐτοῖς
540 2657 603 2739 ἐγώ
622 2680 657 2722 τε
671 2655 724 2722 καλ
740 2658 839 2733 ἀλλος
853 2656 997 2741 ἀδελφὸς
1010 2656 1169 2742 νεώτερος

161 2765 253 2847 ἐμοῦ,
277 2761 314 2840 ὃς
335 2765 381 2826 ἔτι
404 2774 481 2839 παῖς
503 2763 550 2828 ὢν
573 2763 798 2846 ἐτελεύτησεν.1
828 2764 873 2840 ῶς
891 2757 921 2828 δ’
943 2762 1053 2848 άληθη
1073 2763 1169 2848 λέγω,

161 2866 236 2952 περί
262 2869 390 2932 τούτων
417 2867 497 2952 ὑμῖν
523 2880 656 2952 πρῶτον
681 2872 760 2946 τοὺς
787 2870 956 2954 μάρτυρας
980 2869 1170 2955 παρέξομαι,

172 3145 175 3151 .
563 3081 762 3134 Μινενεεε.

135 3210 148 3248 ε
256 3187 324 3271 Τὴν
347 3181 407 3271 μὲν
429 3188 545 3252 τοίνυν
568 3186 773 3272 μητέρατὴν
796 3187 878 3272 έμην
902 3188 1007 3265 οὕτως
1027 3188 1045 3254 ὀ
1063 3191 1169 3273 πατήρ

162 3317 229 3378 μου
251 3298 356 3378 γημας
378 3289 444 3377 εἶχε
466 3304 607 3376 γυναῖκα
631 3292 667 3358 ἐν
684 3301 724 3378 τῇ
744 3295 831 3378 οἰκίᾳ
849 3302 888 3378 τῇ
907 3292 1037 3375 ἑαυτοῦ,
1061 3293 1120 3377 ἐμέ
1134 3317 1169 3358 τε

163 3398 314 3464 ἐπαίδευε
346 3396 402 3463 καὶ
431 3397 554 3481 ἠγάπα,
587 3397 696 3481 ὥσπερ
723 3396 778 3463 καλ
805 3397 898 3481 ὑμεῖς
925 3398 1066 3475 ἅπαντες
1092 3401 1170 3475 τοὺς

163 3503 342 3588 ὑμετέρους
360 3504 480 3582 παῖδας
499 3503 649 3586 ἀγαπᾶτε.
681 3511 721 3586 τῇ
740 3499 777 3567 δὲ
795 3503 922 3567 τούτων
940 3499 1039 3586 μητρὶ
1060 3507 1169 3584 Πλαγ-
