2616 3910
183 286 250 350 422
469 289 577 341 xxxv.
602 285 907 358 [εειιοεεειιονε]

186 441 294 512 οίνον·
317 449 357 512 τδ
381 443 418 513 δδ
440 451 604 532 τρισχίλια
627 448 765 532 κεράμια
783 449 926 530 ἄγεσθαι
944 455 1049 512 ταῦτα
1064 447 1113 522 είς
1129 447 1190 510 τὸν
1199 459 1247 507 929

146 570 171 610 1⁹
187 555 321 619 Πόντον
344 551 381 618 ἐν
403 562 443 639 τή
462 555 632 641 είκοσόρῳ,
656 552 699 636 ἣν
717 549 888 636 Ὑβλήσιος
906 551 1109 636 ἐναυκλήρει.
1146 549 1200 634 γε’-

185 679 328 740 γραπται
356 654 417 743 μὲν
444 667 546 723 ταῦτα
574 657 611 724 ἐν
637 666 677 743 τῇ
704 667 882 745 συγγραφῇ
910 653 936 723 ὦ
965 659 1086 742 ἄνδρες
1108 659 1198 722 δικα-

185 766 271 845 σταί,
294 757 334 846 ής
356 763 450 847 ὑμεῖς
470 763 641 846 ἀκηκόατε·
666 757 759 829 οὗτοι
778 757 809 828 δ’
831 761 904 827 ἀντὶ
922 774 990 829 τῶν
1008 766 1199 847 τρισχιλίων

185 871 351 954 κεραμίων
374 865 455 934 ούδὲ
477 870 677 934 πεντακόσια
700 869 839 953 κεράμια
862 870 909 946 είς
931 871 968 935 τὸ
992 873 1111 934 πλοῖον
1130 868 1199 934 ἐνέ-

184 979 304 1057 θεντο,
336 971 407 1039 ἀλλ’
439 971 513 1038 ἀντὶ
544 983 605 1038 τοῦ
636 973 826 1058 ἠγοράσθαι
858 974 972 1052 αὐτοις
1003 976 1063 1040 τὸν
1092 969 1198 1058 ολνον,

186 1080 268 1146 ὅσον
291 1087 449 1165 προσήκε,
471 1088 542 1155 τοῖς
563 1081 728 1163 χρήμασιν
747 1079 891 1164 ἐχρῶντο
910 1080 928 1145 ό
947 1104 979 1145 τι
997 1080 1105 1146 ἐδόκει
1123 1081 1198 1145 τού-

184 1208 266 1270 τοις,
289 1186 329 1250 τά
352 1180 389 1250 δὲ
411 1185 551 1268 κεράμια
573 1185 614 1249 τὰ
636 1188 799 1270 τρισχίλια
821 1183 894 1251 οὐδ’
917 1183 1101 1271 ἐμέλλησαν
1119 1183 1198 1251 οὐδὲ

186 1293 414 1374 διενοήθησαν
437 1288 598 1355 ἐνθέσθαι
617 1292 665 1366 είς
682 1292 719 1356 τὸ
738 1296 858 1358 πλοῖον
876 1293 957 1356 κατά
975 1293 1037 1373 τήν
1055 1307 1198 1375 συγγρα-

188 1399 265 1481 ῳήν.
312 1396 362 1461 ότι
386 1392 417 1459 δ’
444 1394 554 1478 άληθή
577 1404 680 1461 ταῦτα
702 1395 803 1480 λέγω,
827 1393 907 1479 λαβὲ
929 1397 991 1480 τήν
1013 1401 1199 1482 μαρτυρίαν

187 1513 255 1568 τῶν
277 1503 513 1586 συμπλεόντων
537 1499 574 1566 ἐν
596 1509 641 1589 τῳ
665 1502 755 1590 αὐτῷ
778 1504 884 1591 πλοίῳ
906 1503 1045 1580 τούτοις.

595 1695 786 1748 ΜΑΡΤΤΡῙΑ.

11 1839 18 1850 υ
145 1823 174 1865 εο
273 1801 447 1886 Ἐρασικλῆς
475 1811 618 1886 μαρτυρεῖ
637 1807 787 1888 κυβερνᾶν
810 1805 865 1884 τήν
887 1816 966 1868 ναόν
988 1805 1028 1886 ήν
1046 1803 1199 1888 Ὑβλήσιος

230 1903 417 1984 ἐναυκλήρει,
449 1901 499 1964 καὶ
531 1899 641 1964 εἰδέναι
670 1897 890 1984 Ἀπολλόδωρον
923 1902 1070 1984 άγόμενον
1096 1902 1130 1964 ἐν
1158 1909 1199 1988 τῷ

230 2002 322 2087 πλοίῳ
354 2001 439 2064 οίνον
470 1999 629 2060 Μενδαίου
661 2001 785 2083 κεράμια
810 2000 979 2082 τετρακόσια
1006 2000 1200 2079 πεντήκοντα,

230 2097 279 2161 καὶ
307 2097 344 2160 ού
370 2098 473 2159 πλείω·
501 2093 571 2158 άλλο
598 2092 631 2157 δὲ
659 2094 752 2177 μηδὲν
780 2095 929 2178 άγύγιμον
954 2095 1080 2178 άγεσθαι
1102 2095 1135 2158 ἐν
1158 2103 1198 2182 τῷ

232 2196 324 2281 πλοίῳ
345 2189 565 2273 Ἀπολλόδωρον
588 2193 630 2266 είς
652 2193 705 2256 τὸν
727 2194 856 2256 Πόντον.

271 2289 387 2364 Ἱππίας
412 2285 602 2368 Ἀθηνίππου
625 2285 868 2370 Ἁλικαρνασσεύς
893 2295 1038 2372 μαρτυρεῖ
1056 2295 1201 2368 συμπλεῖν

229 2389 263 2452 ἐν
282 2399 316 2474 τῇ
331 2385 488 2469 Ὑβλησίου
504 2384 556 2466 νηί
570 2386 718 2447 διοπεύων
732 2385 786 2464 τήν
800 2397 889 2466 ναῦν,
905 2385 956 2448 καί
970 2384 1080 2448 είδίναι
1095 2381 1202 2449 Ἀπολ-

231 2487 362 2568 λόδωρον
384 2483 436 2546 τὸν
459 2482 632 2562 Φασηλίτην
655 2481 802 2564 ἀγόμενον
823 2481 856 2544 ἐν
878 2487 918 2567 τῷ
941 2483 1034 2567 πλοίῳ
1057 2481 1089 2544 ίκ
1113 2481 1167 2543 M&
1187 2521 1202 2529 -

232 2584 287 2662 δης
309 2583 352 2655 εἰς
374 2580 426 2643 τὸν
451 2580 570 2642 Πόντον
594 2579 680 2641 οἴνου
703 2580 862 2641 Μενδαίου
885 2579 1009 2660 κεράμια
1030 2580 1228 2660 τετρακόσια,

231 2681 429 2759 πεντήκοντα,
452 2675 521 2738 άλλο
544 2673 577 2738 δὲ
600 2672 694 2756 μηδὲν
717 2678 850 2757 φορτίον.

277 2777 360 2859 Πρὸς
396 2769 497 2838 τούσδ’
531 2773 762 2854 ἐξεμαρτύρησεν
798 2768 953 2853 Ἀρχιάδης
991 2772 1204 2850 Μνησωνίδου

230 2871 400 2956 Ἀχαρνεύς·
432 2871 606 2951 Σώστρατος
636 2871 787 2931 Φιλίππου
811 2865 1000 2948 Ἱστιαιόθεν,
1029 2868 1204 2950 Εὐμάριχος

233 2971 370 3051 Εὐβοίου
388 2967 574 3046 Ἱστιαιόθεν,
595 2967 754 3045 Φιλτιάδης
774 2966 906 3044 Κτησίου
924 2962 1106 3045 Ξυπεταιών,
1129 2972 1204 3028 Διο-

233 3069 336 3141 νύσιος
359 3065 586 3148 Δημοκρατίδου
610 3062 780 3141 Χολλείδης.

1 3186 24 3282 ’1
150 3219 179 3259 ει
282 3194 366 3281 Περὶ
389 3191 450 3279 μὲν
473 3188 618 3260 οὖντοῦ
641 3194 792 3273 πλήθους
815 3196 1005 3274 τοῦοίνου,
1029 3190 1110 3257 ὅσον
1133 3193 1205 3256 ἔδει

22 3283 24 3290 s
191 3305 313 3380 αύτούς
345 3299 508 3368 ἐνθέσθαι
535 3300 582 3376 είς
610 3299 648 3363 τὸ
675 3302 811 3379 πλοῖον,
841 3305 944 3362 ταῦτα
972 3294 1204 3380 διεπράξαντο,

190 3408 246 3477 καὶ
268 3409 411 3494 ήρξαντο
435 3406 539 3482 εὐθὺς
562 3405 720 3470 ἐντεῦθεν
739 3403 803 3468 άπὸ
823 3411 883 3468 τοῦ
900 3403 1034 3484 πρώτον
1051 3424 1194 3487 γεγραμ
1207 3415 1258 3464 οοο

191 3515 296 3598 μένου
313 3515 531 3595 παραβαίνειν
549 3507 603 3575 καὶ
622 3511 666 3594 μή
684 3519 793 3574 ποιεῖν
811 3510 850 3573 τά
868 3505 1086 3593 γεγραμμένα.
1121 3511 1206 3592 μετδι

193 3617 230 3683 δὲ
252 3616 342 3684 ταῦτ’
368 3621 458 3682 ἔστιν
481 3617 518 3682 ἐν
540 3625 579 3700 τή
603 3623 791 3700 συγγραφή,
815 3615 865 3680 ότι
888 3612 1084 3680 ύποτνθίασι
1107 3609 1203 3680 ταῦτ’
