2614 3904
166 135 232 201 360
470 139 568 193 mx.
591 137 871 218 ΔΗωοΣουαουΣ

165 299 380 382 βουλόμενος,
402 295 458 364 καὶ
480 299 538 376 τὰς
560 296 676 383 τέχνας
699 299 802 365 αὐτοῦ
825 297 880 364 καλ
898 299 955 376 τὰς
972 301 1190 382 πανουργίας

166 401 323 486 ἐμφανεῖς
351 403 430 488 ὑμῖν
458 413 657 488 καταστῆσαι
679 405 895 488 πειρώμενος,
924 403 1053 487 ἠρόμην
1076 404 1188 470 αὐτὸν

165 505 241 576 πόσ’
268 515 320 593 ελη
345 511 386 577 τὰ
408 513 557 594 χρήματα
579 510 617 575 τὸ
639 514 782 594 πλῆθος,
811 507 888 575 καθ’
916 508 1018 576 ἀπὸν
1042 510 1188 575 Μιλύαν

167 614 211 692 ὡς
234 608 334 682 εἰδότ’
355 611 525 701 ἐξῄτησεν·
549 610 646 692 οὗτος
670 611 706 681 δέ
726 616 933 700 γευσάμενος
951 611 1026 699 περὶ
1043 615 1188 680 πόντων

167 723 300 805 ἔφησεν.
344 719 442 805 ,περὶ
465 717 526 806 μέν
549 723 687 788 τοίνυν“
711 724 798 805 έφην
821 720 885 804 ἐγὼ
909 722 1053 803 ,τούτου
1074 743 1186 804 παρα·
1280 765 1281 800 3

167 827 265 893 δώσω
294 844 348 893 σοι
375 829 434 894 τὸν
463 829 579 912 ἔχοντα
601 827 809 912 τάντίγραφα
836 821 884 892 ὧν
907 828 950 893 σύ
972 851 1012 912 με
1034 827 1187 911 προύκα-
1280 811 1281 834 ἀ

127 949 153 990 ⁶²
167 932 261 1000 λέσω.
307 936 556 1019 προομόσαντος
580 931 619 1000 θέ
639 957 705 1019 μου
729 935 788 998 τὸν
811 934 994 1020 ἀνθρωπον
1017 933 1061 1010 ὡς
1084 933 1173 1016 ὡμο-
1184 946 1242 995 860
1280 965 1281 968 ¹

167 1042 310 1124 λόγησας
347 1039 528 1123 ἐλεύθερον
565 1034 651 1105 εἶναι
685 1036 740 1105 καὶ
770 1040 852 1106 κατὰ
884 1042 1050 1124 Δήμωνος
1081 1040 1183 1124 ἐμαρ-

165 1145 322 1230 τύρησας,
347 1144 388 1212 ἀν
412 1145 581 1232 ἀπομόσῃς
602 1144 761 1211 τάναντία
782 1146 910 1211 τούτων
932 1146 1014 1210 κατά
1036 1155 1094 1230 τῆς
1114 1152 1182 1212 θυ-

167 1254 297 1335 γατρός,
317 1251 439 1335 ἀφίημί
456 1268 510 1317 σοι
528 1247 630 1316 πάνθ’
653 1247 736 1335 ὑπὲρ
755 1245 803 1318 ὧν
821 1249 863 1316 ἀν
882 1250 1051 1336 ἐξαιτήσας
1069 1261 1181 1337 φανῇς

166 1357 203 1423 τὸ
222 1368 355 1441 πρῶτον
373 1356 637 1442 βασανιζομένου
654 1365 715 1422 τοῦ
733 1358 862 1439 παιδός,
884 1354 940 1424 καὶ
957 1357 1105 1445 τοσούτῳ
1124 1375 1180 1423 σοι

166 1463 316 1547 γενέσθω
348 1464 386 1529 τό
418 1460 529 1548 τίμημ’
562 1466 696 1530 ἔλαττον
725 1457 773 1530 ὧν
805 1458 928 1546 ὦφλες,
960 1460 1037 1528 καθ’
1069 1462 1086 1528 ὃ
1118 1467 1180 1530 τὸν

167 1571 304 1634 Μιλύαν
323 1568 489 1655 ἐξῄτησας,
512 1570 567 1634 ἵνα
586 1566 690 1653 μηθὲν
710 1571 878 1654 ζημιωθῇς
895 1570 984 1653 παρὰ
1002 1571 1079 1646 τοὺς
1097 1569 1179 1654 μόρ-

127 1677 299 1759 ῡστυρας.“
344 1673 434 1741 ταῦτ’
468 1674 549 1759 ἐμοῦ
577 1673 870 1758 προκαλεσαμένου
896 1679 1029 1741 πολλῶν
1055 1679 1179 1758 παρόν·

165 1804 248 1863 των,
276 1780 337 1846 οὐκ
364 1779 406 1846 ἀν
435 1783 499 1866 ἐφη
526 1789 670 1864 ποιήσαι.
716 1783 823 1846 καίτοι
851 1781 940 1857 ὅστις
967 1781 1066 1857 αὐτὸς
1088 1780 1176 1869 αὑτῷ

166 1883 256 1952 ταῦτ’
279 1889 403 1970 ἔφυγεν
426 1888 569 1968 θικάσαι,
592 1897 661 1962 πῶς
684 1885 768 1969 ὑμᾶς
789 1887 851 1971 χρή
869 1890 948 1964 τοὺς
966 1886 1177 1972 ὀμωμοκότας

165 1993 272 2081 τούτῳ
295 1992 500 2075 πιθομένους
521 2003 728 2074 καταγνῶναι
746 2002 813 2057 τῶν
831 1993 1019 2076 μαρτύρων,
1043 1987 1114 2058 ἀλλ’
1135 1994 1176 2059 οὐ

165 2107 286 2164 τοῦτον
314 2098 613 2182 ἀναισχυντότατον
640 2099 773 2164 πάντων
799 2097 989 2180 ἀνθρώπων
1012 2093 1099 2164 εἶναι
1121 2123 1176 2168 νο·

167 2207 284 2290 μίζεινς
311 2202 394 2268 ἀλλὰ
416 2203 482 2286 μήν
505 2203 549 2279 ὡς
572 2202 681 2286 ἀληθῆ
705 2201 805 2286 λέγω,
834 2204 926 2270 κάλει
948 2205 1077 2269 τούτων
1098 2209 1176 2282 τοὺς

167 2309 344 2394 μάρτυρας.
1072 2300 1080 2310 ”

570 2449 772 2502 ΜΑΡΤΤΡΕΣ.

127 2571 153 2612 ⁶4
258 2557 307 2622 Οὐ
330 2559 447 2621 τοίνυν
470 2556 533 2640 ἐγὼ
557 2552 618 2641 μέν
640 2553 738 2621 ταῦθ’
761 2555 890 2641 ἕτοιμος
910 2553 963 2641 ἠν,
989 2558 1024 2623 οί
1040 2553 1076 2624 δέ
1094 2559 1173 2643 μόρ-

165 2687 262 2749 τυρες
285 2663 326 2728 οὐ
348 2663 409 2744 τήν
432 2662 536 2745 αι’·τήν
559 2685 615 2745 μοι
638 2663 774 2746 γνώμην
797 2658 902 2746 εἶχον,
926 2663 1009 2729 ἀλλά
1031 2662 1174 2729 κάκεῖνοι

165 2769 455 2855 παραστησάμενοι
482 2771 560 2844 τοὺς
586 2769 721 2850 παῖδας,
749 2763 832 2853 ὑπέρ
860 2763 907 2832 ὧν
934 2769 1173 2854 ἐμαρτύρησαν,

165 2879 277 2942 πίστιν
310 2873 476 2938 ἐπιθεῖναι
504 2871 674 2956 ἠθέλησαν
701 2870 772 2938 κατ’
804 2873 946 2939 ἐκείνων.
973 2867 1012 2940 Ιὁ
1041 2872 1071 2940 θ’
1102 2870 1170 2940 οὔτ’

167 2983 306 3057 ἐκείνοις
329 2974 399 3044 οὔτ’
421 2977 493 3063 ἐμοὶ
517 2980 636 3044 δοῦναι
658 2980 717 3045 τὸν
736 2979 836 3062 ὅρκον
855 2979 1006 3064 ἠξίωσεν,
1029 2977 1100 3046 ἀλλ’
1122 2979 1172 3046 ἐπὶ

167 3092 278 3171 λόγοις
306 3082 589 3170 μεμηχανημένοις
615 3082 670 3149 καλ
694 3085 856 3168 μάρτυσιν
879 3085 920 3151 οὐ
942 3085 1071 3171 τάληθῆ
1094 3111 1172 3171 μαρ-

166 3204 280 3278 τυρεῖν
303 3189 507 3275 εάθισμένοις
530 3191 567 3254 τὸ
590 3199 723 3274 πρᾶγμα
744 3193 957 3274 καταστήσας,
981 3191 1100 3270 ἐλπίζει
1117 3193 1172 3280 ῥηι-

168 3301 246 3374 δίως
273 3297 358 3380 ὑμᾶς
386 3295 608 3379 ἐξαπατήσειν.
655 3293 727 3376 λάβ’
756 3291 818 3362 οὖν
841 3297 952 3374 αὐτοῖς
975 3296 1029 3364 καὶ
1051 3300 1172 3384 ταύτην

167 3405 228 3486 τήν
252 3406 443 3487 μαρτυρίαν.
