2612 3918
147 139 210 204 108
459 143 531 196 εει.
555 143 835 196 ammomum
960 209 966 219 ,

95 317 132 358 ¹⁸¹
146 312 217 367 κεῖν
244 301 288 379 ὡς
317 303 450 380 δούλοις
477 304 644 388 χρώμενος
667 314 737 381 τοῖς
760 302 958 389 ἐλευθέροις.
999 302 1155 368 ἁπάντων

145 409 260 472 τοίνυν
283 403 308 474 ὦ
327 408 447 493 ἄνδρες
466 407 638 494 Ἀθηναῖοι
656 411 794 494 τούτων,
819 405 866 477 ὧν
884 410 902 476 ὑ
921 406 981 495 μὲν
1000 404 1048 474 ὧν
1065 401 1155 474 εἷλεν

146 511 300 596 ἀποστάς,
323 513 342 579 ὑ
366 512 403 580 δὲ
425 513 481 580 καὶ
503 516 638 604 θανάτῳ
663 514 837 601 ζημιωθεὶς
856 519 1018 602 φαίνεται,
1041 519 1154 602 πολλῷ

146 617 304 705 δεινότερ’
323 613 361 685 εὑ
380 615 444 685 οἷδ’
462 620 512 686 ότι
530 623 649 698 πάντες
665 621 707 687 άν
721 618 806 689 εἶναι
820 626 962 708 φήσειαν
976 623 1015 687 τὰ
1028 622 1155 707 Μειδίᾳ

145 724 369 810 πεπραγμένα·
403 727 478 792 οὑτε
501 728 564 811 γὰρ
588 729 766 812 πομπεύων
794 729 869 795 ούτε
893 730 991 811 δίκην
1013 725 1154 814 ᾑρηκώς,

147 832 237 912 [οὔτε
264 833 490 918 παρεδρεύων]
519 829 589 899 οὔτ’
616 835 720 918 άλλην
743 842 866 918 σκῆψιν
888 837 973 919 ἔχων
996 834 1155 902 οὐδεμίαν

144 938 233 1021 πλήν
263 937 378 1026 ὑβριν,
409 948 547 1006 τοιαῦτα
578 943 755 1024 πεποίηκεν
787 933 832 1007 οἷ’
867 939 978 1018 οὐδεὶς
1009 939 1153 1006 ἐκείνων.

95 1060 132 1101 ιεε
145 1041 200 1108 καλ
223 1044 363 1121 τούτους
384 1040 446 1129 μὲν
468 1045 562 1111 ἐάσω.
601 1045 683 1110 ἀλλὰ
707 1047 846 1131 Πύρρον
869 1043 895 1112 ὦ
918 1048 1037 1132 ἄνδρες
1055 1043 1153 1130 Ἀθη·

145 1160 236 1215 ναῖοι
262 1151 321 1216 τὸν
347 1144 619 1235 Ἐτεοβουτάδην,
652 1151 864 1236 ἐνδειχθέντα
892 1153 1036 1232 δικάζειν
1063 1152 1154 1238 ὀφεί-

146 1260 246 1321 λοντα
278 1263 324 1345 τῳ
357 1258 519 1344 δημοσίῳ,
552 1258 688 1345 θανάτῳ
723 1260 885 1342 ζημιῶσαί
912 1282 1000 1337 τινες
1032 1258 1151 1343 [ὑμῶν]

146 1359 251 1448 ᾤοντο
274 1371 408 1448 χρῆναι,
436 1361 491 1428 καὶ
514 1361 676 1448 τέθνηκεν
698 1362 798 1441 άλοὺς
820 1359 898 1447 παρ’
924 1364 1017 1449 ὑμῖν·
1045 1368 1154 1432 καίτοι

145 1477 244 1533 τοῦτο
270 1469 308 1534 τὸ
336 1474 447 1553 λῆμμα
472 1462 517 1534 δι’
543 1471 689 1552 ἔνδειαν,
719 1469 759 1536 ού
783 1464 827 1537 δι’
853 1471 952 1554 ύβριν
974 1472 1154 1556 λαμβάνειν

147 1573 354 1659 ἐπεχείρησεν
388 1574 520 1652 ἐκεῖνος.
565 1573 620 1640 καὶ
648 1580 793 1654 πολλοὺς
820 1573 952 1660 ε’τέρους
978 1574 1081 1662 ἔχοιμ’
1112 1575 1154 1643 άν

147 1677 264 1763 λέγειν,
285 1675 333 1746 όιν
351 1681 387 1746 οί
402 1677 463 1765 μὲν
481 1677 630 1765 τεθυᾶσ’,
650 1682 686 1748 οί
701 1679 732 1747 δ’
751 1681 950 1768 ἠτιμωμένοι
969 1685 1024 1749 διά
1042 1688 1153 1773 πολλῷ

145 1787 273 1852 τούτων
300 1784 385 1852 είσλν
411 1787 533 1854 ἐλάττω
555 1789 737 1873 πράγματα.
781 1788 875 1873 ὑμεῖς
899 1783 960 1871 [δ’]
985 1785 1011 1855 ὦ
1034 1789 1155 1875 ἄνδρες

143 1889 316 1976 Ἀθηναῖοι
339 1897 475 1983 Σμίκρῳ
505 1894 582 1961 δέκα
609 1895 781 1961 ταλάντων
804 1894 974 1980 ἐτιμήσατε
997 1894 1050 1961 καλ
1074 1901 1153 1964 Σκί-

146 2022 226 2064 τωνι
244 2000 413 2065 τοσούτων
433 1999 563 2084 ἑτέρων,
584 2001 718 2081 δόξαντι
736 2002 911 2087 παράνομα
926 2004 1081 2088 γράφειν,
1099 2002 1155 2070 καλ

146 2106 221 2173 οὔτε
244 2107 360 2171 παιδία
378 2106 454 2172 οὔτε
476 2109 594 2191 φίλους
613 2107 689 2174 ούτε
709 2118 879 2190 συγγενεῖς
898 2105 974 2174 οὔθ’
998 2107 1155 2175 ὁντινοῦν

95 2229 132 2271 ιει
145 2212 302 2296 ἠλεήσατε
325 2222 391 2277 τίον
414 2214 589 2298 παρόντων
612 2212 757 2290 ἐκείνοις.
803 2214 847 2298 μή
870 2217 1002 2298 τοίνυν,
1029 2212 1154 2300 ἂνμὲν

145 2326 220 2405 εῖπη
247 2342 297 2396 τις
324 2318 501 2405 παράνομ’,
530 2319 636 2396 οὑτως
663 2320 868 2404 ὀργιζόμενοι
892 2323 1070 2405 φαίνεσθε,
1095 2320 1154 2387 ἐὰν

146 2421 183 2492 δὲ
207 2435 300 2512 ποιῆ,
324 2427 367 2510 μή
391 2425 485 2512 λε’γη,
508 2426 621 2510 πράως
644 2426 823 2491 διάκεισθε.
865 2423 1051 2510 οὐδὲνγὰρ
1074 2425 1149 2513 ῥῆμ’

146 2527 219 2597 οὐδ’
236 2530 330 2617 ὄνομ’
349 2533 454 2610 οὑτως
473 2529 568 2613 [ἐστί]
584 2542 654 2608 τοῖς
671 2537 807 2608 πολλοῖς
824 2531 918 2616 ὑμῶν
936 2536 1090 2617 χαλεπόν,
1109 2535 1154 2612 ὡς

146 2635 196 2703 ὅτ’
218 2639 362 2724 ὑβρίζων
379 2663 430 2717 τις
446 2639 505 2704 τόν
525 2634 700 2721 ἐντυχόνθ’
722 2637 816 2722 ὑμῶν
835 2638 1071 2720 διαπράττεται.
1108 2642 1152 2724 μή

146 2748 262 2811 τοίνυν
289 2743 383 2811 αὐτοὶ
410 2738 489 2810 καθ’
514 2743 609 2828 ὑμῶν
636 2743 746 2810 αὐτῶν
774 2745 890 2828 δεῖγμα
913 2753 1066 2811 τοιοῦτον
1087 2746 1152 2827 ἐξε-

147 2845 276 2935 νέγκητ’
299 2847 324 2915 ὦ
343 2851 462 2935 ἄνδρες
481 2848 664 2933 Ἀθηναῖοι,
684 2851 729 2926 ὡς
747 2843 800 2932 ἄρ’
820 2850 924 2935 ὑμεῖς,
947 2849 989 2918 διν
1007 2848 1068 2936 μὲν
1085 2864 1153 2919 τῶν

147 2960 289 3042 μετρίων
312 2959 386 3021 τινά
407 2954 463 3021 καὶ
482 2957 669 3039 δημοτικῶν
686 2954 806 3041 λάβηθ’
830 2956 944 3022 ὁτιοῦν
962 2958 1152 3043 ἀδικοῦντα,

147 3060 215 3128 οὔτ’
238 3057 378 3145 ἐλεήσετ’
401 3058 470 3127 οὔτ’
492 3059 644 3146 ἀφήσετ’,
670 3056 741 3127 ἀλλ’
763 3057 962 3128 ἀποκτενεῖτ’
983 3063 1004 3148 ῆ
1027 3064 1206 3150 ἀτιμώ-574

146 3187 229 3251 σετε,
252 3168 294 3234 ἂν
317 3166 353 3234 δὲ
376 3169 535 3245 πλούσιος
556 3168 604 3232 ὥν
622 3191 671 3244 τις
689 3167 815 3253 ὑβρίζῃ,
839 3170 1040 3254 συγγνώμην
1059 3169 1152 3251 ἕξετε.

146 3276 189 3359 μή
223 3272 310 3358 δῆτ’·
347 3274 388 3340 ού
419 3275 483 3359 γάρ
511 3276 654 3339 δίκαιον·
691 3269 762 3339 ἀλλ’
793 3271 845 3339 ἐπὶ
872 3273 1006 3340 πάντων
1033 3275 1154 3361 ὁμοίως

146 3379 355 3463 ὀργιζόμενοι
378 3383 549 3464 φαίνεσθε.

98 3497 135 3542 ιιι
227 3480 266 3552 ’Ἀ
284 3486 401 3552 τοίνυν
419 3484 557 3567 οὐδενὸς
576 3494 642 3548 τῶν
661 3483 843 3575 εἰρημένων
860 3480 958 3574 ἧττον
973 3486 1152 3578 ἀναγκαῖον

2 3783 7 3857 ί,
29 3817 152 3858 Α,
