2612 3918
442 151 526 203 κεν
545 150 808 205 εοοεοειεειιοε.
1069 147 1131 212 127

99 309 185 392 ιτήν
208 309 313 393 ἀρχὴν
336 309 474 396 προσῆκ’
497 309 575 377 οὐδὲ
597 312 635 377 ἓν
659 313 775 396 δήπου.
812 308 897 396 φησὶ
918 313 1035 377 τοίνυν
1058 319 1132 375 τού

125 436 182 479 τον
215 414 342 492 ἁπάσας
368 417 427 481 τὸν
453 418 577 502 τρόπον
605 416 776 502 εἰληφέναι
802 417 860 493 τὰς
886 416 1025 500 βουλάς,
1058 416 1131 482 ὅσαι

124 518 246 585 πώποτ’
269 523 382 606 ἔχουσι
404 518 481 607 παρ’
504 521 598 607 ὑμῶν
621 523 779 608 δωρειάν,
802 519 856 588 καὶ
881 521 1020 608 οὐδεμιᾷ
1042 543 1132 604 γεγε-

124 633 248 710 νήσθαι
273 627 508 712 προβούλευμα
529 629 668 693 πώποτε.
714 627 778 712 ἐγὼ
802 626 833 693 δ’
860 623 952 714 οἶμαι
974 623 1034 712 μὲν
1057 624 1132 712 ούχλ

125 731 233 815 λέγειν
256 732 358 797 αύτὸν
381 732 507 817 άληθή,
535 738 662 818 μᾶλλον
686 729 717 798 δ’
744 729 819 800 οἶδα
842 745 970 818 σαφῶς·
1002 733 1044 800 ού
1066 734 1132 818 μήν

125 833 196 905 ἀλλ’
221 841 253 906 εί
278 849 377 905 τοῦτο
403 836 526 904 τοιοῦτ’
553 836 644 905 ἐστὶν
671 841 710 904 τά
738 840 892 924 μάλιστα,
920 839 939 904 ὁ
966 842 1068 924 νόμος
1095 835 1132 905 δὲ

124 943 211 1028 λέγει
243 944 415 1028 τάναντία,
448 944 509 1029 ούχ
542 945 592 1010 ὅτι
623 945 780 1022 πολλάκις
811 944 995 1031 ἡμάρτηται
1024 947 1132 1028 δήπου

124 1053 297 1137 πρότερον,
315 1047 371 1117 διὰ
388 1047 478 1116 τοῦτ’
497 1050 776 1137 ἐπεξαμαρτητέον
794 1049 863 1117 ἐστὶ
881 1050 937 1117 καὶ
955 1059 1030 1135 νῦν,
1049 1050 1132 1117 άλλδι

124 1157 321 1224 τούναντίον
348 1156 501 1240 ἀρκτέον,
529 1157 573 1234 ὡς
602 1157 620 1222 ὁ
642 1159 745 1251 νόμος
767 1158 907 1240 κελεύει,
936 1159 1132 1223 τὰτοιαῦτα

98 1275 232 1329 ιποιείν
259 1263 453 1347 ἀναγκάζειν
481 1263 544 1329 άπὸ
573 1273 636 1329 σού
662 1264 803 1349 πρώτου.
850 1266 893 1329 σὺ
921 1265 962 1347 δή
990 1263 1033 1348 μή
1061 1258 1129 1347 λίγ’

125 1370 169 1447 ὡς
194 1369 332 1453 γέγονεν
358 1379 456 1435 τοῦτο
484 1370 655 1452 πολλάκις,
686 1365 758 1436 ἀλλ’
788 1370 832 1447 ὡς
859 1369 946 1436 οὕτω
974 1373 1133 1456 προσήκει

123 1479 309 1560 γίγνεσθαι.
345 1475 386 1540 οὐ
408 1476 472 1560 γάρ
495 1480 529 1540 εί
546 1498 579 1541 τι
601 1476 731 1542 πώποτε
750 1477 794 1560 μή
813 1476 895 1542 κατά
912 1479 991 1553 τούς
1008 1479 1133 1561 νόμους

125 1580 285 1666 ἐπράχθη,
311 1583 353 1647 σὺ
376 1577 413 1647 δὲ
435 1578 524 1646 τοῦτ’
551 1580 710 1667 ἐμιμήσω,
734 1583 791 1647 διὰ
812 1579 902 1647 τοῦτ’
929 1581 1133 1666 ἀποφεύγοις

125 1685 166 1752 άν
189 1688 335 1769 δικαίως,
357 1687 439 1753 ἀλλά
461 1691 573 1775 πολλῷ
596 1692 723 1772 μᾶλλον
745 1687 908 1754 ἁλίσκοιο·
937 1689 1046 1773 ὥσπερ
1068 1689 1132 1773 γὰρ

124 1800 158 1858 ελ
179 1817 230 1871 τις
257 1792 419 1876 [ἐκείνων]
447 1796 597 1879 προήλω,
625 1796 668 1859 σύ
694 1790 785 1860 ταῦτ’
818 1794 880 1860 οὐκ
907 1792 950 1858 ἂν
976 1796 1132 1880 ἔγραψας,

124 1899 229 1977 οὕτως
252 1899 310 1965 ἐάν
332 1903 376 1966 σὺ
398 1908 462 1966 νῦν
485 1901 582 1983 δίκην
606 1901 687 1988 δῷς,
710 1901 809 1978 ἄλλος
833 1899 874 1966 ού
896 1901 1025 1985 γράψει.

98 2025 111 2065 ι
213 2005 298 2092 Περὶ
324 2009 441 2072 τοίνυν
467 2015 528 2072 τοῦ
549 2009 658 2091 νόμου
679 2016 741 2072 τοῦ
763 2009 950 2093 διαρρήδην
973 2007 1035 2073 ούκ
1052 2005 1132 2073 ἐῶν-

123 2136 179 2191 τος
206 2111 327 2191 ἐξείναι
350 2114 394 2198 μὴ
416 2111 623 2199 ποιησαμένη
647 2123 686 2199 τῇ
709 2116 814 2198 βουλή
837 2114 895 2191 τὰς
917 2117 1061 2200 τριήρεις
1082 2117 1131 2180 κί-

123 2229 219 2305 τήσαι
237 2220 299 2304 τήν
317 2219 471 2306 δωρειάν,
492 2219 586 2299 άξιύν
604 2218 695 2285 ἐστιν
713 2219 852 2285 άκοῦσαι
869 2222 932 2305 τὴν
949 2220 1131 2303 ἀπολογίαν

123 2326 166 2409 ἣν
188 2328 370 2410 ποιήσεται,
393 2322 447 2391 καὶ
469 2331 640 2411 θεωρῆσαι
657 2327 719 2409 τήν
738 2326 910 2392 ἀναίδειαν
927 2335 988 2393 τοῦ
1006 2328 1132 2412 τρόπον

125 2425 168 2497 δι’
195 2427 243 2498 ὧν
270 2430 410 2516 ἐγχειρεῖ
435 2430 553 2515 λέγειν.
599 2431 618 2496 ὁ
643 2433 756 2516 νόμος,
779 2431 899 2516 φησὶν,
927 2432 988 2498 ούκ
1011 2431 1049 2520 ἐᾷ
1071 2434 1132 2517 τὴν

123 2539 250 2621 βουλήν
277 2539 409 2620 αἰτήσαι
435 2538 496 2620 τήν
524 2537 683 2622 δωρειάν,
715 2537 774 2604 ἐάν
801 2540 845 2622 μή
872 2541 1049 2623 ποιήσηται
1075 2540 1133 2617 τὰς

122 2647 279 2729 τριήρεις·
302 2643 462 2728 ὁμολογῶ.
508 2645 627 2708 δοῦναι
650 2643 690 2709 δε’
709 2638 742 2727 γ’
767 2644 928 2730 οὐδαμοῦ,
953 2644 1047 2730 φησὶ,
1069 2669 1131 2711 κω-

124 2751 195 2816 λύει
218 2751 277 2815 τὸν
300 2752 415 2835 δήμου.
461 2749 524 2833 ἐγὼ
548 2747 579 2814 δ’
606 2752 638 2815 εί
659 2746 719 2834 μὲν
742 2745 837 2816 ἔδωκ’
863 2751 1016 2838 αἰτούση,
1044 2753 1132 2836 παρὰ

123 2858 183 2924 τὸν
200 2859 306 2942 νόμον
324 2862 452 2944 εἴρηκα·
473 2859 504 2921 εί
521 2851 559 2921 δὲ
577 2857 622 2940 μή
640 2859 819 2941 πεποίημαι
837 2859 954 2942 μνείαν
972 2855 1047 2943 περὶ
1065 2868 1131 2923 τῶν

123 2973 210 3028 νεῶν
232 2961 269 3028 ἐν
292 2963 358 3051 ὅλφ
381 2970 426 3050 τῷ
449 2965 647 3046 ψηφίσματι,
671 2959 743 3027 ἀλλ’
768 2959 850 3047 ἕτερ’
873 2963 953 3028 ἄττα
975 2961 1060 3047 λέγω
1083 2962 1128 3029 δι’

124 3067 145 3133 δ
167 3071 228 3153 τήν
250 3070 378 3152 βουλὴν
400 3079 564 3152 στεφανῶ,
587 3079 655 3144 πῶς
677 3069 765 3153 παρὰ
787 3069 845 3133 τὸν
869 3071 975 3154 νόμον
993 3075 1182 3154 είρηκαςῡοο

98 3176 193 3240 ιέστι
220 3175 262 3257 δή
284 3175 367 3259 πρὸς
388 3168 480 3239 ταῦτ’
506 3173 547 3238 οὐ
570 3173 713 3257 χαλεπὸν
735 3174 775 3238 τά
798 3171 896 3238 δίκαι’
924 3173 1005 3257 ὑμῖν
1027 3173 1131 3242 ἀντει-

122 3292 209 3364 πείν,
232 3280 283 3345 ὅτι
304 3290 437 3365 πρῶτον
458 3276 518 3363 μέν
537 3279 573 3343 οί
588 3279 846 3364 προεδρεύοντες
861 3288 919 3363 τῆς
936 3282 1060 3363 βουλῆς
1077 3278 1131 3344 καλ

124 3387 142 3452 δ
169 3383 260 3452 ταῦτ’
290 3386 496 3469 ἐπιψηφιῗων
523 3383 696 3468 ἐπιστάτης
722 3383 861 3469 ἠρώτων
887 3382 942 3449 καὶ
970 3386 1130 3469 διαχειρο·

122 3493 238 3558 τονίαν
270 3491 454 3586 ἐδίδοσαν,1
475 3491 539 3580 δτφ
569 3492 663 3556 δοκεῖ
688 3492 826 3576 δωρειᾶς
853 3489 951 3570 ἀξίως
977 3489 998 3573 ή
1025 3492 1131 3574 βουλή
