2616 3910
167 174 234 239 426
454 176 561 230 xxxv,
585 173 891 248 [εεκοεοεεουν]

170 329 265 401 οἰνου
289 337 388 422 Κῷον
416 333 471 402 καί
499 331 571 402 ἄλλ’
597 337 692 418 ἄττα,
719 333 773 402 καί
796 343 900 400 ταῦτα
922 337 1052 418 ἔφασαν
1073 336 1181 400 πάντα
1282 395 1283 416 ,

171 440 471 526 ἀντιφορτισθέντα
489 442 620 526 μέλλειν
639 441 778 524 ἀπάγειν
793 438 963 523 Ἀθήναζε,
981 441 1014 506 εἰ
1029 441 1073 525 μὴ
1094 441 1181 504 ἀπώ-

132 565 157 606 εε
171 549 245 611 λετο
269 545 306 612 έν
332 553 378 633 τῳ
401 549 515 635 πλοίῳ.
560 544 615 612 καί
639 545 659 610 δ
683 543 744 630 μέν
767 549 868 629 έλεγε,
891 542 981 610 ταῦτ’
1009 541 1064 629 ἦν·
1087 545 1181 624 ἄξιον

171 645 201 716 δ’
226 651 365 717 ἀκοῦσαι
388 653 449 736 τὴν
471 653 652 736 βδελυρίαν
674 663 741 717 τῶν
764 651 955 735 ἀνθρώπων
976 652 1105 718 τούτων
1126 649 1181 716 καὶ

169 757 231 840 τὴν
253 757 486 840 ψευδολογίαν.
525 761 607 842 πρός
629 779 664 822 τε
687 757 751 841 γὰρ
774 759 811 822 τὸ
834 760 954 822 πλοῖον
976 757 1013 824 τὸ
1036 766 1181 839 υαυαγη-

170 878 235 927 σαν
262 858 362 928 οὐδὲν
388 858 432 946 ἦν
459 863 571 938 αύτοίς
599 865 820 946 συμβόλαιον,
852 859 924 927 ἀλλ’
955 857 999 944 ἦν
1025 859 1136 946 ἕτερος
1163 861 1181 927 ὁ

172 967 370 1045 δεδανεικὼς
388 963 581 1052 Ἀθήνηθεν
602 966 656 1033 έπί
678 973 724 1056 τῷ
747 970 860 1055 ναύλῳ
882 976 928 1056 τη]
949 969 996 1044 εἰς
1014 968 1074 1032 τὸν
1093 969 1181 1032 Πόν-

170 1095 230 1138 τον
261 1071 316 1139 καὶ
349 1067 398 1138 ἐπ’
429 1073 519 1161 αὐτῷ
546 1080 591 1161 τῷ
620 1076 725 1161 πλοίῳ
753 1069 981 1154 (Ἀντίπατρος
1007 1073 1112 1156 ὄνομα
1139 1069 1182 1156 ἦν

170 1186 216 1265 τῷ
242 1179 460 1262 δεδανεικότι,
484 1179 618 1256 Κιτιεύς
638 1179 677 1243 τὸ
700 1173 822 1266 γένος)·
854 1181 893 1243 τό
915 1171 944 1243 τ’
970 1179 1122 1262 οἰνάριον
1144 1180 1182 1245 τὸ

171 1287 271 1370 Κῷον
299 1284 504 1370 ὀγδοήκοντα
532 1285 671 1368 στάμνοι
695 1283 903 1367 ἐξεστηκότος
927 1289 1040 1366 οἰνου,
1066 1281 1121 1350 καὶ
1144 1285 1182 1349 τὸ

170 1389 303 1475 τάριχος
338 1390 505 1479 ἀνθρώπῳ
538 1387 605 1456 τινὶ
636 1396 772 1479 γεωργῷ
803 1391 1035 1472 παρεκομιῖετο
1066 1389 1105 1455 έν
1136 1399 1181 1478 τῷ

171 1499 276 1586 πλοίῳ
303 1495 339 1562 ἐκ
363 1499 614 1562 Παντικαπαίου
641 1496 688 1571 εἰς
711 1495 912 1576 Θεοδοσίαν,
937 1505 1009 1570 τοῖς
1031 1494 1183 1579 ἐργάταις

170 1612 240 1678 τοῖς
266 1600 341 1685 περὶ
367 1601 429 1685 την
456 1603 621 1685 γεωργίαν
643 1606 797 1684 χρῆσθαι.
842 1603 877 1665 τί
897 1594 960 1665 οὖν
982 1602 1104 1676 ταύτας
1124 1603 1183 1678 τὰς

130 1725 157 1767 ει
171 1707 354 1792 προφάσεις
385 1706 558 1790 λέγουσιν;
596 1703 697 1772 οὐδὲν
728 1708 791 1790 γὰρ
824 1709 992 1792 προσηκει.
1037 1710 1097 1771 καί
1125 1731 1182 1791 μοι

171 1810 251 1896 λαβὲ
278 1814 339 1897 τὴν
365 1816 565 1898 μαρτυρίαν,
593 1821 725 1897 πρῶτον
752 1808 813 1897 μέν
839 1813 901 1894 τὴν
925 1810 1172 1878 Ἀπολλωνίδου
1183 1830 1233 1879 εει

171 1918 222 1985 ὅτι
240 1915 453 2002 Ἀντίπατρος
473 1913 517 2002 ἦν
539 1918 557 1984 ὁ
581 1919 735 1995 δανείσας
757 1916 808 1984 έπί
832 1927 878 2006 τῷ
901 1919 1021 2006 πλοίῳ,
1050 1919 1183 1994 τούτοις

172 2023 202 2091 δ’
238 2022 310 2090 οὐδ’
345 2024 459 2091 ὁτιοῦν
490 2026 648 2108 προσήκει
679 2032 737 2108 τῆς
767 2026 945 2106 ναυαγίας,
976 2025 1087 2088 ἔπειτα
1119 2025 1183 2108 τὴν

168 2125 396 2215 Ἐρασικλέους
421 2127 476 2195 καί
503 2131 565 2213 την
587 2126 734 2212 Ἱππίου,
765 2129 817 2195 ὅτι
843 2129 1047 2216 ὀγδοήκοντα
1075 2131 1182 2213 μόνον

170 2237 309 2321 κεράμια
331 2236 494 2320 παρήγετο
518 2234 555 2301 έν
578 2243 624 2322 τῷ
646 2239 759 2323 πλοίῳ.

572 2429 776 2482 MAPTTPIAI.

256 2534 472 2619 Ἀπολλωνίδης
499 2535 744 2621 Ἁλικαρνασσεύς
776 2544 920 2620 μαρτυρεῖ
946 2537 1057 2602 εἰδέναι
1083 2539 1184 2601 δανεί-

216 2657 308 2700 σαντα
332 2633 538 2718 Ἆντίπατρον,
565 2635 667 2698 Κιτιέα
692 2636 725 2699 τὸ
752 2635 851 2718 γένος,
882 2636 1014 2719 χρήματα
1037 2633 1184 2721 Ἳβλησίῳ

215 2736 257 2807 εἰς
280 2733 332 2796 τδν
350 2734 471 2796 Πόντον
493 2732 542 2795 έπί
564 2743 599 2819 τῇ
621 2733 673 2812 νηί
695 2730 734 2812 ἣν
753 2729 907 2814 ’Ἰβλήσιος
926 2732 1109 2812 ἐναυκλήρει,
1132 2732 1185 2794 καῖ

215 2838 255 2918 τῷ
282 2832 383 2916 ναύλῳ
409 2837 449 2915 τῷ
478 2832 520 2904 εἰς
547 2829 598 2892 τδν
621 2829 754 2892 Πόντον·
781 2836 937 2892 κοινωνεῖν
965 2828 997 2892 δὲ
1019 2829 1070 2892 καί
1092 2829 1184 2903 αὐτὸς

215 2937 268 3008 τῆς
294 2926 368 3001 νεὼς
391 2924 548 3015 Ἶβλησίῳ,
574 2925 625 2988 καί
651 2931 794 3006 συμπλεῖν
820 2925 927 2990 ἑαυτοῦ
955 2925 1069 3000 οἰκέτας
1091 2925 1124 2987 έν
1147 2935 1184 3012 τῇ

216 3026 282 3105 νηί,
313 3023 364 3086 καί
391 3023 437 3086 ὅτε
465 3025 615 3105 διεφθάρη
642 3021 661 3103 ἡ
690 3034 780 3104 ναῦς,
808 3029 945 3104 παρεῖναι
971 3024 1041 3097 τοὺς
1070 3021 1185 3096 οἰκέτας

216 3121 287 3194 τοὺς
309 3119 416 3182 ἑαυτοῦ
439 3120 489 3183 καί
511 3119 699 3202 ἀπαγγέλλειν
722 3119 826 3207 ἕαυτφῖ,
849 3120 899 3183 καί
917 3120 962 3186 δτι
978 3117 998 3200 ἡ
1016 3129 1092 3194 ναῦς
1109 3120 1184 3200 κενὴ

217 3217 366 3298 διεφθάρη
394 3217 602 3299 παραπλέουσα
629 3219 671 3290 εἰς
701 3217 863 3280 Θεοδοσίαν
891 3215 923 3279 ἐκ
946 3218 1185 3278 Παντικαπαίου.

133 3328 159 3371 ει
258 3310 431 3396 Ἐρασικλῆς
458 3321 601 3396 μαρτυρεῖ
620 3320 763 3396 συμπλεῖν
786 3310 929 3400 Ἷβλησίῳ
952 3315 1106 3394 κυβερνῶν
1128 3313 1185 3392 τὴν

216 3420 294 3472 ναῦν
317 3409 371 3487 τὴν
394 3412 437 3484 εἰς
459 3411 511 3472 τὸν
533 3411 669 3491 Πόντον,
696 3411 746 3473 καί
768 3411 817 3473 ὅτε
837 3409 977 3493 παρέπλει
998 3406 1018 3488 ἡ
1041 3421 1117 3482 ναῦς
1141 3411 1186 3484 εἰς

220 3505 383 3570 Θεοδοσίαν
414 3507 447 3570 έκ
477 3511 719 3589 Παντικαπαίου,
755 3506 864 3570 εἰδέναι
895 3506 986 3586 κενὴν
1017 3507 1073 3582 τὴν
1104 3517 1185 3570 ναῦν

1086 3839 1290 3857 ...l-⁵
