2616 3910
478 223 578 274 νιτωε
597 222 821 275 Φοεωιοειοε.
1087 219 1152 285 439

146 380 208 463 τὴν
227 379 376 464 ἀδελφὴν
399 390 456 464 τῆς
476 385 597 447 τούτου
614 383 771 464 γυναικὸς
789 384 882 465 ἔχων.
917 389 1020 445 ταῦτα
1038 383 1154 446 τοίνυν

147 487 259 570 λαβὼν
281 483 336 551 καὶ
359 484 455 570 ἀφεὶς
478 485 632 551 ἁπάντων
654 498 722 552 τῶν
745 485 971 570 ἐγκλημάτων,
1000 487 1109 572 ὥσπερ
1133 485 1153 569 ἢ

147 592 281 656 πάντων
302 593 496 657 τεθνεώτων
518 593 645 657 τούτων
665 592 686 675 ἢ
705 601 763 676 τῆς
781 591 938 676 ἀληθείας
957 591 998 657 οὐ
1016 607 1154 675 γενησο-

147 695 248 780 μένης
266 705 422 781 φανερᾶς,
442 698 539 780 δίκην
556 699 726 763 τοσούτων
740 697 910 762 ταλάντων
925 698 1035 782 λαχὼν
1048 701 1153 784 τολμᾷ

149 802 349 880 δικάζεσθαι.

107 927 134 968 ιε
241 907 294 971 Tac·
305 904 366 992 μὲν
385 903 447 973 οὖν
464 907 675 992 πεπραγμένα
693 906 748 973 καὶ
764 907 965 991 γεγενημένα
982 912 1154 992 Φορμίωνι

147 1013 230 1095 πρὸς
253 1009 519 1098 Ἀπολλόδωρον,
547 1013 579 1092 ἐξ
604 1012 705 1099 ἀρχῆς
727 1007 843 1078 ἅπαντ’
869 1011 1021 1096 ἀκηκόατ’
1049 1009 1074 1078 ὦ
1098 1014 1154 1078 άν-

149 1120 225 1203 δρες
239 1116 420 1203 Ἀθηναῖοι.
457 1113 548 1202 οἶμαι
567 1113 596 1182 δ’
615 1113 864 1203 Ἀπολλόδωρον
882 1122 1026 1200 τουτονί,
1045 1115 1207 1184 οὐδὲνοσο

149 1227 265 1310 ἔχοντα
289 1226 418 1289 δίκαιον
441 1226 545 1289 εἰπεῖν
568 1222 643 1308 περὶ
666 1219 713 1288 ὧν
737 1224 875 1307 ἐγκαλεῖ,
899 1224 981 1308 άπερ
1002 1225 1090 1308 παρὰ
1108 1233 1153 1312 τῷ

149 1331 298 1415 διαιτητῇ
322 1329 431 1412 λέγειν
453 1328 586 1413 ἐτόλμα,
609 1328 700 1394 ταῦτ’
727 1329 830 1413 ἐρεῖν,
854 1331 898 1406 ὡς
920 1331 960 1395 τὰ
982 1323 1151 1414 γράμμαθ’

148 1435 169 1519 ἡ
196 1439 302 1520 μήτηρ
324 1435 487 1519 ηφάνικεν
509 1431 672 1500 πεισθεῖσ’
699 1435 763 1500 ὑπὸ
786 1437 923 1518 τούτου,
950 1433 1155 1500 καὶτούτων

149 1541 370 1607 ἀπολωλότων
388 1541 450 1606 οὐκ
468 1543 534 1626 ἔχει
551 1545 626 1606 τίνα
644 1543 706 1627 χρη
724 1545 848 1625 τρόπον
866 1539 957 1607 ταῦτ’
976 1541 1154 1626 ἐξελέγχειν

109 1668 135 1708 ιε
150 1647 300 1732 ἀκριβῶς.
345 1643 420 1731 περὶ
443 1647 484 1730 δη
507 1648 635 1711 τούτων
658 1645 712 1712 καὶ
734 1648 854 1730 ταύτης
876 1656 934 1732 της
956 1649 1062 1724 αἰτίας
1084 1646 1153 1713 σκέ-

148 1750 252 1830 ψασθ’
279 1747 365 1834 ἡλίκ’
391 1752 434 1816 άν
455 1775 505 1828 τις
527 1753 595 1837 έχοι
618 1750 763 1836 τεκμήρι’
790 1754 894 1817 εἰπεῖν
917 1752 967 1817 ότι
989 1754 1153 1830 ψεύδεται.

148 1869 281 1943 πρῶτον
304 1854 364 1942 μέν
386 1859 449 1941 γάρ
473 1853 498 1922 ὦ
522 1859 641 1942 ἄνδρες
660 1855 848 1941 Ἀθηναῖοι,
873 1861 923 1935 τίς
946 1856 1085 1942 ἐνείματ’
1113 1857 1155 1923 διν

148 1967 188 2029 τά
214 1973 348 2052 πατρῷα
370 1964 415 2047 μὴ
439 1964 551 2046 λαβὼν
573 1964 761 2048 γράμματα,
790 1963 822 2044 ἐξ
847 1957 894 2029 ὧν
916 1966 1050 2050 ἔμελλεν
1073 1971 1155 2030 εῖσε-

150 2077 232 2135 σθαι
267 2072 328 2152 την
363 2073 642 2153 καταλειφθεῖσαν
672 2069 804 2148 οὐσίαν;
846 2064 925 2135 οὐδὲ
958 2061 1005 2145 εἷς
1037 2071 1154 2153 δήπου.

148 2177 255 2240 καίτοι
278 2175 376 2239 δυοῖν
399 2171 504 2239 δέοντ’
527 2180 651 2240 είκοσιν
674 2176 729 2258 έτη
754 2173 843 2239 ἐστὶν
866 2174 899 2253 ἐξ
923 2174 1002 2240 ὅτου
1026 2175 1154 2260 ἐνείμω,

148 2278 204 2345 καλ
222 2279 284 2344 οὐκ
302 2278 344 2344 διν
361 2282 448 2363 έχοις
466 2278 635 2361 ἐπιδεῖξαι,
655 2281 699 2356 ὡς
717 2279 910 2357 ἐνεκάλεσας
923 2281 1055 2345 πώποθ’
1071 2279 1154 2366 ὑπὲρ

108 2409 136 2449 ιο
148 2396 215 2450 τῶν
238 2385 445 2468 γραμμάτων.
484 2384 641 2469 δεύτερον
664 2381 711 2467 δὲ,
734 2387 784 2461 τίς
807 2385 868 2450 οὐκ
891 2383 943 2468 δν,
966 2385 1064 2469 ἡνίκα
1085 2391 1154 2452 Πα-

149 2495 263 2573 σικλῆς
285 2489 369 2573 ἀνὴρ
391 2490 537 2572 γεγονὼς
560 2487 722 2572 ἐκομίζετο
745 2491 804 2555 τὸν
828 2492 930 2573 λόγον
952 2500 1009 2574 τῆς
1028 2491 1155 2577 ἐπιτρο-

149 2606 227 2679 πῆς,
255 2598 286 2660 εί
312 2593 354 2660 δι’
383 2594 485 2659 αὑτοῦ
512 2596 552 2658 τά
574 2589 736 2677 γράμματ’
764 2596 862 2661 ὤκνει
884 2597 947 2680 τὴν
968 2594 1080 2684 μητέρ’
1107 2603 1156 2665 αί-

148 2707 285 2766 τιᾶσθαι
313 2698 566 2784 διεφθαρκέναι,
598 2700 704 2788 τούτῳ
732 2699 822 2766 ταῦτ’
855 2701 1036 2788 ἐδήλωσεν,
1068 2704 1156 2783 ὅπως

150 2809 206 2873 διά
227 2808 348 2873 τούτου
370 2802 459 2870 ταῦτ’
482 2804 643 2891 ἠλέγχθης
667 2811 780 2891 τρίτον
804 2801 847 2889 δ’,
872 2808 907 2874 ἐκ
929 2813 1035 2875 ποίων
1053 2835 1152 2896 γραμ·

149 2913 261 2995 μάτων
288 2915 345 2988 τὰς
372 2913 465 2988 δίκας
492 2911 681 2996 ἐλάγχανες;
713 2907 811 2991 οὗτος
837 2915 900 2999 γάρ
927 2921 1063 2993 πολλοῖς
1089 2930 1155 2984 τῶν

148 3023 293 3084 πολιτῶν
316 3019 408 3095 δίκας
429 3020 603 3102 λαγχάνων
623 3020 729 3085 πολλὰ
751 3015 888 3104 χρήματ’
914 3021 1156 3109 εἰσπέπρακται,

148 3127 288 3212 γράφων
310 3127 357 3202 είς
379 3124 419 3189 τὰ
437 3124 620 3208 ἐγκλήματα
639 3123 785 3208 ,ἔβλαψέ
800 3121 834 3209 μ’
855 3126 873 3191 δ
893 3125 974 3193 δεῖν’
997 3129 1058 3194 οὐκ
1077 3129 1156 3195 άπο-

150 3233 265 3308 διδοὺς
293 3229 363 3315 ἐμοὶ
391 3231 427 3295 τὸ
456 3229 632 3315 ἀργύριον,
660 3230 678 3296 ὃ
701 3231 872 3296 κατέλιπεν
896 3232 913 3298 ὁ
936 3235 1042 3319 πατὴρ
1066 3235 1155 3319 ὀφεί-

108 3359 136 3398 ιι
150 3336 239 3403 λοντ’
269 3337 371 3403 αὐτὸν
397 3334 432 3401 ἐν
455 3347 523 3413 τοῖς
546 3337 764 3421 γράμμασιν“.
810 3341 916 3403 καίτοι
939 3340 971 3405 εί
991 3340 1155 3424 ἠφάνιστο

149 3445 190 3508 τά
216 3443 403 3527 γράμματα,
436 3440 471 3506 ἐκ
498 3445 603 3507 ποίων
631 3444 831 3527 γραμμάτων
857 3445 915 3521 τάς
942 3445 1035 3520 δίκας
1062 3443 1155 3529 ἐλάγ-

150 3572 265 3634 χανεν;
284 3547 366 3612 ἀλλὰ
385 3548 451 3632 μὴν
469 3547 519 3612 ὅτι
536 3545 627 3613 ταῦτ’
648 3547 756 3632 άληθη
776 3547 871 3632 λέγω,
890 3549 951 3632 την
969 3547 1030 3633 μὲν
1048 3553 1154 3634 νομὴν
