2590 3900
188 169 254 236 288
498 172 580 224 xxv,
604 168 884 222 ιααοεοεαοττ

188 329 231 397 δν
253 333 285 399 εί
305 325 453 416 καθῆσθ’
479 331 602 415 ἐράνου
624 332 809 416 πληρωταί,
832 331 891 396 τὸν
914 325 975 413 μέν
997 329 1202 412 πειθόμενον

187 438 318 515 τούτοις
348 439 393 514 ὡς
419 436 564 521 φέροντα
592 437 653 520 την
679 445 737 520 της
764 439 927 521 σωτηρίας
955 435 1066 519 φορὰν
1093 436 1201 519 πληρη

188 553 229 629 τη
251 546 396 629 πατρίδι,
419 553 518 628 τιμᾶν
535 541 590 608 καὶ
609 543 767 625 ἐπαινεῖν,
791 543 849 607 τὸν
868 539 899 607 δ’
922 540 1128 607 ἀπειθοῦντα
1145 563 1202 606 κο-

149 667 175 708 υ
188 651 305 730 λάζειν.
351 653 469 736 ἔρανος
495 649 559 734 γάρ
588 647 656 715 ἐστι
683 649 851 724 πολιτικὸς
877 644 933 712 καὶ
959 647 1071 724 κοινὸς
1093 643 1197 711 πάνθ’

189 757 262 839 ὅσα,
284 755 455 834 ταξάντων
476 766 544 821 τῶν
566 756 690 839 νόμων,
714 752 850 830 ἕκαστος
872 751 967 837 ἡμῶν
988 763 1085 818 ποιεί.
1122 751 1202 818 δνὸ

188 863 312 928 λείπων
335 857 361 927 δι
385 861 505 946 ἀνδρες
524 857 697 944 Ἀθηναῖοι
719 860 826 925 πολλὰ
846 857 902 925 καί
920 859 1005 924 καλὰ
1022 856 1079 924 καί
1097 859 1202 943 σεμνά

188 965 243 1033 καὶ
269 962 383 1052 μεγάλ’
414 967 510 1051 ὑμῶν
537 966 725 1051 ἀφαιρεῖται
752 962 808 1030 καί
836 964 1027 1050 διαφθείρει
1054 965 1092 1030 τὸ
1119 961 1198 1032 καθ’

149 1089 175 1130 ¹³
188 1074 299 1139 αὑτόν.
345 1067 393 1138 ὧν
425 1073 462 1138 ἓν
489 1071 509 1156 ἢ
538 1065 591 1137 δύ’
622 1071 686 1155 ἐρῶ
713 1070 978 1156 παραδείγματος
1005 1071 1129 1153 εἵνεκα,
1161 1072 1203 1136 τὰ

188 1178 434 1263 γνωριμώτατα.
479 1177 517 1242 τὸ
543 1177 605 1260 την
627 1177 755 1260 βουλὴν
777 1177 856 1252 τοὺς
878 1178 1116 1255 πεντακοσίους
1137 1176 1202 1242 ἀπὸ

187 1294 246 1368 τῆς
278 1283 470 1366 [ἀσθενοῦς]
503 1280 675 1366 τοιαυτησὶ
706 1282 875 1365 κιγκλίδος
905 1292 974 1348 των
1005 1281 1204 1367 ἀπορρήτων

188 1393 309 1475 κυρίαν
332 1384 434 1472 εἶναι,
456 1387 511 1454 καὶ
535 1389 579 1473 μὴ
602 1390 681 1466 τοὺς
705 1388 838 1465 ἰδιώτας
860 1386 1054 1455 ἐπεισιέναι·
1081 1389 1119 1455 τὸ
1141 1389 1204 1472 την

188 1495 222 1574 ἐξ
247 1493 376 1581 Ἀρείου
402 1495 513 1578 πάγου
539 1497 681 1577 βουλήν,
710 1495 791 1560 ὅταν
818 1493 855 1561 ἐν
877 1503 917 1580 τῇ
940 1497 1097 1584 βασιλείῳ
1119 1503 1202 1581 στοᾷ

189 1600 392 1686 καθεζομένη
416 1604 710 1686 περισχοινίσηται,
733 1602 814 1666 κατά
837 1602 964 1685 πολλὴν
984 1600 1126 1684 ἡσυχίαν
1145 1599 1198 1685 ἐφ’

190 1706 308 1792 ἑαυτης
331 1702 427 1791 εἶναι,
450 1704 506 1772 καὶ
529 1707 675 1785 ἅπαντας
698 1704 848 1772 ἐκποδὼν
867 1706 1067 1792 ἀποχωρεῖν·
1089 1707 1125 1774 τὸ
1144 1708 1203 1783 τάς

189 1814 291 1900 ἀρχάς
318 1811 460 1896 ἀπάσας,
488 1813 567 1889 ὅσας
594 1812 630 1879 οί
654 1814 810 1897 λαχόντες
835 1813 996 1897 άρχουσιν
1018 1813 1128 1897 ὑμῶν,
1155 1819 1202 1899 τῷ

189 1922 248 1986 τὸν
279 1917 447 2004 ὑπηρέτην
479 1920 584 1984 εἰπεῖν
611 1916 808 2003 ,μετάστητ’
841 1917 929 1997 ἐξω“
957 1929 1024 1985 των
1052 1921 1203 2003 νομίμων

189 2038 323 2112 κρατεῖν
350 2022 403 2110 ἐφ’
431 2016 482 2101 οἷς
509 2022 795 2110 εἰσεπέμφθησαν,
823 2024 878 2091 καὶ
902 2023 984 2110 μηδὲ
1007 2028 1086 2101 τοὺς
1109 2023 1203 2089 άσελ-

151 2149 178 2190 24
190 2132 368 2216 γεστάτους
386 2131 571 2214 βιάζεσθαι·
590 2131 673 2196 ἀλλα
692 2134 803 2215 μυρία.
834 2131 941 2197 πάντα
959 2131 1023 2215 γάρ
1041 2131 1082 2195 τά
1098 2131 1203 2213 σεμνά

191 2237 246 2305 καλ
269 2239 352 2304 καλά
374 2234 429 2302 καί
453 2234 497 2302 δι’
521 2232 569 2302 ὧν
591 2235 612 2320 η
635 2239 730 2312 πόλις
751 2247 922 2321 κοσμεῖται
939 2234 994 2303 καί
1013 2235 1158 2324 σῴζεται,
1181 2234 1203 2318 ἡ

192 2344 410 2429 σωφροσύνη,
433 2343 517 2427 πρὸς
539 2345 617 2419 τοὺς
640 2341 759 2424 γονέας
781 2341 836 2408 καὶ
859 2345 938 2420 τοὺς
959 2339 1204 2427 πρεσβυτέρους

190 2448 286 2533 ὑμῶν
308 2447 329 2531 ἡ
354 2450 443 2534 παρὰ
466 2458 533 2513 τῶν
555 2447 642 2513 νέων
665 2449 823 2533 αίσχύνη,
845 2446 866 2531 ἡ
890 2447 1036 2529 εὐταξία,
1063 2455 1104 2531 τῇ
1125 2457 1195 2512 τῶν
1205 2459 1256 2509 771

190 2556 305 2638 νόμων
324 2556 499 2639 προσθήκη
518 2565 585 2618 τῶν
606 2555 752 2639 αίσχρῶν
770 2556 927 2638 περίεστι,
949 2563 1007 2637 τῆς
1025 2552 1205 2637 ἀναισχυν-

190 2665 277 2742 τίας,
305 2669 363 2744 τῆς
389 2661 614 2744 θρασύτητος,
642 2669 700 2742 τῆς
726 2659 904 2738 ἀναιδείας.
951 2660 1068 2744 ίταμὸυ
1095 2659 1204 2744 γάρὴ

191 2768 336 2850 πονηρία
358 2762 414 2830 καὶ
436 2766 602 2849 τολμηρὸν
619 2763 674 2830 καὶ
693 2766 796 2850 τομὸν
814 2763 869 2831 καί
887 2767 1129 2846 πλεονεκτικόν,
1148 2763 1205 2829 καὶ

191 2872 390 2938 τούναντίον
419 2871 439 2954 ἡ
468 2874 713 2955 καλοκαγαθία,
740 2871 880 2956 ἡσύχιον
903 2869 958 2937 καί
982 2870 1126 2956 ὀκνηρὸν
1149 2869 1205 2938 καί

193 2980 301 3066 βραδὺ
315 2975 370 3044 καί
385 2978 497 3044 δεινὸν
512 2978 746 3060 ἐλαττωθῆναι.
777 2980 856 3056 τοὺς
869 2980 993 3062 νόμους
1008 2971 1071 3042 οὖν
1086 2978 1140 3043 δεῖ
1150 3001 1205 3063 τη-

193 3097 264 3171 ρεῖν
289 3081 344 3150 καί
366 3083 506 3160 τούτους
529 3085 686 3168 ίσχυροὺς
707 3094 816 3149 ποιεῖν
838 3085 917 3161 τοὺς
939 3082 990 3148 ἀεὶ
1014 3084 1205 3164 δικάζοντας

191 3190 300 3275 ὑμῶν·
319 3190 399 3274 μετά
417 3191 481 3274 γάρ
500 3190 629 3255 τούτων
648 3191 684 3255 οί
699 3187 835 3275 χρηστοὶ
853 3201 920 3256 τῶν
938 3200 1096 3275 πονηρῶν
1114 3192 1204 3275 περί-

153 3315 179 3355 ιε
194 3313 286 3361 εισιν.
324 3298 356 3361 εί
377 3292 414 3362 δέ
437 3297 492 3380 μὴ,
516 3297 648 3362 λέλυται
667 3291 776 3378 πάντ’,
800 3295 971 3385 ἀνέῳκται,
995 3293 1204 3380 συγκέχυται,

193 3412 260 3466 τῶν
283 3403 519 3487 πονηροτάτων
541 3400 596 3468 καὶ
619 3402 865 3468 ἀναιδεστάτων
887 3402 907 3487 ἡ
930 3404 1025 3479 πόλις
1047 3405 1205 3485 γίγνεται.

194 3504 274 3589 φέρε
296 3507 360 3592 γάρ
383 3508 465 3591 πρὸς
488 3513 589 3591 θεῶν,
614 3510 645 3573 εί
666 3507 802 3587 ἕκαστος
823 3520 891 3575 τῶν
914 3509 951 3576 ἐν
971 3517 1011 3592 τῇ
1030 3511 1125 3574 πόλει
1143 3509 1206 3591 την
