2644 4182
174 168 217 227 14
495 163 554 216 XX.
579 162 858 215 ΔΗΜΟΣΘΕΝΟΤΣ

170 323 226 389 δεῖ
243 325 369 406 ταύτην
392 323 612 407 ἀποστερῆσαι
635 321 697 404 την
719 321 863 405 δωρειὰν
886 319 948 405 τὴν
966 321 1076 401 πόλιν,
1099 317 1183 383 ὥστε

169 429 501 512 προσκατασκευάσας
532 427 691 512 ἐμπόριον
725 427 931 510 Θευδοσίαν,
963 424 982 490 ὅ
1013 441 1118 509 φασιν
1150 421 1186 488 οί

169 532 325 612 πλέοντες
347 531 422 600 οὐδ’
444 533 558 600 ὁτιοῦν
579 544 691 617 χεῖρον
709 527 796 597 εἶναι
814 541 875 597 τοῦ
893 531 1082 616 Βοσπόρου,
1103 527 1181 594 κάν-

169 637 269 706 ταῦθ’
287 641 389 706 ἔδωκε
407 640 468 723 τὴν
487 639 637 705 ἀτέλειαν
650 637 737 723 ἡμῖν.
761 635 816 703 καὶ
830 638 871 702 τά
885 632 946 722 μὲν
960 638 1043 703 ἀλλα
1057 644 1183 715 σιωπῶ,

169 741 264 823 πόλλ’
283 743 325 810 ἀν
344 747 429 830 ἔχων
446 746 562 827 εἰπεῖν,
582 738 632 810 ὑσ’
650 740 863 826 εὐεργέτηκεν
880 743 965 829 ὑμᾶς
984 735 1081 817 οὑτος
1097 739 1183 822 ἀνὴρ

170 850 291 928 καύτὸς
317 849 372 916 καὶ
401 851 437 917 οί
460 853 634 934 πρόγονοι·
672 849 755 914 ἀλλά
783 845 996 934 πρωπέρυσιν
1018 846 1183 921 σιτοδείας

169 957 260 1042 παρά
283 964 385 1022 πᾶσιν
408 955 599 1039 ἀνθρώποις
619 953 809 1038 γενομένης,
833 953 874 1019 ού
892 956 997 1037 μόνον
1014 951 1095 1036 ὑμῖν
1113 951 1128 1015 ί
1167 989 1182 1000 -

170 1063 233 1127 νὺν
251 1071 346 1127 σῖτον
364 1057 543 1142 ἀπέστειλ’,
566 1059 649 1125 ἀλλά
667 1068 838 1140 τοσοῦτον,
859 1059 942 1124 ὥστε
959 1049 1181 1124 πεντεκαίδεκ’

171 1166 334 1252 ἀργυρίου
347 1162 503 1248 τάλανθ’,
522 1163 543 1230 ἀ
561 1162 795 1248 Καλλισθένης
813 1161 988 1252 διῴκησεν,
1006 1181 1184 1246 προσπερι-

131 1296 157 1337 u
171 1271 338 1356 γενέσθαι.
381 1274 417 1336 τί
441 1265 504 1336 οὖν
531 1266 639 1337 οίεσθ’
666 1264 693 1335 δ)
720 1270 840 1354 ἀνδρες
864 1267 1037 1353 Ἀθηναῖοι
1063 1277 1184 1335 τοῦτον

171 1380 231 1443 τὸν
251 1388 403 1444 τοιοῦτον
420 1375 496 1464 περὶ
513 1376 599 1462 ὑμᾶς
616 1375 849 1461 γεγενημένον,
870 1375 929 1442 έὺν
947 1375 1073 1460 ἀκούση
1091 1378 1183 1462 νόμω

171 1484 233 1567 τὴν
260 1483 410 1551 ἀτέλειαν
436 1483 522 1568 ὑμᾶς
550 1480 785 1569 ἀφηρημένους
813 1481 931 1565 αὑτόν,
958 1480 1014 1547 καί
1038 1475 1114 1566 μηδ’
1140 1479 1183 1545 ἀν

172 1589 333 1675 μεταδόξη
351 1585 430 1655 ποτὶ
448 1588 702 1672 ψηφισαμένους
720 1585 842 1665 ἐξεῖναι
860 1588 992 1666 δούναι;
1012 1581 1066 1670 ἀρ’
1084 1586 1183 1670 ἀγνο-

172 1689 239 1760 εῖθ’
261 1695 312 1762 ὅτι
334 1695 434 1772 αὑτὸς
452 1698 554 1779 νόμος
573 1689 671 1770 οὗτος
689 1692 818 1759 ἐκεῖνόν
835 1689 863 1758 τ’
886 1693 1103 1777 ἀφαιρήσεται
1121 1693 1184 1775 τὴν

172 1799 333 1883 ἀτέλειαν,
355 1801 470 1885 κύριος
492 1797 534 1863 ἀν
555 1798 700 1883 γε’νηται,
724 1797 779 1864 καὶ
796 1798 893 1882 ὑμῶν
909 1802 988 1877 τοὺς
1004 1794 1080 1883 παρ’
1102 1798 1183 1864 έκεί-

132 1929 159 1972 τε
172 1929 236 1971 νου
262 1914 494 1989 σιτηγοῦντας;
532 1903 573 1970 οὑ
591 1893 663 1987 ’γάρ
692 1905 802 1988 δηπου
823 1908 922 1971 τοῦτό
945 1898 975 1988 γ’
999 1904 1184 1989 ὑπείληφεν

172 2012 295 2094 ούδείς,
318 2013 362 2088 ὑς
386 2011 512 2087 ἐκεῖνος
534 2009 703 2094 ὑπομενεῖ,
727 2009 832 2098 ἑαυτῷ
856 2005 917 2095 μὲν
935 2009 1079 2093 ἀκύρους
1097 2006 1183 2076 εἶναι

171 2119 230 2194 τάς
247 2112 324 2202 παρ’
340 2117 436 2201 ὑμῶν
454 2117 604 2200 δωρειάς,
623 2115 703 2200 ὑμῖν
722 2112 759 2182 δὲ
777 2115 889 2201 μένειν
902 2117 961 2193 τάς
973 2110 1050 2200 παρ’
1067 2114 1182 2204 ἑαυτῷ.

172 2223 296 2289 οὐκοῦν
323 2225 405 2309 πρὸς
431 2227 567 2299 πολλοῖς
594 2214 645 2299 οἷς
671 2222 812 2306 βλάύειν
834 2222 918 2306 ὑμᾶς
941 2221 959 2288 ό
981 2224 1083 2305 νόμος
1105 2226 1182 2305 φαί-

171 2353 278 2412 νεται,
310 2327 366 2395 καὶ
397 2332 677 2415 προσαφαιρεῖταί
703 2352 736 2392 τι
766 2339 834 2393 των
864 2327 1081 2414 ὑπαρχόντων
1108 2328 1183 2412 ἥδη.

65 2473 67 2477 -
171 2431 239 2501 τίδ’
265 2435 359 2520 ὑμεῖς
387 2438 435 2500 ἔτι
457 2431 601 2500 σκοπεῖτ’
628 2437 660 2498 εί
680 2434 742 2518 χρὴ
767 2442 887 2499 τοῦτον
910 2432 1091 2516 ἐξαλεῖψαι,
1117 2431 1235 2502 καλῖεε

172 2541 214 2606 οὐ
245 2542 346 2606 πύλαι
376 2541 617 2625 βεβούλευσὺες
656 2539 830 2624 ἀνάγνωδι
861 2539 973 2623 λαβὼν
1003 2539 1116 2616 αὑτοῖς
1141 2540 1182 2604 τδ

172 2643 355 2731 ψηφίσματ’
382 2646 465 2712 αύτά
487 2649 527 2712 τά
550 2643 625 2732 περὶ
647 2654 708 2710 τοῦ
730 2647 915 2722 Λεύκωνος.

562 2858 791 2910 ΨΗΦΙΣΜΑΤΑ.

133 2989 160 3030 τε
257 2961 314 3042 Ὡς
333 2960 394 3048 μὲν
413 2967 546 3041 εἰκότως
563 2960 619 3028 καὶ
636 2965 772 3040 δικαίως
788 2963 943 3048 τετύχηκε
961 2973 1018 3046 τῆς
1036 2962 1182 3039 ἀτελείας

172 3068 249 3155 παρ’
274 3071 369 3157 ὑμῶν
397 3070 416 3137 ὑ
440 3072 596 3153 Λεύκων,
625 3066 777 3153 ἀκηκόατ’
804 3069 840 3134 έκ
866 3080 934 3134 τῶν
959 3069 1182 3153 ψηφισμάτων

173 3173 198 3243 ὑ
222 3178 341 3262 ἀνδρες
364 3178 523 3242 δικασταί
564 3177 693 3241 τούτων
716 3172 746 3240 δ’
773 3175 928 3241 ἀπάντων
951 3177 1072 3259 στήλας
1093 3175 1181 3241 ἀντι-

172 3285 324 3368 γράφους
342 3281 499 3367 ἐστήσαθ’
515 3282 610 3367 ὑμεῖς
627 3281 788 3365 κάκεῖνος,
807 3283 868 3366 τὴν
882 3277 943 3367 μὲν
957 3279 994 3346 έν
1007 3284 1182 3369 Βοσπόρῳ,

172 3392 232 3473 την
263 3385 293 3455 δ’
324 3389 361 3455 έν
388 3394 554 3474 Πειραιεῖ,
586 3389 647 3472 τὴν
677 3384 707 3453 δ’
739 3385 791 3471 ἐφ’
817 3385 917 3476 Ἱερῷ.
961 3399 1112 3453 σκοπεῖτε
1139 3389 1181 3472 δὴ

173 3496 254 3573 πρὸς
284 3495 364 3579 ὅσης
389 3498 504 3572 κακίας
530 3494 720 3578 ὑπερβολὴν
747 3492 832 3579 ὑμᾶς
859 3492 877 3559 ό
904 3496 1006 3577 νόμος
1032 3494 1182 3577 προάγει,
