2616 3910
145 124 211 189 488
435 125 559 179 xxm
583 123 861 179 ΔΗυοΣοευοετ

145 278 176 350 σ’
203 282 356 371 ἐνέγραψ’
384 279 491 369 ὄνομ’,
519 290 554 352 εἰ
576 307 626 362 τις
649 287 773 367 ἔροιτο,
801 284 950 350 Βοιωτὸν
973 281 1015 348 ἂν
1038 288 1155 360 εἰποις·

105 407 131 447 ⁸1
145 399 245 457 τοῦτο
271 393 335 474 γὰρ
363 393 528 476 εἰσήχθης.
575 390 700 457 ούκοῦν
726 391 854 472 δεινὸν,
882 391 913 454 εἰ
933 397 991 472 της
1014 387 1075 472 μὲν
1099 391 1157 454 πύ-

146 501 228 574 λεως
258 495 312 563 καί
344 509 410 563 τῶν
437 494 493 563 ὑπ’
523 495 654 563 έκείνου
681 494 972 579 καταλειφθέντων
999 493 1054 560 διά
1080 495 1157 560 τού-

144 607 232 686 νοβα
253 612 353 669 τοῦτο
375 601 507 688 μέτεστί
526 618 591 682 σοι,
618 611 716 668 τοῦτο
740 599 770 668 δ’
798 601 901 680 ἀξιοῖς
924 597 1020 685 άφείς
1041 598 1157 682 ἕτερον

145 707 352 792 μεταθέσθαι
383 717 501 796 σαυτῷ.
552 702 641 794 φέρ’,
672 712 708 773 εἰ
735 700 766 772 σ’
797 706 816 772 δ
847 707 954 790 πατήρ
986 705 1158 784 ἀξιώσειεν

146 813 304 896 ἀναστάς,
332 813 353 898 ή
381 813 494 898 μένειν
516 810 571 899 ἐφ’
598 807 639 880 οὗ
663 811 693 879 σ’
720 813 820 892 αὐτὸς
842 809 1009 896 ἐποιήσατ’
1036 811 1158 896 ὀνόμιι·
1285 871 1286 884 .

145 941 217 1002 τος,
244 918 265 1003 ἢ
293 914 406 1005 πατέρ’
432 921 535 986 ἄλλον
562 927 689 986 σαυτοῦ
716 919 858 1002 φάσκειν
886 913 986 1000 εἰναι,
1014 911 1066 1003 ἆρ’
1094 919 1158 984 ούκ
1285 909 1286 936 ³

145 1022 187 1089 δν
215 1021 318 1111 μέτρι’
345 1025 460 1106 ἀξιοῦν
488 1027 617 1109 δοκοίης
646 1024 749 1092 ταύτά
775 1027 893 1091 τοίνυν
916 1017 1008 1089 ταῦτ’
1034 1023 1097 1107 ἐγώ
1122 1021 1152 1090 6’
1285 1055 1286 1058 ¹

146 1129 235 1212 ἀξιῶ,
259 1130 280 1216 ή
302 1133 426 1217 πατρὸς
445 1133 551 1198 ἄλλου
569 1133 693 1198 σαυτὸν
711 1132 954 1217 παραγράφειν,
976 1129 997 1214 ή
1017 1123 1153 1213 τοῦνομ’

105 1253 132 1294 ⁸²
146 1238 232 1321 ἔχειν
255 1236 273 1303 δ
296 1249 405 1315 κεῖνος
423 1237 526 1304 ἔδωκέ
543 1253 606 1304 σοι.
641 1238 683 1322 νή
702 1235 776 1320 Δί’,
800 1231 872 1303 ἀλλ’
893 1235 989 1319 ὕβρει
1006 1234 1061 1301 καί
1080 1234 1156 1319 έπή-

145 1345 218 1428 ρεέᾳ
245 1340 310 1408 τινί
337 1340 427 1409 τοῦτ’
459 1342 556 1428 έτέθη
585 1359 648 1409 σοι.
693 1342 776 1408 ἀλλά
803 1342 963 1418 πολλάκις
989 1337 1065 1426 μὲν,
1096 1335 1142 1406 ὅτ’
1159 1353 1231 1404 1004

146 1445 207 1512 οὐκ
229 1443 368 1514 ἐποιεῖθ’
390 1447 409 1514 δ
431 1449 538 1534 πατήρ
560 1450 710 1532 τούτους,
733 1450 849 1531 ἔλεγον
873 1441 966 1512 οὗτοι
989 1447 1034 1523 ώς
1054 1442 1155 1512 οὐδέν

145 1557 277 1638 χείρους
300 1552 385 1620 εἰσίν
408 1553 444 1620 οἰ
464 1563 521 1640 τής
543 1555 666 1638 μητρὸς
683 1563 741 1640 τής
759 1554 881 1620 τούτου
900 1564 1071 1636 συγγενεῖς
1088 1563 1156 1617 τῶν

144 1669 205 1726 τοῦ
227 1659 350 1744 πατρὸς
371 1659 506 1745 τούμοῦ.
543 1662 633 1726 ἔστιν
657 1656 688 1724 δ’
716 1659 734 1725 ὁ
757 1661 904 1736 Βοιωτὸς
927 1659 1075 1742 ἀδελφοῦ
1097 1667 1156 1741 τής

145 1765 265 1830 τούτου
297 1766 419 1850 μητρὸς
450 1766 564 1850 δνομα.
616 1765 728 1849 έπειδή
762 1762 791 1830 δ’
823 1764 969 1848 εἰσάγειν
1001 1764 1019 1830 ὁ
1048 1765 1154 1846 πατήρ

145 1870 284 1948 τούτους
310 1870 523 1954 ήυαγκάζετο,
552 1870 633 1955 έμοῦ
657 1869 922 1956 προεισηγμένου
944 1869 1153 1951 Μαντιθέου,

145 1974 232 2040 οὕτω
258 1983 379 2040 τοῦτον
402 1975 527 2059 εἰσάγει
548 1978 712 2059 Βοιωτόν,
739 1977 799 2041 τὸν
822 1975 969 2059 ἀδελφὸν
993 1973 1023 2040 δ’
1052 1975 1155 2040 αὐτοῦ

146 2082 335 2165 Πάμφιλον.
381 2078 451 2146 έπεί
483 2083 525 2147 σύ
558 2081 686 2164 δελξον,
723 2081 813 2159 ὅστις
840 2079 1029 2166 Ἀθηναίων
1058 2077 1150 2146 ταῦτ’

145 2187 249 2269 ὄνομα
279 2189 374 2268 [τοῖς]
404 2186 507 2254 αὑτοῦ
534 2186 650 2253 παισίυ
677 2189 773 2253 ἔθετο
802 2188 913 2253 δυοῖν·
945 2186 1008 2253 κάν
1034 2187 1155 2272 δείξῃς,

145 2291 208 2374 έγώ
237 2292 439 2376 συγχωρήσω
467 2287 511 2358 δι’
537 2292 693 2377 έπήρειάν
720 2308 775 2358 σοι
801 2301 900 2358 τοῦτο
927 2292 1074 2377 τούνομα
1095 2289 1154 2356 θέ-

105 2415 131 2455 ⁸⁸
145 2405 228 2463 σθαι
254 2399 314 2464 τὸν
340 2398 473 2484 πατέρα.
519 2403 626 2465 καίτοι
654 2405 687 2464 εἰ
705 2421 743 2482 γε
765 2407 915 2476 τοιοῦτος
937 2394 1041 2482 ήσθα,
1070 2397 1153 2463 ὥστε

144 2507 350 2588 ποιήσασθαι
372 2500 433 2588 μέν
457 2507 581 2570 σαυτὸν
604 2505 798 2588 ἀναγκάσαι,
822 2505 855 2582 ἐξ
875 2501 1003 2570 ὅτανδ’
1027 2503 1153 2588 άρέσεις

145 2609 259 2696 ἐκείνῳ
291 2611 417 2694 τρόπον
448 2612 492 2694 μή
525 2621 677 2693 σκοπεῖν,
711 2609 773 2674 οὐκ
805 2605 884 2692 ἦσθ’
916 2601 989 2676 οἷον
1017 2611 1070 2675 δεῖ
1094 2611 1153 2674 τὸν

144 2712 342 2798 προσήκοντ’
363 2710 448 2780 εἶναι
466 2713 541 2800 περί
559 2719 637 2792 τοὺς
656 2714 783 2798 γονέας,
803 2715 864 2781 οὐκ
883 2715 930 2781 ὢν
949 2715 978 2781 δ’
998 2716 1058 2780 οὐκ
1076 2715 1153 2798 ἐπη-

145 2822 262 2906 ρεάζου
290 2822 424 2898 δικαίως
449 2820 506 2904 άν,
534 2816 606 2887 ἀλλ’
632 2821 828 2898 ἀπωλώλεις.
873 2821 894 2906 ή
917 2822 1031 2887 δεινόν
1053 2818 1083 2905 γ’
1110 2821 1153 2887 δίυ

145 2932 212 3012 εἰη,
240 2928 271 2992 εἰ
296 2927 377 2992 κατά
404 2922 465 3012 μέν
492 2938 560 2992 τῶν
582 2928 648 2994 ὑπὸ
671 2937 731 2992 τοῦ
753 2929 876 3012 πατρὸς
898 2928 1001 2995 αὐτοῦ
1023 2931 1119 3012 νομιζ
1138 2969 1153 2980 -

144 3032 254 3117 μένων
281 3034 410 3097 παίδων
438 3034 473 3098 οἰ
498 3031 572 3117 περί
599 3044 667 3098 τῶν
693 3031 821 3116 γονέων
847 3033 1022 3118 ἰσχύσουσι
1044 3037 1153 3118 νόμοι,

144 3140 226 3203 κατὰ
248 3149 316 3203 τών
339 3135 369 3203 δ’
392 3137 514 3215 αὑτοὺς
536 3139 792 3224 εἰσβιαζομένων
815 3141 955 3216 άκοντας
972 3147 1152 3222 ποιεῖσθαι,

145 3245 263 3328 άκυροι
285 3247 488 3328 γενήσονται.
889 3255 890 3258 ’

104 3369 131 3410 ει
229 3345 316 3414 Ἀλλ’
333 3345 359 3416 ώ
377 3352 582 3436 χαλεπώτατε
596 3351 732 3435 Βοιωτέ,
751 3353 890 3436 μάλιστα
909 3348 970 3436 μὲν
989 3346 1036 3417 ών
1053 3351 1152 3436 πράτ-

144 3477 210 3531 τεις
236 3455 369 3520 πάντων
396 3466 535 3539 παῦσαι,
563 3459 595 3522 εἰ
619 3455 649 3523 δ’
676 3460 739 3543 άρα
762 3459 805 3543 μή
829 3459 958 3542 βούλει,
986 3458 1091 3523 έκεῖνό
1114 3479 1151 3537 γε
