2644 4182
507 168 606 219 111202
625 141 827 221 Λαμπάδα.
1129 165 1174 228 45
1193 224 1195 228 ι

157 318 207 391 ὧν
235 325 334 403 αύτδς
361 327 515 411 ἥμαρτεν.
563 327 594 391 εἰ
620 323 656 392 δὲ
683 330 866 412 φανήσεται
895 328 1091 406 σπουδάζων
1118 324 1172 392 καὶ

159 433 406 516 διατεινόμενος
432 433 550 518 κύριον
577 443 686 498 ποιεῖν
707 411 768 498 τὸν
789 435 911 516 νόμον,
939 431 1003 515 έγὼ
1026 429 1087 516 μὲν
1111 432 1172 497 οὐκ

102 558 142 597 ιιι
158 540 222 623 ἔχω
244 537 314 614 πῶς
333 535 506 619 ἐπαινέσω,
529 537 645 621 ψέγειν
663 535 694 603 δ’
717 537 758 604 οὐ
777 539 948 622 βούλομαι.
985 534 1090 622 μηδὲν
1108 531 1171 602 οὖν

158 647 325 728 φιλονίκει
349 647 512 728 Λεπτίνη,
537 641 620 728 μηδὲ
643 645 758 727 βιάζου
781 653 936 710 τοιοῦτον
959 641 1004 708 δι’
1031 638 1072 708 οὗ
1094 638 1168 726 μήτ’

158 749 259 827 αὐτὸς
292 749 398 829 δόξεις
428 753 568 834 βελτίων
600 745 686 815 εἶναι
713 744 795 834 μηθ’
826 751 862 816 οί
885 747 1078 825 πεισθέντες
1106 764 1171 829 σοι,

158 856 266 932 άλλως
296 877 331 920 τε
362 852 418 920 καὶ
450 855 671 941 γεγενημένον
706 872 760 920 σοι
795 855 944 939 τάγῶνος
978 854 1170 920 ἀκινδύνου.

158 962 215 1026 διά
242 960 305 1045 γάρ
332 961 370 1026 τὸ
397 965 589 1045 τελευτῆσαι
611 961 791 1026 Βάθιππον
817 962 877 1027 τὸν
899 957 1033 1026 τουτουὶ
1056 952 1168 1042 πατέρ’

155 1064 375 1152 Ἀψεφίωνος,
403 1065 441 1144 δς
468 1067 571 1132 αὐτὸν
598 1062 642 1133 ἔτ’
669 1061 746 1132 ὄνθ’
771 1067 967 1133 ὑπεύθυνον
994 1066 1171 1152 ἐγράψατο,

159 1173 302 1256 ἐξῆλθον
325 1172 361 1237 οί
380 1174 506 1257 χρόνοι,
529 1169 585 1238 καλ
605 1181 670 1237 νῦν
688 1170 763 1256 περὶ
782 1172 886 1239 αὐτοῦ
903 1182 965 1238 τοῦ
982 1175 1089 1256 νόμον
1108 1181 1172 1248 πᾶς

160 1273 234 1345 ἐσθ’
260 1278 278 1344 δ
300 1281 410 1362 λόγος,
433 1279 540 1365 τούτῳ
564 1276 593 1343 δ’
621 1277 732 1355 οὐδείς
755 1276 846 1343 ἐστιν
868 1279 1034 1354 κίνδυνος.

105 1403 145 1444 us
249 1386 368 1450 Καίτοι
394 1381 449 1450 καὶ
471 1381 561 1450 τοῦτ’
588 1383 698 1449 όκούω
721 1399 758 1448 σε
781 1381 906 1466 λέγειν,
930 1384 975 1460 ὡς
996 1385 1061 1468 άρα
1083 1393 1171 1467 τρεῖς

159 1489 200 1556 σέ
228 1513 315 1567 τινες
346 1490 553 1573 γραφόμενοι
582 1492 737 1573 πρότεροι
763 1483 857 1554 τοῦδ’
887 1487 949 1554 οὐκ
976 1487 1169 1572 ἐπεξῆλθον.
1233 1574 1235 1578 ¹

159 1598 192 1662 εί
212 1593 273 1682 μέν
295 1599 411 1662 τοίνυν
434 1594 582 1678 ἐγκαλῶν
605 1594 718 1672 αὐτοῖς
740 1592 860 1678 λέγεις,
884 1595 934 1660 ὅτι
957 1591 988 1659 σ’
1015 1593 1057 1658 ού
1079 1592 1170 1659 κατέ-

160 1719 286 1786 στησαν
317 1704 364 1778 είς
394 1701 571 1783 κίνδυνον,
604 1701 922 1783 φιλοκινδυνότατος
951 1700 1085 1765 πάντων
1112 1698 1171 1764 άν-

160 1809 308 1893 θράπων
329 1803 373 1873 ελ·
401 1809 432 1872 εί
452 1803 489 1872 δέ
512 1809 688 1890 τεκμήριον
710 1814 788 1891 ποιῇ
810 1808 934 1871 τοῦτα
957 1799 1056 1871 δίκαι’
1083 1806 1170 1889 είρη-

159 1913 263 1996 κέναι,
282 1916 358 1980 λίαν
376 1913 497 1996 εὔηθες
509 1922 622 1989 ποιεῖς.
649 1914 685 1977 τί
694 1913 758 1996 γάρ
772 1913 881 1979 εἵνεκα
895 1913 1017 1978 τούτου
1030 1914 1170 1995 βελτίων

160 2017 233 2087 ἔσθ’
261 2019 279 2086 δ
302 2021 415 2102 νόμος,
441 2024 475 2083 εί
492 2041 543 2095 τις
564 2016 585 2102 ἢ
608 2019 836 2100 τετελεύτηκεν
858 2029 925 2084 τῶν
946 2017 1170 2102 γραψαμένων

160 2124 240 2211 πρὶν
262 2127 436 2206 είσελθεῖν,
460 2121 480 2207 ἢ
503 2122 654 2200 πεισθεὶς
673 2124 739 2190 ὑπὸ
759 2133 821 2189 σοῦ
840 2125 1052 2209 διεγράψατο,
1075 2123 1170 2208 ἢκαλ

160 2232 245 2308 ὅλως
272 2230 338 2295 ὑπὸ
367 2238 430 2294 σοῦ
457 2228 727 2314 παρεσκευάσθης
760 2228 843 2294 ἀλλὰ
869 2237 972 2294 ταῦτα
1000 2225 1061 2314 μὲν
1090 2227 1170 2296 οὐδὲ

162 2336 269 2419 λέγειν
290 2337 401 2400 καλόν.

110 2463 149 2503 ue
239 2439 415 2524 Ἥιρηνται
445 2435 482 2505 δδ
508 2447 554 2528 τφ
582 2442 674 2526 νόμφ
702 2439 854 2504 σύνδικοι
881 2437 937 2504 καὶ
965 2437 1102 2524 μάλισθ’
1136 2442 1172 2507 ολ

160 2543 265 2612 δεινοί
291 2544 400 2628 λέγειν
428 2545 562 2630 ἄνδρες,
595 2545 780 2628 Λεωδάμας
803 2540 980 2629 Ἀχαρνεὺς
1006 2545 1062 2612 καὶ
1086 2541 1169 2634 Ἀρι

160 2663 294 2737 στοφῶν
316 2649 483 2734 Ἀζηνιεὺς
508 2648 564 2716 καλ
586 2651 820 2736 Κηφισόδοτος
846 2649 883 2716 έκ
905 2650 1087 2736 Κεραμέων
1113 2652 1169 2720 καὶ

159 2760 296 2834 Δεινίας
318 2755 472 2841 Ἑρχιεύς.
518 2753 539 2820 ἃ
566 2756 608 2839 δὴ
635 2756 718 2840 πρὸς
744 2756 890 2834 τούτους
905 2757 1165 2843 ὑπολαμβάνοιτ’

160 2862 202 2929 ἂν
229 2865 377 2946 εἰκότως,
404 2861 581 2944 ἀκούσατε,
609 2857 664 2926 καὶ
691 2857 837 2927 σκοπεῖτ’
863 2861 922 2928 ίδν
948 2863 1029 2947 ὑμῖν
1057 2866 1169 2931 δίκαια

160 2972 329 3054 φαίνηται.
363 2963 575 3053 πρῶτονμὲν
592 2967 675 3052 πρὸς
687 2968 922 3052 Λεωδάμαντα.
959 2962 1057 3048 οὗτος
1075 2970 1169 3056 έγρά-

160 3085 245 3152 ψατο
266 3074 329 3157 τὴν
353 3074 502 3156 Χαβρίου
526 3072 679 3157 δωρειάν,
703 3070 740 3136 έν
762 3064 783 3158 ᾗ
806 3071 896 3138 τοῦτ’
922 3076 1029 3139 ἔνεστι
1051 3079 1089 3142 τὸ
1112 3086 1170 3160 τῆς

161 3179 306 3256 ἀτελείας
328 3189 396 3244 τῶν
418 3177 532 3266 ίκείνφ
557 3201 589 3242 τι
613 3176 795 3260 δοθέντων,
818 3176 873 3243 καὶ
895 3180 978 3261 πρὸς
990 3180 1085 3264 ύμᾶς
1103 3183 1135 3248 εἰ
1155 3222 1170 3232 -
1195 3237 1197 3244 .

114 3303 148 3345 ιιι
161 3287 271 3351 ελθὼν
297 3283 438 3369 ἡττήθη·
473 3282 509 3348 οί
531 3284 628 3368 νόμοι
657 3279 687 3347 δ’
719 3282 781 3348 οὐκ
808 3283 886 3350 ἐῶσι
914 3282 967 3362 δὶς
993 3288 1075 3371 πρὸς
1101 3290 1160 3354 τὸν
1170 3298 1222 3349 σου
1296 3331 1297 3354 ;

159 3391 262 3457 αὐτὸν
287 3388 452 3474 περὶτῶν
475 3389 586 3455 αὐτῶν
608 3389 685 3455 ούτε
709 3390 802 3467 δίκας
825 3388 896 3457 οὔτ’
923 3391 1071 3471 εὐθύνας
1093 3396 1169 3462 ούτε
1295 3429 1296 3436 ¹

160 3498 371 3563 διαδικασίαν
396 3489 466 3562 οὔτ’
492 3496 573 3561 άλλο
596 3493 719 3562 τοιοῦτ’
747 3492 847 3563 οὐδὲν
869 3492 963 3564 εἶναι.
1009 3485 1109 3585 χωρὶς
1132 3498 1168 3567 δὲ
1295 3477 1296 3529 Ῑ
