2616 3910
505 151 604 202 ΠΡΟΣ
622 151 814 204 ΔΔΚΡΙΤΟΝ,
1099 151 1183 213 423,

155 305 316 392 ἐλεύθερα
342 306 399 374 καὶΙ
424 307 539 374 οὐδενὶ
567 307 667 375 οὐδὲν
695 310 900 394 ὀφείλοντες,
928 308 983 377 καὶ
1011 311 1060 376 ὅτι
1090 307 1162 376 οὐδ’

113 431 141 470 22
155 411 419 478 ἐπιδανείσονται
442 413 495 479 ἐπὶ
518 416 648 492 τούτοις
670 411 747 500 παρ’
770 415 915 492 οὐδενός.
953 425 1055 481 ταῦτα
1075 417 1166 500 διαρ-

155 519 262 602 ρήδιγν
280 517 460 604 γέγραπται
479 515 505 584 ὦ
524 521 643 605 ἀνδρες
663 522 821 586 δικασταί.
860 515 953 586 οὗτοι
973 517 1009 586 δὲ
1028 525 1063 586 τί
1078 521 1166 586 ἐποί-

154 640 255 706 ήσαν;
279 624 500 709 ἀμελήσαντες
521 637 590 691 τῶν
612 625 848 711 γεγραμμένων
871 625 909 693 ἐν
929 635 968 712 τῇ
989 634 1165 710 συγγραφῇ

156 730 360 808 δανείζονται
386 732 475 816 παρά
501 755 592 808 τινος
618 735 812 814 νεανίσκου,
840 731 1100 815 ἐξαπατήσαντες
1122 731 1167 807 ὡς

154 833 268 900 ούδενλ
298 831 399 902 οὐδέν
422 836 624 921 ὀφείλοντες
653 835 708 903 καὶ
731 837 816 921 ἡμᾶς
837 861 872 903 τε
894 837 1165 922 παρεκρούσαντο

153 938 209 1006 καὶ
236 943 362 1007 ἔλαθον
390 943 621 1027 δανεισάμενοι
649 941 702 1009 ἐπὶ
729 954 799 1020 τοῖς
823 941 1008 1028 ἡμετέροις,
1026 929 1166 1008 ’ἐκεῖνόν

153 1069 188 1111 τε
215 1048 275 1112 τὸν
300 1051 480 1114 νεανίσκον
504 1050 565 1114 τὸν
592 1050 791 1114 δανείσαντα
814 1047 1021 1132 ἐξηπάτησαν
1044 1049 1089 1126 ὡς
1112 1045 1162 1114 ἐπ’

154 1151 346 1238 ἐλευθέροις
367 1164 437 1232 τοῖς
459 1157 603 1239 χρήμασι
622 1157 863 1239 δανειζόμενοι·
883 1163 1020 1220 τοιαῦτα
1037 1155 1166 1220 τούτων

154 1256 223 1323 ἐστὶ
246 1260 286 1324 τδι
307 1264 572 1345 κακουργήματα.
608 1269 712 1326 ταῦτα
736 1256 772 1326 δέ
795 1258 890 1325 πάντ’
913 1259 982 1326 ἐστὶ
1004 1261 1045 1324 τδ
1069 1263 1165 1344 σοφί-

155 1381 261 1448 σματα
283 1369 453 1448 Λακρίτου
474 1369 619 1431 τουτουί.
655 1366 707 1431 ὅτι
730 1361 760 1432 δ’
787 1365 898 1450 ἀλιγδή
918 1365 1002 1450 λέγω
1022 1364 1076 1430 καὶ
1095 1365 1165 1431 ἐπε-

155 1471 350 1536 δανείσαντο
373 1474 523 1556 χρήματα
545 1472 634 1555 παρὰ
656 1473 718 1556 τήν
741 1475 954 1555 συγγραφήν,
980 1473 1167 1555 μαρτυρίαν

114 1593 141 1634 τε
155 1575 381 1658 ἀναγνώσεται
399 1577 479 1661 ὑμίν
497 1577 681 1643 αὐτοῦτοῦ
699 1576 976 1654 ἐπιδανείσαντος.
1012 1575 1085 1659 λέγε
1103 1575 1167 1660 τήν

155 1683 350 1766 μαρτυρίαν.
762 1677 764 1680 ’
1065 1707 1067 1711 ·

561 1823 751 1875 mmm.
852 1808 854 1812 ’

166 1981 169 1987 ,
235 1931 361 2016 ’Ἁρατος
380 1930 624 2016 Ἁλικαρνασσεὺς
647 1940 790 2017 μαρτυρεῖ
809 1934 942 1997 δανεῖσαι
957 1928 1166 2020 Ἀπολλοδώρῳ
1238 1968 1239 1976 ¹

199 2029 303 2092 ένδεκα
329 2041 406 2110 μνᾶς
433 2029 576 2112 ἀργυρίου
603 2030 652 2092 ἐπὶ
679 2041 714 2116 τῇ
741 2030 882 2116 ἐμπορίᾳ,
908 2027 948 2110 ἣν
975 2024 1047 2112 ἦγεν
1074 2029 1107 2092 ἐν
1130 2039 1165 2116 τή

195 2123 351 2208 Ἳβλήσίου
373 2127 426 2206 νήί
448 2129 490 2200 εἰς
513 2127 564 2189 τὸν
587 2127 724 2207 Πόντον,
746 2127 796 2189 καί
818 2134 880 2200 τοῖς
902 2127 1019 2209 ἐκεῖθεν
1042 2125 1165 2208 ἀνταγο-

199 2230 346 2305 ρασθεῖσι,
368 2224 419 2286 καὶ
442 2224 482 2304 μή
507 2223 615 2286 εἰδέναι
638 2223 729 2286 αὐτὸν
752 2221 976 2304 δεδανεισμένον
999 2223 1080 2305 παρὰ
1100 2219 1165 2285 ’Av-
1228 2279 1229 2282 ,

199 2318 357 2400 δροκλέους
380 2319 535 2402 ἀργύριον·
565 2320 602 2382 ού
624 2319 679 2402 γὰρ
702 2319 741 2382 ἀν
764 2321 897 2382 δανεῖσαι
918 2319 1008 2394 αὐτὸς
1028 2315 1165 2382 Ἀπολλο-

199 2417 284 2504 δώρφ
306 2415 338 2478 τὸ
362 2415 513 2499 ἀργύριον.
1068 2485 1070 2491 s

113 2547 144 2587 τι
244 2527 293 2592 Ac
312 2523 373 2612 μέν
396 2531 598 2612 πανουργίαι
620 2537 768 2594 τοιαῦται
790 2539 858 2594 τῶν
880 2528 1070 2610 ἀνθρώπων
1089 2528 1166 2598 τού·

155 2657 222 2700 ταν
246 2635 340 2698 είσίν.
377 2634 556 2716 γέγραπται
579 2630 620 2698 δὲ·
639 2635 720 2717 μετὰ
742 2644 844 2700 ταῦτα
867 2634 904 2700 ἐν
925 2643 965 2720 τῇ
988 2644 1165 2721 συγγραφή

156 2735 182 2804 δ
205 2741 325 2824 ἄνδρες
349 2739 515 2821 δικασταί,
546 2737 680 2804 ἐπειδάν
703 2739 892 2806 ἀποδῶνται
915 2739 953 2806 ἐν
975 2749 1020 2828 τῷ
1045 2743 1164 2830 Πόνε-φ

155 2843 176 2910 δ
203 2841 302 2929 ήγον,
329 2843 430 2909 πάλιν
458 2837 702 2930 ἀνταγοράζειν
718 2848 867 2931 χρήματα
888 2844 943 2910 καὶ
966 2843 1156 2930 ἀντιφορτί-
1166 2860 1217 2908 931

155 2953 271 3030 ζεσθαι
293 2949 348 3016 καί
371 2949 510 3034 ἀπάγειν
529 2949 687 3036 Ἀθήναζε
710 2953 750 3018 τά
774 2950 1084 3036 ἀντιφορτισθέντα,
1110 2949 1165 3017 καὶ

154 3057 289 3123 ἐπειδὰν
316 3057 502 3140 ἀφίκωνται
526 3051 700 3142 Ἀθήναζε,
728 3058 914 3124 ἀποδοῦναι
941 3055 1067 3122 είκοσιν
1088 3056 1165 3141 ήμεψ

155 3173 223 3248 ρῶν
250 3165 288 3228 τὸ
316 3163 480 3249 ἀργύριον
505 3163 586 3248 ἡμῖν
614 3165 764 3249 δόκιμον·
792 3163 854 3240 ἕεις
882 3161 910 3229 δ’
939 3161 984 3228 ἀν·
1005 3162 1164 3246 ἀποδῶσι,

152 3279 286 3352 κρατεῖν
317 3280 384 3334 τῶν
414 3270 589 3354 χρημάτων
616 3269 716 3354 ἡμᾶς,
747 3267 802 3334 καὶ
830 3267 983 3352 ἀνέπαφα
1009 3267 1165 3351 παρέχειν

112 3390 140 3433 2⁵
153 3375 308 3458 τούτους,
337 3373 398 3451 ἕως
426 3373 468 3440 ἀν
496 3375 722 3459 ἀπολάβωμεν.
766 3373 946 3458 γέγραπται
974 3370 1035 3458 μὲν
1062 3382 1164 3438 ταῦτα

154 3478 275 3546 οὑτωσί
303 3479 447 3564 ἀκριβῶς
473 3479 511 3546 ἐν
538 3489 578 3565 τῇ
601 3488 790 3565 συγγραφή·
821 3473 914 3544 οὗτοι
937 3473 968 3543 δ’
995 3474 1021 3542 δι
1044 3478 1165 3562 ἀνδρες
