2612 3918
471 365 566 416 ΚΑΤΑ
585 363 741 416 ΜΕῙΔΙΟΤ
1074 363 1117 426 81'

107 523 411 609 ἀποδεδιῃτημένην
434 523 645 609 ἀποφαίνειν,
667 522 722 589 καὶ
745 525 823 602 τοὺς
842 524 1004 608 ἄρχοντας
1021 545 1117 607 μετα-

3 704 6 723 ,
68 655 95 694 ει
107 631 258 715 γράφειν,
278 628 334 696 καλ
351 633 555 713 πεντήκοντα
574 631 721 715 δραχμάς
739 629 851 708 αὐτοῖς
869 630 995 695 έδίδου·
1019 629 1064 706 ὡς
1082 625 1113 695 δ’

2 762 5 771 ·
107 735 343 820 ἐδυσχέραινον
364 731 458 801 οὗτοι
476 737 513 801 τὸ
532 745 666 822 πρᾶγμα
683 734 740 801 καί
759 734 954 821 οὐδετέρους
971 736 1116 817 έπειθεν,

108 843 284 924 ἀπειλήσας
305 839 360 907 καὶ
384 839 653 926 διαλοιδορηθεὶς
675 841 831 906 ἀπελθὼν
854 845 889 907 τί
908 851 1010 918 ποιεῖς
1037 839 1117 905 θεά-

1 1015 2 1028 ,
107 956 213 1014 σασθε
240 949 301 1032 τὴν
325 951 536 1031 κακοήθειαν.
583 951 639 1030 τὴν
663 949 717 1032 μὲν
740 953 855 1013 δίαιταν
878 947 1039 1032 ἀντιλαχὼν
1061 948 1118 1012 οάκ

1 1057 2 1120 Τ
107 1049 232 1130 ὤμοσεν,
254 1044 318 1110 ἀλλ’
344 1050 421 1110 είασε
444 1043 518 1110 καθ’
544 1047 636 1111 αδτον
659 1050 767 1131 κυρίαν
789 1048 943 1130 γενέσθαι,
967 1046 1017 1109 καλ
1039 1045 1117 1108 ἀνά·

1 1205 2 1212 ,
108 1169 195 1226 μοτος
213 1143 385 1227 ἀπηνέχθη·
408 1144 589 1227 βουλόμενος
608 1143 640 1206 δὲ
659 1145 691 1207 τὸ
710 1144 814 1226 μέλλον
832 1150 947 1225 λαθεῖν,
970 1139 1117 1225 φυλάξας
1151 1227 1153 1231 Ι

106 1249 167 1332 τὴν
189 1251 381 1313 τελευταίαν
403 1246 530 1332 ἡμέραν
549 1251 629 1329 [τῶν
649 1250 839 1332 διαιτητῶν]
859 1248 921 1331 τὴν
938 1255 998 1312 τοῦ
1018 1249 1116 1328 [θαρ-

106 1358 270 1438 γηλιῶνος
296 1353 316 1438 ἦ
345 1358 417 1434 τοῦ]
443 1365 708 1438 σκιροφοριῶνος
731 1352 977 1438 [γιγνομένην],
1003 1355 1051 1430 είς
1072 1351 1116 1435 ἣν

65 1459 126 1526 ετδ
148 1457 208 1544 μέν
231 1455 315 1544 ἦλθε
338 1471 405 1525 τῶν
424 1461 612 1542 διαιτητῶν,
636 1459 654 1526 ὁ
674 1457 705 1524 δ’
728 1459 789 1525 οὐκ
806 1454 902 1543 ἦλθε,
925 1461 1039 1534 πείσας
1056 1458 1116 1523 τὸν

106 1566 355 1652 πρυτανεύοντα
387 1567 507 1631 δοῦναι
539 1565 601 1648 τὴν
628 1573 745 1650 ψῆφον
771 1565 860 1649 παρὰ
887 1565 1012 1641 πάντας
1037 1565 1116 1639 τοὺς

106 1675 244 1756 νόμους,
272 1669 405 1756 κλητῆρ’
431 1665 506 1736 οὐδ’
533 1670 690 1736 ὁντινοῦν
712 1670 991 1754 ἐπιγραψάμενος,
1018 1693 1115 1753 κατη-

105 1789 217 1863 γορῶν
239 1780 375 1862 ἔρημον,
398 1777 538 1854 οὐδενὸς
559 1778 734 1860 παρόντος,
757 1776 907 1859 ἐκβάλλει
929 1773 985 1840 καί
1005 1774 1119 1859 ἀτιμοῖ

105 1885 165 1948 τὸν
192 1884 377 1967 διαιτητήν·
413 1880 468 1947 καὶ
495 1891 560 1947 νῦν
587 1873 635 1958 εἷς
658 1877 861 1964 Ἀθηναίων,
895 1881 945 1946 ὅτι
972 1883 1115 1958 Μειδίας
1205 1937 1207 1943 ,

105 1991 229 2073 ἔρημον
255 1985 345 2073 ὦφλε
370 1988 481 2071 δίκην,
510 1986 666 2052 ἁπάντων
689 1985 904 2071 ἀπεστέρηται
926 1997 995 2051 τῶν
1016 1986 1053 2051 έν
1074 1994 1115 2071 τῇ

104 2097 199 2160 πόλει
228 2092 284 2160 καλ
313 2093 464 2172 καθάπαξ
493 2094 606 2176 ἀτιμος
633 2090 785 2176 γέγονεν,
817 2089 872 2158 καλ
900 2093 976 2158 οὔτε
1003 2096 1116 2177 λαχεῖν

105 2198 324 2285 ἀδικηθέντα,
359 2200 435 2264 οὕτε
467 2199 638 2282 διαιτητὴν
668 2196 828 2283 γενέσθαι
860 2199 1001 2284 Μειδίᾳ,
1034 2191 1112 2264 οὔθ’

105 2309 191 2384 ὅλως
212 2309 274 2390 την
296 2306 400 2390 αὐτὴν
420 2305 502 2370 ὁδὸν
520 2305 667 2387 βαδίζειν
685 2303 729 2380 ὡς
747 2305 854 2370 ἔοικεν
873 2301 939 2368 ἔστ’
961 2302 1114 2389 ἀσφαλές.

60 2435 90 2475 οε
104 2419 155 2478 δεῖ
174 2415 212 2495 δὴ
235 2424 321 2477 τοῦτο
343 2413 376 2476 τδ
398 2408 509 2495 πρᾶγμ’
531 2411 609 2492 ὑμᾶς
632 2411 740 2475 οὑτοσὶ
762 2411 943 2493 σκέψασθαι,
964 2413 1015 2475 καί
1036 2415 1115 2496 λογί·

103 2519 217 2576 σασθαι
239 2513 268 2574 τί
288 2507 353 2575 ποτ’
380 2506 447 2572 ἔσθ’
472 2507 488 2572 δ
511 2509 620 2572 παθὼν
644 2510 775 2583 Μειδίας
798 2501 891 2583 οὕτως
914 2507 1009 2590 ἀμόν,
1037 2515 1115 2590 τηλι·

102 2613 218 2690 ταύτην
246 2608 437 2690 ἐπεβούλευσε
460 2609 562 2688 λαβεῖν
585 2617 643 2668 τῶν
666 2605 879 2688 πεπραγμένων
901 2602 972 2689 παρ’
997 2605 1106 2690 ἀνδρὸς
1115 2615 1168 2667 548

103 2709 226 2770 πολίτου
250 2703 352 2786 δίκην,
374 2703 432 2767 κάν
455 2702 509 2785 μὲν
531 2693 550 2790 ᾖ
576 2727 603 2765 τι
626 2703 725 2766 δεινὸν
747 2702 787 2777 ὡς
811 2701 931 2782 ἀληθῶς
953 2703 1003 2765 καλ
1025 2705 1114 2788 ὑπερ-

102 2801 192 2884 φυές,
214 2802 393 2884 συγγνώμην
416 2800 501 2882 ἔχειν,
523 2800 576 2863 έάν
595 2798 626 2862 δὲ
646 2797 750 2881 μηδὲν,
772 2801 941 2863 θεάσασθαι
958 2801 1013 2880 τὴν
1032 2801 1115 2864 ἀσέλ-

101 2923 187 2982 γειαν
215 2898 265 2960 καλ
291 2899 346 2978 τὴν
373 2897 521 2978 ὠμότητα,
546 2886 566 2985 ᾖ
594 2893 667 2959 καθ’
692 2896 832 2960 ἀπάντων
858 2907 961 2980 χρῆται
985 2908 1043 2961 τῶν
1065 2899 1080 2962 έ
1100 2937 1114 2948 -

102 2995 318 3078 τυγχανόντων.
363 2994 393 3056 τί
418 2985 475 3056 οάν
502 2989 569 3056 ἔσθ’
598 2990 615 3056 δ
642 2993 809 3071 πέπονθεν;
837 2997 966 3078 μεγάλην
993 2996 1032 3075 νὴ
1060 2993 1112 3060 Δί’

103 3087 184 3174 ὦφλε
213 3093 300 3170 δίκην
328 3090 378 3152 καί
399 3093 560 3171 τοσαύτην,
587 3085 654 3153 ὥστ’
680 3091 904 3175 ἀποστερεῖσθαι
928 3103 986 3155 τῶν
1010 3091 1113 3158 ὄντων.

55 3208 87 3249 89
102 3189 176 3252 ἀλλά
208 3189 308 3270 χιλίων
339 3185 359 3268 ἡ
390 3189 458 3268 δίκη
486 3189 580 3269 μόνον
606 3183 646 3270 ἦν
673 3191 818 3271 δραχμῶν.
863 3191 943 3252 πάνυ
970 3186 1011 3272 γ’,
1042 3190 1114 3254 ἀλλά

101 3288 208 3348 δάκνει
232 3285 406 3365 καὶτοῦτο,
432 3286 509 3365 φαίη
532 3309 575 3360 τις
597 3284 651 3366 ἀν,
678 3286 750 3348 ὅταν
772 3287 895 3350 ἐκτίνειν
917 3287 1027 3361 ἀδίκως
1050 3288 1114 3376 δέη,

101 3383 216 3466 συνέβη
243 3379 272 3445 δ’
302 3382 475 3469 ὑπερημέρῳ
502 3383 651 3470 γενομένφ
678 3388 783 3445 λαθεῖν
810 3385 889 3471 αάτρῖ
917 3384 967 3447 διὰ
994 3383 1113 3466 τάδικη-

99 3488 207 3563 θῆναι.
252 3475 315 3542 ἀλλ’
340 3479 513 3562 αὐθημερὸν
540 3478 595 3560 μὲν
621 3477 746 3566 ᾔσθετο,
773 3477 789 3542 δ
817 3480 867 3542 καλ
894 3479 1029 3564 μέγιστόν
1052 3483 1113 3545 ἐστι

99 3579 260 3660 τεκμήριον
283 3588 336 3640 τοῦ
357 3574 450 3658 μηδὲν
471 3575 645 3658 ἠδικηκέναι
662 3577 714 3640 τδν
731 3575 906 3660 ἀνθρωπον,
929 3579 1062 3661 δραχμὴν
1079 3575 1109 3642 δ’

53 3693 84 3733 νο
99 3675 222 3740 οάδέπιο
244 3677 315 3757 μίαν
338 3674 501 3738 ἐκτέτεικεν.
540 3673 611 3737 ἀλλά
634 3675 744 3756 μήπω
766 3685 861 3738 τοῦτο.
896 3673 970 3737 ἀλλά
993 3675 1048 3755 τὴν
1070 3676 1112 3757 μὴ

156 3787 280 3829 Duum.
298 3787 350 3829 Vol.
363 3787 395 3828 11.
935 3792 951 3840 6
