2616 3910
463 209 563 261 mn?
581 211 802 265 αοειιιααοε.
1070 213 1136 277 433

92 385 119 425 σε
133 367 259 432 ἑαυτῶν
277 371 426 450 πολίτην,
449 367 520 433 ἀλλ’
542 367 636 435 αὐτοὶ
654 365 747 435 οὗτοι
766 377 885 436 ίσασιν.
917 380 1019 437 ταῦτα
1037 371 1137 454 ἡγού-

131 479 220 558 μεθα
243 474 353 539 δίκαια
376 468 471 556 εἶναι,
494 471 548 539 καί
572 474 666 558 ὑμῶν
690 476 834 560 δεόμεθα
857 472 883 541 ὦ
906 477 1025 562 ἄνδρες
1046 479 1136 543 δικα-

132 577 207 644 σταὶ
220 581 360 662 βοηθεῖν
377 576 457 663 ἡμῖν
474 589 543 655 τοῖς
561 579 801 664 ἀδικουμένοις,
819 579 874 646 καὶ
892 583 1041 661 κολάζειν
1059 584 1137 660 τοὺς

131 693 409 769 κακοτεχνοῦντας
434 682 490 749 καὶ
513 685 765 770 σοφιζομένους,
793 687 902 772 ὥσπερ
925 682 1019 753 οὗτοι
1042 690 1133 771 σοφί-

133 793 250 869 ζονται,
285 788 340 855 καὶ
363 789 421 855 ἐὰν
443 797 545 854 ταῦτα
567 800 693 874 ποιῆτε,
714 792 795 875 ὑμῖν
813 815 847 857 τε
866 792 978 869 αὐτοῖς
995 794 1036 858 τδι
1055 812 1135 878 συμ-

132 895 277 980 φέροντα
304 899 421 961 ἔσεσθε
449 894 683 980 ἐψηφισμένοι,
709 895 764 962 καὶ
791 900 1044 982 περιαιρήσεσθε
1068 910 1135 964 τῶν

131 1013 287 1085 πονηρῶν
309 1001 498 1088 ἀνθρώπων
519 1002 577 1078 τὰς
598 1005 802 1087 πανουργίας
824 1001 961 1086 ἁπάσας,
985 1003 1024 1081 δὶς
1041 1007 1188 1092 ἔνιοι9143Ι

131 1116 358 1191 πανουργοῦσι
381 1105 517 1192 περὶτὰ
539 1110 725 1191 συμβόλαια
747 1109 787 1172 τὰ
809 1109 955 1174 ναυτικά.
1028 1195 1030 1201 Ι
1126 1195 1127 1200 ¹

556 1552 706 1619 XXXVI.

214 1709 533 1786 ΠΑΡΑΓΡΑΦΗ
558 1709 698 1785 ΥΠΕΡ
725 1709 1043 1787 ΦΟΡΜΙΩΝΟΣ.

533 1879 734 1935 ΤΠΟΘΕΣΙΣ.

219 1996 343 2057 Πασίων
366 1990 382 2055 δ
405 1992 573 2075 τραπεζίτης
595 1997 734 2054 τελευτῶν
756 1992 804 2054 ἐπὶ
826 1993 880 2055 δύο
899 1991 1000 2054 παισίν
1019 1991 1048 2066 ἐξ
1069 1987 1133 2073 Ἀρ-

131 2093 250 2174 χίππης,
265 2087 471 2176 Ἀπολλοδώρῳ
488 2087 539 2150 καί
553 2093 705 2167 Πασικλεΐ,
726 2084 876 2170 Φορμίων’
893 2087 1009 2168 οἰκέτην
1027 2087 1132 2150 ἑαυτοῦ

131 2188 300 2271 γενόμενον,
321 2185 493 2267 τετυχηκότα
511 2179 540 2246 δ’
559 2184 601 2246 ἔτι
617 2185 757 2268 πρότερον
776 2186 954 2267 ἐλευθερίας,
975 2185 1133 2265 ἐπίτροπον

132 2295 185 2347 τοῦ
203 2280 344 2364 νεωτέρου
361 2291 420 2343 τῶν
436 2281 553 2342 παίδοιν
571 2280 754 2357 Πασικλέους
772 2282 914 2362 κατέλιπε,
935 2281 1058 2359 καλιὴν
1077 2304 1133 2360 μη-

132 2376 190 2463 τέρ’
210 2379 319 2458 αὐτῶν,
340 2377 491 2456 παλλακὴν
513 2376 619 2440 ἑαυτοῦ
641 2377 813 2460 γενομένην,
837 2377 945 2441 ἔδωκεν
967 2377 1016 2439 ἐπὶ
1033 2377 1133 2458 προικί

132 2482 266 2560 γυναῖκα.
305 2469 521 2555 Ἀπολλόδωρος
543 2465 599 2534 οὖν
621 2473 736 2554 νέμεται
757 2476 831 2558 πρὸς
853 2474 904 2536 τὸν
927 2473 1055 2553 ἀδελφὸν
1078 2473 1133 2552 την

132 2569 271 2659 πατρῴαν
293 2571 398 2634 οὐσίαν
420 2569 498 2648 πλὴν
520 2578 572 2650 τῆς
594 2568 735 2653 τραπέζης
752 2570 802 2632 καλ
819 2580 870 2632 τοῦ
890 2568 1131 2652 ἀσπιδοπηγείου·

47 2744 51 2751 ,
132 2681 223 2733 ταῦτα
244 2668 300 2751 γὰρ
320 2667 461 2748 Φορμίων
480 2665 662 2746 ἐμεμίσθωτο
679 2665 758 2749 παρὰ
775 2668 933 2740 Πασίωνος
951 2668 993 2740 είς
1011 2665 1132 2748 ὡρισμέ-

132 2790 188 2829 νον
210 2765 317 2848 χρόνον
339 2763 413 2826 τινά.
447 2761 497 2824 καί
518 2761 588 2836 τέως
610 2760 664 2843 μὲν
685 2762 828 2844 ἐλάμβανε
850 2761 882 2824 τό
904 2763 995 2842 ἥμισυ
1013 2772 1065 2843 τῆς
1084 2787 1131 2846 μι-

133 2863 271 2935 σθώσεως
298 2859 445 2941 ἑκάτερος,
472 2859 593 2938 ὕστερον
617 2855 648 2920 δὲ
670 2858 720 2920 καί
741 2857 815 2920 αιἰτδι
838 2856 990 2938 νέμονται,
1016 2858 1066 2920 καί
1087 2861 1132 2939 γί-

132 2983 232 3044 γνεται
254 2957 286 3019 τὸ
309 2955 363 3037 μὲν
386 2953 614 3036 ἀσπιδοπηγεῖον
634 2950 867 3033 Ἀπολλοδώρου,
895 2953 1078 3027 Πασικλέους
1101 2951 1129 3017 δ’

105 3070 152 3138 ιι)
174 3055 305 3137 τρόπεζ.
350 3053 563 3131 ἀποθανούσης
586 3049 617 3113 δὲ
639 3050 688 3113 καὶ
710 3061 762 3131 τῆς
784 3047 891 3132 μητρὸς
914 3051 1050 3131 ὕστερον,
1072 3073 1131 3112 νει-

133 3156 261 3237 μάμενος
282 3149 332 3213 καὶ
354 3150 408 3229 τὴν
429 3149 543 3228 ἐκείνης
565 3148 680 3227 οὐσίαν,
702 3147 829 3209 ἐνεκάλει
845 3153 885 3231 τῷ
906 3146 1069 3228 Φορμίωνι,
1090 3143 1131 3219 ώς

132 3245 215 3314 πόλλ’
236 3248 330 3330 έχοντι
351 3246 456 3309 ἑαυτοῦ
475 3246 612 3327 χρήματα.
647 3244 822 3316 καθίσαντες
841 3235 896 3304 οών
914 3241 1036 3314 ἑαυτοὺς
1053 3243 1131 3304 ’διαί-

132 3347 231 3428 τητός,
253 3345 292 3418 ώς
315 3361 389 3422 φησι
409 3343 560 3423 Φορμίων,
580 3337 783 3425 Ἀπολλοδώρῳ
805 3338 1002 3419 προσήκοντες
1020 3339 1138 3411 Νικίας

132 3443 183 3507 καί
205 3442 325 3513 Δεινίας
347 3438 396 3500 καί
415 3433 625 3519 Ἀνδρομένης,
654 3435 770 3497 ἔπεισαν
790 3430 1007 3513 Ἀπολλόδωρον
1029 3432 1130 3494 διαλό-

133 3545 244 3602 σασθαι
260 3537 334 3621 πρὸς
349 3535 509 3616 Φορμίωνα
524 3533 560 3596 τὰ
577 3533 740 3615 ἐγκλήματα
753 3531 879 3613 λαβόντα
891 3529 1130 3609 πεντακισχιλίας.

186 3649 309 3690 Duum.
326 3644 420 3687 ’ΜΠ
938 3635 972 3682 28
