2614 3904
449 195 549 246 ΠΡΟΣ
567 193 791 246 ΖΗΝΟΘΕΜΙΝ.
1062 188 1127 254 379

112 354 299 436 Ζηνόθεμις,
322 355 397 438 πρὸς
420 356 456 418 6'1·
478 355 557 418 ἔστιν
579 353 598 436 ή
621 355 813 437 παραγραφή,
836 359 1051 417 Μασσαλιῶται
1073 351 1128 434 μέν

113 445 190 533 ήσαν
222 451 254 514 τὸ
283 450 384 534 γένος,
415 454 609 534 κακούργημα
637 450 668 514 δέ
696 462 831 515 τοιοῦτον
858 451 891 514 ἐν
918 453 1128 533 Συρακούσαις

113 547 352 632 έκακούργησοιν,
380 547 420 623 ὡς
451 547 466 611 6
495 550 591 632 ῥήτωρ
619 551 722 628 φησίν.
767 548 955 611 ἐδανείσαντο
977 548 1119 630 χρήματα,
1128 551 1176 601 881

114 656 205 707 ταῦτα
229 641 257 708 δ’
278 648 320 719 εἰς
343 645 397 727 μέν
419 645 475 725 τήν
497 656 575 709 ναῦν
599 646 655 710 ούκ
673 645 824 726 ἐνέθεντο,
847 647 945 730 λάθρρι
964 641 992 706 δ’
1013 645 1055 718 εἰς
1073 643 1128 723 τήν

114 742 296 805 Μασσαλίαν
315 741 496 824 ἀπέστειλαν,
514 742 711 825 ἀποστερῆσαι
729 743 798 816 τοὺς
815 744 1007 817 δανείσαντας
1021 746 1129 824 βεβου-

86 839 259 921 Ξλευμένοι.
295 838 396 918 ἐπειδή
418 839 474 921 γὰρ
497 835 649 921 ἐγέγραπτ’
670 839 703 902 ἐν
726 846 765 925 τῷ
787 842 968 927 συμβολαίῳ,
990 842 1017 902 εἰ
1033 841 1129 902 πάθοι

114 934 183 1016 τιή
207 947 297 1017 ναῦς,
325 936 365 1017 μή
389 935 580 999 ἀπαιτεῖσθαι
601 937 711 1010 αὐτούς
734 936 769 998 τδι
791 935 938 1017 χρήματα,
965 935 1128 1014 έσκέψαντο

114 1036 279 1096 καταδῦσαι
304 1033 360 1113 τήν
384 1044 472 1096 ναῦν.
513 1035 629 1115 νύκτωρ
653 1025 710 1096 ούν
732 1031 765 1096 ἐν
788 1039 828 1118 τῷ
851 1037 914 1118 πλῷ
937 1033 1088 1096 κατελθών
1112 1031 1128 1095 6

110 1127 302 1212 Ἡγέστρατος
330 1128 463 1192 διέκοπτε
489 1140 542 1192 τοῦ
569 1132 675 1192 πλοίου
698 1130 730 1192 τὸ
754 1129 874 1208 ἔδαφος.
919 1130 1073 1213 φωραθείς
1096 1128 1128 1192 δέ

114 1225 165 1288 καί
192 1229 312 1308 φεύγων
339 1227 409 1300 τοὺς
431 1225 571 1307 ἐπιβάτας
595 1229 637 1301 εἰς
660 1225 715 1305 τήν
737 1228 892 1289 θάλασσαν
915 1228 1057 1289 εἰσπίπτει
1078 1226 1129 1289 καί

114 1320 281 1407 παραχρῆμ’
303 1323 470 1386 ἀπόλλυται.
507 1322 523 1388 6
546 1326 650 1389 τοίνυν
668 1324 852 1404 Ζηνόθεμις,
875 1320 891 1386 6
910 1324 1065 1405 κοινωνὸς,
1088 1324 1128 1399 ὥς

115 1438 210 1499 φησιν
234 1417 249 1481 6
273 1421 379 1502 ῥήτωρ,
402 1429 455 1482 τοῦ
475 1417 680 1504 Ἡγεστράτου,
704 1421 786 1502 μόλις
809 1421 957 1501 σωθείσης
975 1423 1017 1496 εἰς
1037 1417 1129 1501 Ἀθή-

115 1540 170 1588 νας
193 1525 245 1594 τής
268 1517 353 1596 νεώς,
375 1514 555 1598 ἠμφισβήτει
577 1529 630 1581 τοῦ
654 1519 748 1596 σίτου,
771 1515 863 1598 λέγων
882 1512 958 1580 εἰναι
976 1517 1028 1581 τὸν
1047 1526 1129 1582 σῖτον

111 1610 320 1694 Ἡγεστράτου,
348 1612 464 1675 ἐκεῖνον
491 1612 523 1676 δέ
550 1611 621 1697 παρ’
646 1615 754 1677 ἑαυτοῦ
777 1614 968 1676 δεδανεῖσθαι
989 1616 1129 1698 χρήματα.

88 1709 281 1772 δένστάντων
304 1706 336 1770 δέ
360 1709 439 1793 αύτῷ
462 1720 515 1772 τοῦ
538 1733 568 1772 τε
590 1711 718 1793 Πρώτου
740 1710 790 1772 καί
812 1721 865 1773 τοῦ
889 1713 1051 1792 Δήμωνος,
1074 1711 1129 1792 ἀμ

116 1804 252 1888 φοτέροις
271 1805 351 1888 έλαγε
371 1806 460 1886 δίκην
477 1805 649 1889 ἐμπορικήν.
685 1806 735 1868 καί
754 1806 806 1868 τὸν
825 1811 952 1889 Πρῶτον
969 1808 999 1884 ἐξ
1017 1809 1129 1891 ἐρήμης

116 1901 190 1964 έλὼν
217 1898 334 1984 ἑκόνθ’,
362 1903 402 1976 ὥς
428 1921 503 1984 φησι
525 1901 740 1984 Δημοσθένης,
766 1904 816 1966 καί
839 1917 1130 1988 συγκακουργοῦντα,

117 2001 225 2081 εἰσάγει
246 2000 296 2063 καί
318 2001 370 2064 τὸν
389 2001 522 2080 Δήμωνα
545 2002 683 2082 δεύτερον
705 2002 747 2074 εἰς
770 2001 802 2063 τὸ
826 2001 1024 2083 δικαστήριον.
1062 2002 1077 2066 6
1098 2003 1129 2067 δέ

117 2095 339 2176 παραγράφεται
362 2095 403 2176 μή
426 2095 620 2177 εἰσαγώγιμον
643 2089 719 2157 εἰναι
742 2096 796 2176 τήν
825 2099 927 2178 δίκην,
954 2099 1048 2179 νόμον
1072 2123 1129 2163 πα-

117 2192 273 2273 ρεχόμενος
295 2192 347 2254 τὸν
372 2193 492 2255 διδόντα
513 2200 575 2268 τοῖς
602 2191 743 2275 ἐμπόροις
770 2194 822 2268 τάς
850 2195 934 2269 δίκας
962 2191 1037 2259 εἰναι
1064 2197 1130 2279 περί

117 2299 175 2350 τῶν
196 2283 341 2367 Ἀθήναζε
363 2289 413 2352 καί
435 2299 494 2351 τῶν
514 2285 687 2369 Ἀθήνηθεν
711 2294 914 2373 συμβολαίων·
944 2294 1130 2376 Ζηνοθέμιδι

89 2385 151 2448 εδέ
177 2403 252 2465 φησι
279 2385 373 2467 μηδὲν
401 2387 581 2469 συμβόλαιον
609 2381 686 2448 εἰναι
712 2387 786 2469 πρὸς
814 2387 914 2450 αύτόν.
959 2388 1009 2451 καί
1036 2388 1052 2452 6
1077 2389 1130 2472 μέν

118 2482 199 2566 ἀγών
225 2483 286 2546 ἐστι
312 2484 551 2566 παραγραφικός,
579 2481 595 2544 6
624 2481 656 2545 δὲ
683 2483 784 2565 λόγος,
811 2481 851 2557 ὡς
877 2493 930 2564 τῆς
954 2483 1131 2562 εύθυδικίας

117 2591 170 2643 τοῦ
193 2581 363 2661 πράγματος
386 2579 571 2661 εἰσηγμένης,
594 2581 688 2652 οὕτως
710 2582 831 2661 εἴρηται,
853 2581 991 2664 περὶτοῦ
1010 2582 1050 2663 μή
1069 2589 1130 2664 Ζη-
1160 2653 1162 2658 ,

117 2677 279 2758 νοθὲμιδος
302 2672 378 2738 εἰναι
401 2677 452 2739 τὸν
476 2684 572 2755 σῖτον,
597 2677 669 2738 άλλδι
692 2687 744 2739 τοῦ
768 2676 906 2758 Πρώτου,
929 2665 952 2764 ηδ
978 2675 993 2739 6
1017 2679 1130 2760 Δήμων

117 2775 248 2838 ἐδάνεισε
275 2772 307 2835 τὸ
331 2771 482 2856 ἀργύριον.
528 2773 564 2836 ού
586 2773 642 2855 γάρ
665 2775 802 2855 βούλεται
825 2773 924 2835 δοκεῖν
947 2774 1055 2856 ῥήματι
1076 2787 1129 2840 τοῦ

116 2873 213 2952 νόμου
240 2871 335 2952 μόνον
363 2872 563 2952 ἰσχυρίζεσθαι
589 2869 663 2930 κατὰ
691 2870 722 2932 τὸ
751 2865 861 2951 πρᾶγμ’
891 2868 1017 2952 ἀδικῶν,
1050 2871 1183 2937 άλλδι88ι

118 2970 270 3031 δείκνυσιν
297 2966 337 3041 ὡς
365 2973 475 3050 θαρρεῖ
498 2964 552 3048 μέν
574 2965 622 3028 καί
646 2976 682 3052 τη
705 2966 824 3052 εύθείιγ,
849 2965 891 3046 έκ-
905 2971 1076 3049 περιουσίας
1099 2965 1127 3032 δ’

117 3064 198 3153 αύτῷ
221 3064 271 3128 καί
292 3063 492 3148 παραγραφὴν
516 3061 532 3125 6
556 3063 647 3144 νόμος
671 3065 782 3126 δίδωσι.

198 3305 338 3393 ’Ἄνδρες
366 3309 533 3389 δικασταί,
561 3307 724 3390 βούλομαι
751 3305 1064 3392 παραγεγραμμένος
1086 3310 1130 3392 μὴ

117 3415 341 3500 εἰσαγώγιμον
365 3409 450 3478 εἰναι
473 3414 534 3495 τήν
558 3415 665 3497 δίκην,
689 3410 849 3498 περὶτῶν
866 3416 981 3498 νόμων
998 3423 1131 3494 πρῶτον

117 3524 235 3604 εἰπεῖν,
258 3515 337 3586 καθ’
365 3518 423 3595 οὓς
445 3520 716 3604 παρεγραψάμην.
762 3518 797 3582 ολ
816 3520 914 3602 νόμοι
937 3517 1132 3584 κελεύουσιν
