2612 3918
171 179 214 244 34
484 180 556 232 εει.
579 176 858 231 Διειιοεοιειιοεε

169 338 246 425 παρ’
265 340 379 419 αὐτοῦ,
398 337 453 406 καὶ
471 339 532 422 τήν
551 339 647 422 δίκην
660 337 703 421 ἣν
717 335 950 423 κατεδιῄτησεν
964 337 1178 422 ἀποδεδιητη-
1285 365 1286 368 “

169 444 274 530 μίνην
292 444 473 529 ἀπέφηνεν,
497 443 644 529 ἐπίτιμος
662 443 704 509 ἀν
721 439 764 528 ήν
782 441 837 510 καὶ
856 440 957 510 ούδέν
974 445 1059 526 ἔχων
1076 443 1181 509 κακὸν

169 563 237 618 τῶν
260 558 343 618 ῖσοιν
364 562 489 636 μετεῖχε
511 561 581 627 τοῖς
604 551 717 627 ἀλλοις
738 549 831 634 ἡμῖν·
855 549 967 633 ἐπειδή
989 545 1026 615 δὲ
1043 549 1181 633 παρεῖδε

169 659 252 743 πρὸς
268 659 309 723 τὰ
327 658 438 723 δίκαια
451 657 609 739 Μειδίαν,
628 654 684 722 καὶ
701 659 780 734 τοὺς
795 658 919 741 νόμους
932 657 1059 740 μᾶλλον
1072 655 1181 720 ἔδεισε

170 774 238 829 τῶν
269 763 413 829 ἀπειλῶν
442 771 509 828 τῶν
536 763 673 845 τούτου,
704 771 885 846 τηνικαῦτα
911 759 1088 846 τηλικαύτη
1115 757 1239 824 καλεῖτ’

130 890 157 931 ιι
169 870 306 955 τοιαύτη
329 877 486 954 συμφορᾷ
508 866 731 953 περιπέπτωκε
750 867 815 933 ὑπὸ
833 867 963 933 τούτου.
999 859 1066 931 εἶθ’
1086 865 1182 950 ὑμεῖς

169 974 229 1040 τὸν
248 974 353 1052 οὑτως
371 975 473 1059 ὠμὸν,
495 974 555 1040 τὸν
574 973 679 1051 οὕτως
697 973 887 1058 ἀγνώμονα,
907 972 966 1037 τὸν
984 972 1182 1056 τηλικαύτας

171 1080 265 1157 δίκας
285 1076 492 1164 λαμβάνονθ’
514 1075 563 1146 ὧν
582 1079 682 1157 αὐτὸς
699 1079 879 1163 ήδικήσθαι
898 1075 981 1163 φησί
1000 1079 1105 1163 μόνον
1125 1077 1182 1158 (οὐ

171 1186 235 1270 γὰρ
261 1186 397 1271 ήδίκητύ
420 1183 488 1273 γε),
516 1194 638 1251 τοῦτον
660 1184 837 1268 ὑβρίζοντα
859 1186 1015 1267 λαβόντες
1037 1189 1084 1260 είς
1105 1173 1183 1250 τινα

170 1301 239 1356 τῶν
260 1297 405 1358 πολιτῶν
427 1291 585 1376 ἀφήσετε,
608 1292 659 1356 καλ
681 1287 758 1374 μήθ’
778 1291 880 1374 ἐορτής
904 1287 980 1374 μήθ’
1001 1293 1087 1374 ἱερῶν
1110 1294 1184 1374 μήτε

171 1391 265 1470 νόμον
288 1385 356 1472 μήτ’
380 1389 469 1454 ἀλλον
493 1389 620 1472 μηδενὸς
641 1390 785 1472 πρόνοιαν
807 1391 1003 1472 ποιούμενον,
1033 1389 1070 1452 ού
1092 1413 1183 1452 κατα-

132 1511 157 1549 ιιι
171 1494 350 1569 φηφιεῖσθε;
374 1488 412 1551 ού
433 1488 617 1570 παράδεημα
638 1487 787 1566 ποιήσετε,
810 1480 865 1548 καί
887 1487 923 1547 τί
941 1479 1056 1566 φήσετ’
1078 1478 1104 1548 ὦ
1124 1483 1183 1547 ἀν-

172 1591 248 1676 δρες
266 1591 432 1668 δικασταί;
451 1587 514 1655 τίν’
538 1589 564 1655 ὑ
581 1590 664 1672 πρὸς
682 1600 749 1654 τῶν
766 1594 859 1653 θεῶν
877 1582 957 1668 ἕξετ’
978 1591 1083 1654 εἰπεῖν
1101 1591 1183 1671 πρύ-

171 1712 275 1781 φασιν
303 1697 435 1761 δικαίαν
457 1694 478 1779 ή
501 1697 621 1778 καλήν;
649 1693 701 1761 ὅτι
722 1696 765 1779 νή
788 1687 848 1759 Δί’
873 1692 1012 1777 ἀσελγής
1034 1693 1103 1759 ἐστι
1126 1693 1184 1762 καὶ

171 1804 346 1886 βδελυρός·
363 1810 466 1866 ταῦτα
484 1801 547 1885 γάρ
566 1802 635 1866 ἐστι
653 1799 795 1883 τάληθή·
815 1798 898 1864 ἀλλὰ
912 1809 1021 1884 μισεῖν
1035 1791 1179 1884 ὀφείλετ’

172 1909 292 1992 ἀνδρες
307 1905 480 1992 Ἀθηναῖοι
504 1908 612 1990 δήπου
634 1908 712 1982 τοὺς
734 1906 908 1982 τοιούτους
930 1909 1057 1990 μᾶλλον
1078 1905 1099 1990 ἢ
1118 1903 1184 1993 σβ-

173 2017 248 2094 ξειν.
293 2007 366 2079 ἀλλ’
396 2011 448 2078 ὅτι
479 2013 638 2088 πλούσιός
669 2011 772 2076 ἐστιν·
818 2010 902 2077 ἀλλὰ
932 2013 1032 2076 τοὺτό
1058 2034 1095 2094 γε
1124 2021 1184 2096 τῆς

172 2119 300 2204 ὑβρεως
326 2118 431 2185 αὑτοῦ
458 2117 578 2202 σχεδὸν
605 2123 713 2183 αῖτιον
739 2109 888 2200 εὑρήσετ’
915 2117 969 2198 ὄν,
998 2114 1075 2182 ὥστ’
1102 2117 1183 2201 ἀφε·

172 2229 244 2294 λεῖν
266 2224 327 2307 τήν
350 2222 516 2308 ἀφορμήν,
541 2219 585 2287 δι’
606 2221 650 2305 ἣν
672 2220 808 2307 ὑβρίζει,
830 2223 990 2307 προσήκει
1012 2227 1141 2306 μᾶλλον
1160 2223 1182 2309 ἢ

172 2341 278 2399 σῶσαι
301 2331 358 2396 διὰ
380 2330 515 2412 ταύτην·
548 2329 585 2394 τὸ
609 2329 672 2414 γὰρ
694 2329 871 2414 χρημάτων
893 2331 1026 2394 πολλῶν
1047 2335 1185 2420 θρασὺν

171 2433 229 2504 καὶ
258 2437 424 2521 βδελυρὸν
456 2432 511 2499 καλ
538 2443 691 2500 τοιοῦτον
718 2435 902 2517 ἀνθρωπον
928 2431 986 2498 ἐᾶν
1012 2429 1099 2502 εἶναι
1125 2437 1183 2501 κύ·

134 2564 160 2608 ιε
174 2566 264 2630 ριον,
293 2542 449 2629 ἀφορμήν
472 2540 562 2606 ἐστιν
585 2536 638 2624 ἐφ’
665 2539 750 2624 ὑμᾶς
773 2538 895 2616 αὑτοὺς
917 2537 1120 2606 δεδοικέναι,
1150 2547 1187 2609 τί

174 2643 236 2714 οὑν
259 2649 457 2725 ὑπόλοιπονς
482 2645 613 2730 ἐλεῆσαι
635 2646 677 2729 νή
696 2649 776 2711 Δία·
799 2645 916 2720 παιδία
935 2646 999 2730 γὰρ
1017 2650 1183 2732 παραστή-
1219 2678 1221 2682 ·

174 2771 264 2834 σεται
282 2750 338 2821 καί
355 2755 491 2836 κλαήσει
509 2750 564 2818 καὶ
582 2753 713 2830 τούτοις
731 2750 833 2818 αὑτὸν
852 2749 1064 2835 ἐξαιτήσεται·
1083 2762 1183 2820 τοῦτο

174 2863 301 2928 λοιπόν.
336 2856 399 2924 ἀλλ’
425 2862 484 2924 ἴστε
506 2862 605 2941 δήπου
624 2855 711 2923 τοῦθ’
733 2859 778 2924 ὅτι
795 2859 864 2934 τοὺς
883 2859 992 2935 ἀδίκως
1009 2884 1038 2924 τι
1053 2863 1183 2944 πάσχον·

173 2984 240 3042 τας,
262 2957 279 3023 δ
302 2957 343 3042 μή
367 2959 546 3040 δυνήσονται
568 2957 680 3040 φέρειν,
702 2957 792 3020 ἐλεεῖν
814 2959 966 3041 προσήκει,
987 2957 1025 3021 ού
1047 2961 1117 3034 τοὺς
1139 2953 1184 3034 ὧν

172 3059 350 3138 πατοιήκαοι
368 3058 474 3120 δεινῶν
493 3056 581 3134 δίκην
600 3055 746 3129 διδόντας.
781 3048 837 3117 καὶ
855 3055 904 3128 τίς
921 3049 964 3116 ἀν
981 3049 1071 3117 ταῦτ’
1093 3053 1183 3137 ἐλεή-

173 3177 241 3229 σειε
265 3162 413 3242 δικαίως,
442 3157 532 3242 ὁρῶν
554 3158 594 3223 τδ
616 3152 708 3223 τοῦδ’
735 3156 795 3223 οὑκ
819 3154 994 3240 ἐλεηθένθ’
1020 3157 1084 3223 ὑπὸ
1107 3161 1183 3226 τού-

173 3289 244 3351 του,
264 3265 337 3352 ὑτή
352 3275 412 3332 τοῦ
425 3266 548 3349 πατρὸς
566 3271 723 3352 συμφορᾷ
742 3261 843 3350 χειρίς
860 3273 927 3328 τῶν
945 3264 1055 3329 ἀλλων
1072 3276 1183 3332 κακῶν

174 3371 247 3442 οὐδ’
275 3374 468 3456 ἐπικουρίαν
496 3371 639 3437 ἐνοῦσαν
666 3368 737 3457 ὁρᾷ.
783 3369 825 3459 ού
852 3370 915 3456 γάρ
944 3369 1034 3435 ἐστιν
1057 3369 1179 3458 ὄφλημ’

175 3480 194 3544 ὑ
220 3501 253 3544 τι
279 3479 341 3564 χρή
369 3474 542 3543 καταθέντ’
570 3477 719 3560 ἐπίτιμον
741 3473 899 3562 γενέσθαι
921 3461 1070 3561 τουτονί,
1098 3474 1170 3544 ἀλλ’
1184 3489 1233 3540 54⁷
