2614 3904
466 187 565 239 ΠΡΟΣ
585 186 757 239 ΟΝΗΤΟΡΔ
775 189 805 240 Β.
1075 183 1139 248 377

125 345 297 429 διάνοιαν,
324 355 386 411 τοῦ
414 346 537 432 ῥηιδίως
564 345 670 422 οὕτως
693 345 796 411 αὑτὸν
820 344 1046 429 ἐξελέγχοντος
1070 339 1138 410 ὄντ’

126 449 296 533 ἐπίορκον;

86 577 112 615 ιο
213 553 311 621 Ἀλλολ
338 556 382 640 νή
403 550 464 621 Δί’
492 562 572 635 ἴσως
595 555 670 640 οὐχλ
693 554 788 622 πάντ’
816 557 905 645 αὐτῷ
928 567 1065 624 τοιαῦτα
1087 554 1142 621 πέ-

126 683 279 745 πρακται,
304 660 383 728 οὐδὲ
406 666 618 746 πανταχόθεν
641 664 742 746 δήλός
763 663 832 729 ἐστι
849 663 1021 746 τεχνάζων.
1058 661 1142 728 ἀλλὰ

126 765 183 833 καλ
209 769 393 852 τιμώμενος
420 770 566 852 φανερὸς
590 767 729 852 γέγονεν
751 765 835 853 ὑπὲρ
855 764 1000 852 Ἀφόβου
1022 768 1143 832 ταλάν-

126 897 199 957 του,
218 872 273 939 καλ
290 872 380 939 τοῦτ’
402 874 501 951 αὐτὸς
519 873 599 958 ἡμίν
618 874 806 940 ἀποδώσειν
824 874 1040 958 ἐγγυώμενος.
1072 877 1143 938 καί-

125 1004 179 1045 τοι
207 974 369 1058 σκέψασθ’
395 980 447 1046 ότι
473 975 563 1046 τοῦτ’
590 983 659 1046 ἐστι
685 984 862 1065 τεκμήριον
890 981 932 1046 οὐ
954 983 1059 1065 μόνον
1081 987 1143 1046 τοῦ

126 1087 189 1169 τήν
225 1098 367 1169 γυναῖκα
403 1096 575 1150 συνοικεῖν
607 1083 739 1175 Ἀφόβφ
775 1085 831 1152 καὶ
862 1096 982 1152 τοῦτον
1014 1086 1143 1162 οίκείως

85 1215 111 1252 ιι
127 1195 231 1276 ἐχειν,
264 1192 347 1258 άλλά
378 1188 434 1257 καλ
463 1201 524 1256 τοῦ
552 1192 595 1276 μή
625 1190 805 1257 δεδωκέναι
831 1195 892 1276 τήν
919 1202 1048 1276 προῖκα.
1093 1193 1143 1267 τίς

126 1300 192 1383 γὰρ
211 1298 402 1382 ἀνθρώπων
419 1297 553 1381 ήλίθιός
571 1297 661 1363 ἐστιν
676 1297 792 1380 οὕτως,
811 1295 888 1362 ὥστ’
906 1297 1067 1382 άργάριον
1081 1294 1142 1383 μὲν

129 1407 210 1480 δοὺς
234 1412 411 1485 τοσοῦτον,
440 1400 546 1467 ἔπειθ’
572 1403 610 1468 ἓν
632 1403 745 1486 λαβὼν
767 1407 892 1488 χωριόν
915 1403 1142 1488 ἀμφισβητού-

128 1532 231 1595 μενον
254 1511 301 1586 είς
319 1508 528 1592 ἀποτίμησιν,
553 1511 617 1573 σὺν
637 1501 686 1585 οἷς
704 1512 868 1594 πρότερον
886 1509 1053 1593 ἐζημίωτο,
1072 1511 1132 1575 τὸν
1142 1521 1194 1571 879

128 1610 328 1699 ἀδικήσανθ’
349 1614 394 1691 ὡς
417 1614 548 1679 δίκαιόν
568 1637 601 1679 τι
619 1616 802 1697 ποιήσοντα
820 1613 875 1680 καὶ
893 1624 953 1680 τοῦ
971 1624 1030 1698 τῆς
1048 1617 1142 1698 δίκης

10 1739 13 1744 ·
127 1723 319 1806 ὀφλήματος
350 1723 684 1804 προσεγγυήσασθαι;
719 1720 783 1804 ἐγώ
810 1717 871 1806 μὲν
899 1716 1010 1786 οὐδέν’
1041 1717 1142 1804 οἶμαι.

127 1826 183 1894 καλ
210 1829 274 1912 γάρ
303 1822 382 1892 οὐδὲ
410 1827 572 1907 λόγουτὸ
595 1824 717 1911 πρᾶγμ’
745 1829 822 1909 ε”χον
846 1827 929 1908 ἐστί,
957 1829 1016 1892 τὸν
1040 1827 1142 1893 αὐτὸν

127 1935 217 2023 αὑτῷ
236 1935 280 2019 μή
300 1933 489 2016 δυνάμενον
506 1934 710 2016 κομίσασθαι
726 1935 900 2014 τάλαντον,
918 1941 1038 1997 τοῦτον
1052 1934 1141 2020 άλλφ

126 2039 195 2105 τινὶ
213 2041 355 2124 φάσκειν
374 2038 560 2103 ἀποτείσειν
578 2036 635 2103 καὶ
652 2034 744 2103 ταῦτ’
762 2039 955 2122 ἐγγυᾶσθαι.
985 2039 1068 2104 ἀλλὰ
1086 2036 1142 2104 καλ

128 2142 183 2210 ἀπ’
209 2146 319 2210 αὐτῶν
341 2145 470 2210 τούτων
494 2142 563 2209 ἐστὶ
587 2146 701 2228 δῆλον,
726 2146 776 2210 ότι
798 2146 859 2230 τήν
879 2144 944 2230 μέν
965 2142 1073 2229 προῖκ’
1099 2144 1142 2210 οὐ

129 2251 285 2334 δέδωκεν,
307 2246 382 2316 άντλ
405 2247 443 2316 δὲ
465 2255 599 2316 πολλῶν
621 2251 798 2335 χρημάτων
819 2263 887 2316 τῶν
911 2251 999 2336 ἐμῶν
1022 2253 1142 2328 οἰκεῖος

129 2359 177 2423 ῶν
196 2353 328 2443 Ἀφόβφ
350 2353 440 2420 ταῦτ’
464 2355 652 2440 ἀπετιμᾶτο,
676 2361 885 2442 κληρονόμον
907 2359 970 2440 τήν
992 2357 1143 2441 ἀδελφήν

88 2481 116 2521 12
130 2475 198 2529 τῶν
225 2462 312 2546 ἐμῶν
340 2457 408 2544 μετ’
435 2459 566 2526 ἐκείνου
591 2470 793 2544 καταστῆσαι
815 2465 1026 2547 βουλόμενος.
1071 2459 1142 2528 εἶτα

129 2578 194 2635 νῦν
225 2566 526 2652 παρακρούσασθαι
554 2571 642 2651 ζητεῖ
666 2565 722 2633 καὶ
750 2572 930 2652 φενακίζει,
963 2568 1069 2654 λέγων
1098 2569 1142 2646 ώς

129 2677 292 2760 πρότερον
324 2675 402 2749 τοὺς
433 2672 534 2758 ὅρους
565 2676 717 2756 ἔστησεν,
750 2672 770 2758 ή
801 2673 929 2740 ἐκεῖνον
956 2677 1017 2760 τήν
1044 2678 1142 2759 δίκην

129 2781 257 2864 όφλείν.
302 2778 344 2845 οὐ
372 2780 534 2863 πρότερόν
561 2776 592 2863 γ’
621 2777 642 2862 ἦ
669 2781 758 2863 παρὰ
786 2782 855 2862 σοί,
882 2789 947 2845 νῦν
973 2783 1005 2846 εί
1030 2781 1140 2866 άληθή

129 2884 243 2968 λέγεις.
281 2887 385 2967 δήλον
406 2885 470 2966 γάρ
493 2883 544 2949 ὅτι
566 2888 750 2968 καταγνοὺς
773 2885 905 2951 ἀδικίαν
926 2886 1029 2952 αὐτοῦ
1046 2886 1138 2954 ταῦτ’

129 2992 257 3069 ἐποίεις.
295 2987 366 3057 εἶτα
388 2988 444 3056 καὶ
465 2995 598 3073 γελοῖον
621 3001 720 3057 τοῦτο
745 2989 863 3074 λέγειν,
888 2993 998 3076 ὥσπερ
1018 2993 1078 3058 οὐκ
1097 2995 1141 3058 εί-

130 3099 238 3163 δότων
260 3096 365 3180 ὑμῶν,
389 3097 440 3161 ὅτι
462 3097 581 3173 πάντες
600 3097 636 3161 ολ
650 3099 690 3161 τά
708 3095 832 3162 τοιαῦτ’
855 3097 1048 3174 ἀδικοῦντες
1066 3119 1141 3164 σκο-

129 3213 230 3268 ποῦσι
257 3205 292 3267 τί
317 3200 484 3283 λέξουσιν,
511 3199 567 3266 καὶ
595 3201 706 3280 οὐδεὶς
732 3201 856 3268 πώποτ’
888 3199 979 3287 ὦφλε
1007 3216 1142 3270 σιωπῶν

130 3307 204 3374 οὐδ’
226 3309 355 3374 ἀδικεῖν
373 3308 559 3392 ὁμολογῶν·
583 3307 653 3374 ἀλλ’
677 3308 811 3375 ἐπειδὰν
830 3305 921 3394 οἶμαι
940 3305 1044 3393 μηδὲν
1063 3310 1141 3393 άλη-

128 3409 190 3490 θές
217 3412 324 3496 λόγων
346 3413 539 3499 ἐξελεγχθῇ,
566 3419 640 3482 τότε
663 3416 880 3497 γιγνώσκεται
903 3416 1018 3490 ὁποῖός
1041 3414 1139 3480 ἐστιν.

90 3541 115 3580 ιε
130 3520 211 3602 ὅπερ
234 3518 289 3584 καλ
312 3514 409 3596 οὗτος
430 3523 540 3603 ἔμοιγε
559 3521 653 3586 δοκεῖ
668 3521 813 3603 πάσχειν.
853 3517 932 3602 ἐπεὶ,
956 3519 1049 3603 φέρε,
1072 3529 1142 3595 πῶς
