2612 3918
494 321 586 372 ΚΑΤΑ
607 319 769 375 ΜΕΙΔΙΟΤ.
1095 317 1141 384 85

126 477 235 555 ἅπλῶς
268 478 375 555 οὕτως
406 479 565 563 ἠτίμωται
596 487 635 564 τή
669 479 757 565 ῥύμη
788 489 846 563 τῆς
873 480 974 565 ύργής
999 475 1055 545 καλ
1083 487 1143 564 τῆς

81 607 116 646 ιω
127 583 255 667 ὕβρεως
276 591 334 668 τής
351 585 507 651 Μειδίου.
543 589 587 662 τίς
605 579 662 650 οὖν
680 586 809 671 ύβρίζων
826 591 970 652 παύσεται
990 587 1041 650 καλ
1059 584 1101 651 δι’
1120 585 1142 652 ά

28 696 32 768 χ·
126 693 216 744 ταῦτα
239 691 322 746 ποιεῖ
339 679 461 766 χρήματ’
487 683 733 767 ἀφαιρεθήσεται,
761 687 788 748 εί
808 695 915 749 τούτον
937 686 1034 766 ὥσπερ
1057 684 1141 747 δεινὰ

28 791 32 845 ’,
126 776 266 863 πάσχοντ’
294 781 436 860 ἐλεήσετες
469 783 497 844 εί
527 781 561 843 δέ
589 804 632 855 τις
658 781 751 863 πένης
778 781 871 864 μηδέν
899 781 1050 863 ήδικηκὼς
1076 789 1141 855 ταῖς

26 947 27 952 1
126 877 259 959 ἐσχάταις
281 886 449 960 συμφοραῖς
472 879 582 953 ἀδίκως
604 879 664 942 ύπδ
687 881 793 942 τούτου
815 877 1025 960 περιπέπτωκε,
1047 879 1141 963 τούτῳ

25 971 27 1034 ξ
128 970 156 1035 δ’
177 973 248 1037 ούδέ
267 976 556 1058 συνοργισθήσεσθες
576 978 732 1058 μηδαμῶς·
757 976 855 1049 ούδελς
873 977 929 1058 γάρ
947 976 1008 1038 ἐστι
1026 977 1140 1047 δίκαιος

126 1072 281 1152 τυγχάνειν
299 1071 382 1135 ἐλέου
401 1082 459 1134 τῶν
477 1068 584 1154 μηδέν’
604 1073 776 1153 ἐλεούντων,
799 1071 869 1135 ούδέ
888 1072 1064 1155 συγγνώμης
1081 1081 1141 1132 τῶν

78 1192 113 1231 101
127 1167 375 1250 ἀσυγγνωμόνων.
419 1169 476 1253 ἐγὼ
497 1170 554 1254 γάρ
581 1167 664 1253 οἶμαι
689 1173 802 1246 πάντας
830 1169 1011 1253 ἀνθρώπους
1039 1170 1141 1252 φέρειν

128 1264 232 1340 ἀξιοῦν
254 1261 326 1347 παρ’
350 1264 464 1329 ἑαυτῶν
482 1269 525 1341 είς
542 1267 594 1330 τδν
612 1269 680 1350 βίον
698 1268 801 1341 αύτοῖς
818 1267 926 1350 ἔρανον
942 1267 1023 1350 παρὰ
1041 1263 1138 1330 πάνθ’

128 1359 182 1419 ὅσα
205 1360 394 1441 πράττουσιν,
417 1355 483 1422 οἷον
504 1359 562 1441 ἐγώ
584 1382 628 1434 τις
651 1359 751 1422 ούτοσλ
774 1358 889 1441 μέτριος
911 1359 986 1441 πρὸς
1009 1359 1141 1433 ἅπαντάς

127 1451 198 1536 εἰμ’,
216 1456 358 1537 ἐλεήμων,
376 1447 409 1518 εύ
428 1466 522 1519 ποιῶν
541 1458 681 1529 πολλούς·
700 1457 791 1518 άπασι
805 1456 946 1538 προσήκει
964 1461 1004 1541 τῷ
1017 1457 1140 1543 τοιούτῳ

127 1548 208 1614 ταῦτ’
235 1551 395 1634 εἰσφέρειν,
422 1553 475 1615 ἐάν
502 1576 555 1616 του
582 1553 683 1635 καιρδς
711 1551 732 1634 ή
754 1555 836 1635 χρεία
857 1563 999 1638 παραστῇ.
1044 1551 1140 1635 ἕτερος

128 1649 232 1711 οὑτοσί
251 1673 295 1723 τις
317 1651 429 1730 βίαιος,
457 1645 557 1712 οὐδέν’
582 1644 645 1712 οὔτ’
670 1648 758 1711 ἐλεῶν
781 1645 852 1712 οὔθ’
878 1649 953 1723 ὅλως
974 1647 1140 1730 άνθρωπον

128 1743 306 1828 ἡγούμενος·
343 1748 437 1834 τούτῳ
460 1746 511 1820 τδις
536 1744 639 1828 ὁμοίας
662 1745 759 1828 φορὰς
781 1741 853 1828 παρ’
878 1745 1002 1809 ἑκάστου
1024 1747 1141 1808 δίκαιον

128 1843 278 1924 ὑπάρχειν.
311 1844 349 1906 σύ
367 1843 405 1922 δή
423 1844 577 1926 πληρωτὴς
596 1845 732 1935 τοιούτου
750 1841 879 1926 γεγονὼς
895 1843 1017 1924 ἐράνου,
1030 1848 1142 1929 σεαυτῷ

128 1950 235 2016 τούτου
258 1942 373 2013 δίκαιος
396 1935 425 2004 εί
444 1939 648 2016 συλλέξασθαι

77 2088 115 2126 ωε
213 2057 378 2145 Ἡγοῦμαι
402 2058 464 2145 μέν
486 2065 603 2126 τοίνυν
626 2056 652 2127 ὦ
676 2062 796 2144 ἄνδρες
816 2058 1007 2145 Ἀθηναῖοι,
1034 2058 1089 2127 καλ
1113 2063 1145 2128 εί

128 2162 234 2250 μηδὲν
256 2161 301 2232 ἐτ’
322 2160 393 2232 ἀλλ’
415 2162 506 2251 εἶχον
528 2178 728 2251 κατηγορεῖν
747 2168 905 2249 Μειδίου,
928 2163 1012 2251 μηδὲ
1036 2168 1141 2232 δεινό·

128 2270 195 2356 περ’
221 2266 265 2355 ήν
292 2271 313 2338 δ
338 2273 445 2357 μέλλω
469 2272 579 2357 λέγειν
602 2268 650 2339 ὧν
673 2279 804 2357 είρηκα,
833 2274 970 2349 δικαίως
992 2271 1034 2337 ἀν
1056 2273 1142 2357 ὑμᾶς

129 2376 165 2442 ἐκ
184 2387 252 2442 τῶν
271 2378 453 2464 εἰρημένων
472 2378 526 2444 καλ
545 2382 845 2463 καταψηφίσασθαι
862 2376 918 2443 καὶ
936 2387 1035 2462 τιμάν
1053 2378 1141 2464 αύτῷ

127 2495 196 2549 τῶν
227 2483 382 2569 ἐσχάτων.
432 2485 474 2552 ού
502 2486 569 2570 μὴν
597 2483 733 2551 ἐνταῦθ’
767 2483 903 2569 ἔστηκεν
934 2485 972 2549 τὸ
1004 2480 1142 2569 πρᾶγμ’,

129 2588 203 2655 οὐδ’
230 2590 411 2675 ἀπορήσειν
437 2614 494 2676 μοι
522 2593 610 2657 δοκῶ
634 2603 703 2657 τῶν
725 2592 806 2677 μετὰ
827 2600 942 2656 ταῦτα·
975 2591 1142 2673 τοσαύτην

75 2723 116 2764 ιοι
130 2696 304 2780 ἀφθονίαν
322 2692 419 2774 οὗτος
436 2701 593 2780 πεποίηκε
606 2708 823 2782 κατηγοριῶν.
853 2697 904 2762 ὅτι
917 2692 978 2782 μέν
993 2696 1034 2780 δή
1050 2700 1142 2761 λιπο·

129 2805 244 2883 ταξίου
266 2804 401 2887 γραφήν
423 2805 662 2870 κατεσκεύασεν
682 2799 754 2869 κατ’
777 2801 868 2887 ἐμοῦ,
893 2800 947 2866 καλ
965 2803 1026 2868 τὸν
1043 2811 1142 2867 τοῦτο

129 2903 301 2993 ποιήσοντ’
332 2909 557 2994 ἐμισθώσατο,
589 2911 649 2976 τὸν
679 2909 800 2995 μιαρὸν
826 2907 882 2975 καλ
910 2911 985 2974 λίαν
1012 2908 1142 2994 εύχερή,

129 3017 188 3080 τὸν
207 3017 383 3099 κονιορτὸν
401 3015 610 3100 Εὐκτήμονα,
629 3015 724 3080 ἐάσω.
759 3012 813 3080 καὶ
832 3015 895 3100 γὰρ
915 3009 981 3080 οὔτ’
1003 3012 1194 3099 ἀνεκρί-σλσ

129 3145 210 3188 υατο
234 3121 359 3206 ταύτην
381 3120 401 3188 δ
423 3123 635 3206 συκοφάντης
658 3121 798 3206 ἐκεῖνος,
821 3119 898 3187 οὔθ’
926 3116 1025 3197 οὗτος
1047 3121 1142 3186 ούδε·

129 3231 188 3306 νὸς
216 3221 313 3293 εἵνεκ’
339 3225 442 3292 αὐτὸν
469 3227 696 3310 ἐμισθώσατο,
724 3227 812 3310 πλήν
838 3223 882 3291 ἵν’
909 3225 1053 3292 ἐκκέοιτο
1076 3228 1141 3312 πρὸ

129 3345 197 3400 τῶν
215 3333 398 3416 ἐπωνύμων
415 3330 470 3397 καὶ
489 3333 608 3408 πάντες
627 3332 732 3419 ὁρῷεν
752 3332 958 3416 ,Εύιιτήμων
976 3335 1142 3410 Λουσιεύς

130 3441 296 3526 ἐγράψατο
316 3438 544 3522 Δημοσθένην
563 3437 728 3502 Παιανιέα
751 3437 984 3514 λιποταξίου·“
1006 3443 1066 3504 καί
1085 3462 1142 3523 μοι

129 3550 225 3612 δοκεῖ
244 3544 307 3611 κάν
329 3545 612 3628 προσγράψασθαι
633 3541 733 3609 τοῦθ’
758 3542 878 3627 ήδίως,
907 3550 941 3608 εί
958 3566 1028 3618 πως
1050 3543 1141 3629 ένήν,

128 3653 180 3717 ὅτι
202 3653 346 3716 Μειδίου
368 3647 629 3731 μισθωσαμένου
646 3649 834 3729 γέγραπται.
873 3646 943 3712 ἀλλ’
967 3650 1009 3716 ἐῶ
1028 3659 1141 3714 τοῦτο·
