2644 4182
178 138 223 203 26
504 141 562 194 XX.
585 139 866 192 ΔΗΜΟΣΘΕΝΟΤΣ

178 299 260 384 ώμίν
291 297 345 366 καὶ
378 297 490 386 φιλίας
522 295 652 383 έποίησ’
688 299 817 384 ἐχθρῶς
849 298 989 383 ἐχούσας
1019 302 1194 385 πρότερον,

178 407 344 490 τρισχίλια
362 400 395 471 δ’
412 405 600 491 αἰχμάλωτα
619 405 754 489 σώματα
773 399 864 490 δεῦρ’
885 406 999 488 ήγαγε,
1017 403 1074 471 καλ
1092 405 1195 470 πλέον

179 509 201 596 ή
230 510 309 578 δέκα
338 508 394 577 καλ
421 509 539 578 ἑκατὸν
565 506 700 576 τάλαντ’
731 506 874 595 ἀπέφην’
906 509 970 577 ἀπὸ
998 521 1065 576 τών
1098 515 1195 576 πολε-

180 621 274 702 μίων.
310 615 366 683 καλ
388 618 516 683 τούτων
539 617 674 682 πάντων
696 615 791 701 ὑμῶν
812 613 901 694 τινες
924 615 960 682 οί
974 617 1195 701 πρεσβύτατοι

179 721 342 810 μάρτυρές
374 725 442 788 είσί
469 745 535 807 μοι.
586 723 669 809 πρὸς
700 718 737 788 δέ
764 722 895 800 τούτοις
923 723 1024 800 ἄλλας
1051 726 1195 809 τριήρεις

179 833 275 894 πλεῖν
297 828 319 913 ή
341 835 467 896 είκοσιν
490 820 558 895 ελλε
579 829 662 894 κατὰ
684 831 764 912 μίαν
785 827 922 894 καὶδύο
942 830 1132 913 λαμβάνων,
1157 827 1196 905 ἃς

136 931 309 1012 κολπώσας
329 937 378 1012 είς
399 937 479 1013 τοὺς
500 934 681 1020 ὑμετέρους
703 933 839 1019 λιμένας
860 936 1054 1018 κατήγαγεν.
1091 931 1141 1000 ένὶ
1160 931 1191 998 δ’
1303 1004 1305 1015 ,

180 1039 217 1107 έν
239 1042 407 1128 κεφαλαίῳ
431 1041 534 1125 μόνος
556 1051 623 1106 τῶν
646 1041 782 1106 πάντων
804 1050 999 1123 στρατηγῶν
1024 1039 1066 1106 οὐ
1086 1041 1195 1121 πόλιν,

180 1144 222 1212 οὐ
241 1146 417 1232 φρούριον,
437 1144 479 1213 οὐ
496 1155 593 1229 ναῦν,
613 1145 655 1212 οὐ
674 1146 878 1232 στρατιώτην
895 1145 1066 1212 ἀπώλεσεν
1081 1143 1192 1211 οὐδέν’

179 1250 365 1336 ἡγούμενος
398 1249 508 1336 ὑμῶν,
546 1249 625 1317 οὐδ’
660 1254 750 1317 ἔστιν
782 1248 897 1317 οὐδενί
928 1262 996 1317 τῶν
1027 1247 1196 1337 ὑμετέραν

180 1355 313 1442 ἐχθρῶν
338 1357 500 1444 τρόπαιον
527 1353 628 1423 οὐδὲν
656 1351 716 1441 ἀφ’
742 1357 836 1442 ὑμῶν
859 1380 895 1422 τε
916 1356 1087 1441 κάκείνου,
1116 1357 1196 1442 ὑμῖν

180 1459 212 1530 δ’
239 1463 303 1531 ἀπὸ
325 1468 461 1530 πολλῶν
483 1458 578 1528 πόλλ’
604 1459 734 1528 ἐκείνου
760 1472 1034 1548 στρατηγοῦντος.
1079 1464 1136 1531 ἵνα
1158 1459 1196 1530 δέ
1305 1540 1307 1563 Ι

179 1570 224 1654 μή
248 1568 356 1652 λέγων
377 1573 552 1652 παραλίπω
575 1591 608 1634 τι
629 1579 697 1634 τών
720 1567 961 1654 πεπραγμένων
984 1568 1088 1658 αὐτῷ,
1117 1569 1192 1635 ἀνα-

178 1675 342 1758 γνώσεται
367 1673 597 1760 γεγραμμένας
623 1673 704 1757 ὑμίν
731 1675 789 1750 τώς
810 1696 846 1739 τε
869 1683 953 1750 ναῦς
976 1675 1056 1752 ὅσας
1078 1678 1196 1759 ἔλαβεν
1305 1724 1307 1739 .

179 1778 235 1846 καὶ
266 1775 308 1847 οὗ
340 1780 494 1864 ἑκώστην,
528 1776 583 1844 καὶ
614 1790 682 1845 τών
714 1783 843 1845 πόλεων
874 1781 935 1846 τὸν
967 1778 1113 1865 ἀριθμὸν
1140 1778 1195 1846 καὶ

179 1897 247 1960 τῶν
269 1888 445 1971 χρημάτων
467 1887 504 1952 τὸ
528 1889 670 1970 πλῆθος,
692 1884 837 1952 καὶτῶν
859 1888 1038 1974 τροπαίων,
1062 1881 1103 1952 οὗ
1122 1885 1195 1952 ἕκα-

179 2008 269 2060 στον.
305 1990 390 2076 λέγε.

509 2192 670 2254 umam
688 2194 857 2248 ΧΔΒΡΙΟΤ.

135 2329 166 2370 τε
268 2315 376 2378 Δοκεῖ
406 2309 495 2376 τισὶν
526 2310 621 2395 ὑμῶν
653 2307 679 2377 ὦ
712 2277 833 2397 ένδρες
864 2308 1015 2379 δικασταὶ
1047 2305 1146 2390 οὗτος
1177 2312 1196 2379 ὁ

179 2418 341 2494 τοσαύτας
377 2419 490 2496 πόλεις
521 2416 635 2498 λαβὼν
666 2413 722 2481 καί
753 2418 899 2503 τριήρεις
930 2427 997 2482 τών
1028 2420 1196 2502 πολεμίων

179 2527 346 2611 ναυμαχίᾳ
377 2525 531 2605 νικήσας,
549 2520 619 2600 Ὶκαὶ
650 2522 820 2587 τοσούτων
853 2527 964 2588 καλῶν
996 2528 1099 2601 αίτιος
1126 2523 1186 2606 ὢν,
1196 2547 1249 2597 481

180 2632 321 2714 αίσχροῦ
345 2626 376 2695 δ’
399 2629 538 2705 οὐδενὸς
559 2637 599 2714 τη
622 2631 727 2710 πόλει,
751 2627 843 2707 ἄξιος
862 2624 949 2694 εἶναι
967 2628 1196 2714 ἀποστερηθή-

179 2759 237 2801 υαι
264 2736 326 2819 τήν
353 2732 518 2817 ἀτέλειαν,
547 2732 590 2818 ἣν
618 2733 732 2818 εὕρετο
758 2728 836 2818 παρ’
861 2733 957 2820 ὑμῶν
983 2732 1106 2823 καὶτῷ
1128 2735 1200 2801 νίεῑ
1314 2793 1315 2812 ,

179 2840 366 2918 κατέλιπεν;
396 2839 460 2923 ἐγώ
488 2834 549 2924 μὲν
577 2839 640 2905 οὐκ
666 2846 787 2924 οίομαι.
832 2838 888 2906 καί
915 2842 979 2925 γὰρ
1006 2839 1049 2906 ἂν
1071 2841 1196 2924 ἄλογον
1314 2819 1315 2862 ¹

180 2951 245 3029 είη·
268 2948 348 3030 μίαν
370 2941 432 3029 μὲν
454 2948 554 3010 πόλιν
575 2947 607 3010 εί
623 2944 792 3012 ἀπώλεσεν
810 2943 832 3030 ἢ
849 2955 933 3024 ναῦς
952 2944 1031 3012 δέκα
1051 2948 1196 3032 [μόνας],

180 3049 255 3138 περὶ
287 3052 469 3136 προδοσίας
500 3049 543 3118 δν
570 3052 673 3132 αὐτὸν
700 3053 914 3137 εἰσήγγελλον
942 3047 1051 3139 οὗτοι,
1083 3051 1138 3120 καὶ
1165 3056 1199 3120 εί

135 3175 167 3216 0⁰
180 3158 260 3242 ήλα,
284 3158 343 3226 τὸν
366 3152 484 3222 ἅπαντ’
507 3154 549 3223 δν
572 3154 744 3223 ἀπολώλει
766 3159 903 3243 χρόνον·
927 3155 1040 3244 ἐπειδή
1064 3156 1101 3225 δὲ
1119 3159 1198 3224 τοῦ·
1233 3199 1236 3204 -

180 3267 317 3330 ναντίον
339 3261 557 3330 ἑπτακαίδεκα
579 3259 640 3349 μὲν
659 3266 771 3341 πόλεις
789 3255 888 3348 εἷλεν,
912 3262 1139 3349 ἑβδομήκοντα
1158 3259 1197 3331 δὲ

179 3377 263 3447 ναῦς
285 3372 398 3453 ἔλαβε,
420 3373 624 3455 τρισχιλίους
647 3367 678 3436 δ’
704 3370 949 3454 αἰχμαλώτους,
977 3369 1057 3436 δέκα
1080 3365 1117 3436 δὲ
1139 3367 1197 3436 καὶ

176 3473 297 3541 ἑκατὸν
323 3472 456 3541 τάλαντ’
484 3475 649 3560 ἀπέφηνε,
677 3483 821 3541 τοσαῦτα
845 3473 876 3542 δ’
902 3477 1018 3559 ἔστησε
1042 3476 1198 3560 τρόπαια,
1279 3524 1281 3530 r
