2590 3900
428 171 524 221 RATA
542 170 809 223 Τεαοκειεονε.
1061 166 1127 233 239

116 332 215 414 έργον
238 340 382 412 ποιῆσαι.
420 331 530 415 ὥσπερ
552 332 669 394 τοίνυν
688 325 714 395 ὦ
734 331 853 412 ἄνδρες
869 325 1043 414 Ἀθηναῖοι
1061 340 1129 394 τῶν

116 434 192 521 περὶ
224 437 325 500 τάλλα
353 435 548 521 κακούργων
574 439 652 512 τοὺς
679 436 923 520 ὁμολογοῦντας
951 437 1032 501 ἀνευ
1059 439 1127 520 κρί-

117 558 199 619 σεως
222 543 372 620 κολάζειν
396 543 432 607 οί
451 545 549 625 νόμοι
571 543 780 624 κελεύουσιν,
809 541 895 608 οὕτω
919 543 1050 607 δίκαιον
1072 538 1128 606 καί

116 648 253 729 τούτου,
281 647 394 731 ἐπειδὴ
421 649 499 724 τοὺς
526 650 651 732 νόμους
672 659 868 734 κακουργῶν
891 653 1055 730 είληπται,
1083 646 1128 731 μὴ

118 754 238 829 δόντας
265 754 368 835 λόγον
391 749 466 838 μηδ’
493 754 716 837 ἐθελήσαντας
738 753 879 819 ἀκοῦσαι
901 752 1129 838 καταῦηφίσα·

118 865 212 924 σθαι·
228 859 418 943 ὡμολόγηκε
432 861 496 945 γάρ
509 858 641 948 θατέρῳ
655 862 747 947 νόμῳ
760 860 858 924 τόνδε
871 857 978 937 τιθεὶς
992 859 1128 924 ἀδικεῖν.

79 983 104 1024 ιι
199 962 270 1029 Ὅτι
289 961 349 1049 μὲν
363 967 479 1030 τοίνυν
493 964 549 1030 καί
562 966 651 1050 παρὰ
664 967 804 1040 τούτους
819 967 909 1045 [τοῦς
921 967 1059 1049 νόμους]
1073 961 1130 1029 καὶ

117 1072 205 1155 παρὰ
219 1073 297 1147 τοῦς
315 1069 585 1155 προειρημένους,
603 1068 659 1135 καὶ
677 1079 797 1155 μικροῦ
816 1068 880 1135 δέω
898 1072 986 1155 παρὰ
1004 1072 1130 1146 πάντας

117 1179 223 1242 εἰπεῖν
241 1179 319 1252 τοῦς
338 1178 435 1252 όντας
454 1175 491 1242 έν
508 1185 548 1262 τῇ
567 1179 671 1258 πόλει,
690 1178 810 1260 τέθηκε
829 1177 888 1240 τὸν
901 1178 1018 1260 νόμον,
1037 1171 1129 1259 οἶμαι

118 1283 222 1366 δῆλον
236 1282 359 1346 ἅπασιν
377 1282 458 1365 ὑμῖν
473 1276 568 1347 εἶναι.
597 1283 756 1366 θαυμάζω
771 1278 802 1346 δ’
818 1282 922 1347 αὐτοῦ
935 1283 971 1346 τί
981 1285 1039 1346 καί
1049 1303 1129 1346 ποτε

116 1391 273 1472 τολμήσει
291 1385 400 1470 λέγειν
419 1386 495 1472 περὶ
512 1388 650 1453 τούτων.
678 1389 754 1453 οῦτε
768 1390 832 1473 γάρ
846 1388 891 1465 ὡς
905 1387 966 1452 οὐκ
980 1386 1129 1463 ἐναντίος

117 1490 191 1575 ἔσθ’
219 1494 237 1559 δ
260 1496 367 1578 νόμος
384 1503 454 1570 τοῖς
477 1493 589 1570 ἀλλοις
613 1494 779 1559 δεικνύειν
802 1493 876 1575 ἕξει,
900 1490 977 1558 οὔθ’
1004 1493 1048 1571 ὡς
1071 1489 1115 1557 δι’
1129 1509 1181 1558 ⁷22

117 1600 272 1682 ἀπειρίαν
297 1598 433 1681 ἰδιώτην
456 1599 559 1663 αὐτὸν
582 1600 662 1664 ὄντα
684 1594 774 1665 τοῦτ’
795 1602 918 1665 ἔλαθεν
937 1595 1063 1665 δύναιτ’
1086 1597 1130 1664 ἀν

116 1717 239 1771 πεῖσαι·
263 1704 362 1794 πάλαι
385 1705 449 1788 γδιρ
473 1711 599 1788 μισθοῦ
616 1703 671 1770 καὶ
690 1706 830 1791 γράφων
847 1702 903 1770 καὶ
920 1706 1045 1787 νόμους
1062 1707 1129 1769 είσ-

77 1831 102 1872 ιτ
115 1810 233 1896 ,φέρων
260 1806 372 1876 διπται.
413 1808 468 1875 καὶ
495 1811 561 1894 μην
589 1808 662 1876 οὐδ’
688 1810 794 1876 έκεῑνό
822 1807 853 1894 γ’
877 1813 1005 1876 ένεστιν
1028 1811 1129 1899 αὐτῷ,

117 1917 261 2000 ἀδίκημα
284 1913 345 2000 μὲν
368 1911 514 1982 εἶναιτὸ
537 1914 658 2002 πρᾶγμ’
686 1917 903 2001 ὁμολογῆσαι,
931 1917 1129 2000 συγγνώμης

118 2019 155 2088 δὲ
173 2033 286 2107 τυχεῖν
304 2021 433 2102 ἀξιοῦν·
457 2022 497 2087 οὐ
516 2023 580 2105 γάρ
600 2023 690 2088 ἀκων
709 2020 782 2088 οὐδ’
805 2019 887 2108 ὑπὲρ
906 2023 1127 2107 ἠτυχηκότων,

118 2124 191 2193 οὐδ’
208 2123 292 2213 ὑπὲρ
310 2137 482 2211 συγγενῶν
500 2126 555 2194 καὶ
574 2128 764 2212 ἀναγκαίων
783 2129 871 2220 αὐτῷ
889 2130 1038 2210 τεθηκὼς
1052 2133 1128 2212 φαί-

115 2257 209 2300 νεται
235 2235 294 2298 τὸν
321 2237 441 2317 νόμον,
469 2231 541 2299 ἀλλ’
568 2233 653 2300 ἑκὼν
674 2231 758 2319 ὑπὲρ
782 2231 895 2319 μεγάλ’
922 2235 1128 2318 ἠδικηκότων

117 2340 213 2424 ὑμᾶς,
233 2337 334 2405 οὐδὲν
348 2343 586 2425 προσηκόντων
600 2341 701 2428 αὐτῷ,
719 2342 806 2424 πλὴν
820 2342 852 2405 εί
863 2351 1035 2422 συγγενεῖς
1047 2340 1128 2406 ὑπο-

118 2446 300 2530 λαμβάνειν
323 2443 427 2530 φησὶν
449 2449 528 2523 τοῦς
550 2445 799 2529 μισθουμένους
821 2445 932 2510 αὐτόν.

77 2573 103 2613 ιε
157 2621 159 2624 ,
202 2549 259 2628 Ὡς
280 2554 397 2616 τοίνυν
420 2545 492 2616 οὐδ’
515 2550 701 2636 ἐπιτήδειον
723 2554 829 2636 νόμον
850 2551 930 2634 ύμῖν
948 2548 1027 2617 ούδδ
1046 2569 1128 2638 συμ-

117 2654 251 2743 φέροντ’
283 2659 487 2742 είσενήνοχε,
519 2656 607 2722 τοῦτ’
638 2658 702 2741 ἤδη
732 2657 929 2742 πειράσομαι
955 2656 1034 2723 νυνὶ
1061 2660 1128 2725 δει-
1178 2671 1180 2676 ’

116 2765 241 2830 κνύειν.
288 2759 379 2848 οἶμαι
407 2764 449 2846 δὴ
476 2763 601 2840 πάντας
629 2761 670 2827 ἀν
697 2763 782 2847 ὑμᾶς
810 2763 1027 2848 ὁμολογῆσαι,
1055 2767 1127 2831 δεῖν

116 2872 177 2937 τὸν
204 2871 315 2956 ὀρθῶς
342 2871 460 2953 έχοντα
486 2871 592 2953 νόμον
618 2866 674 2934 καὶ
700 2873 871 2935 συνοίσειν
898 2870 1058 2954 μέλλοντα
1080 2882 1127 2960 τῷ

116 2979 249 3061 πλήθει,
272 2987 405 3060 πρῶτον
427 2972 488 3059 μὲν
511 2974 621 3053 ἁπλῶς
642 2974 697 3041 καὶ
719 2986 799 3042 πᾶσι
819 2981 992 3062 γνωρίμως
1009 2982 1126 3063 γεγρά-

116 3088 216 3166 φθαι,
239 3079 294 3146 καὶ
317 3082 360 3165 μὴ
383 3089 428 3170 τῷ
452 3079 514 3164 μὲν
538 3077 623 3147 εἶναι
640 3081 736 3147 ταυτί
754 3081 829 3167 περὶ
848 3083 950 3147 αὐτοῦ
969 3087 1125 3168 νομίζειν,

117 3195 161 3275 τῷ
186 3183 224 3252 δὲ
246 3191 348 3253 ταυτί.
386 3184 484 3252 ἔπειτ’
507 3182 593 3252 εἶναι
615 3189 759 3264 δυνατάς
777 3189 834 3264 τάς
852 3187 994 3273 πράξεις,
1018 3187 1057 3265 ἃς
1075 3191 1127 3254 δεῖ

115 3296 293 3377 γίγνεσθαι
316 3295 373 3359 διὰ
394 3303 455 3359 τοῦ
478 3296 597 3378 νόμον·
629 3295 660 3359 εί
680 3295 744 3379 γάρ
767 3287 810 3358 αὖ
833 3299 939 3370 καλῶς
961 3290 1022 3378 μὲν
1044 3297 1125 3378 έχοι,

116 3401 161 3484 μὴ
190 3400 336 3466 δυνατὸν
360 3400 400 3468 δέ
419 3423 450 3466 τι
473 3401 606 3484 φράζοι,
635 3400 747 3484 εύχης,
776 3399 817 3465 ού
838 3402 945 3484 νόμου
969 3387 1123 3483 διαπράτ-

76 3525 102 3566 ω
116 3500 198 3572 τοιτ’
215 3504 257 3572 άν
275 3507 382 3592 ἔργον.
411 3508 495 3590 πρὸς
513 3502 550 3571 δὲ
563 3506 693 3583 τούτοις
707 3503 824 3589 μηδενὶ
837 3516 904 3572 τῶν
918 3505 1125 3570 ἀδικούντων
