2644 4182
163 143 206 206 28
489 145 546 197 XX.
571 144 851 197 ΔΗΜΟΣΘΕΝΟΤΣ

163 305 295 387 ἔστησε,
326 314 394 369 τῶν
425 299 457 371 δ’
489 301 542 370 ἐπὶ
568 305 700 382 τούτοις
728 304 876 388 δωρειῶν
903 303 1119 390 ἀφῃρημένον
1145 327 1177 370 τι

163 413 337 493 φαίνηται;
372 408 413 474 ού
446 404 604 487 σκέψεσθ’
636 404 662 476 δι
695 411 816 494 ἄνδρες
839 408 1013 494 Ἀθηναῖοι
1039 406 1095 474 καὶ
1123 414 1178 475 λο·
1299 461 1301 473 .

162 522 304 599 γιεῖσθε,
327 515 379 580 ὅτι
401 523 467 582 νῦν
486 515 547 600 ούχ
566 514 584 581 ὁ
603 517 705 600 νόμος
723 519 870 602 κρίνεται
887 512 998 596 πότερ’
1020 513 1086 580 ἔστ’
1109 515 1176 580 ἐπι·

161 622 291 705 τήδειος
318 618 339 705 ή
369 620 426 703 οὕ,
457 618 528 687 ἀλλ’
555 620 649 704 ὑμεῖς
677 614 888 704 δοκιμάζεσθ’
914 617 972 686 είτ’
999 620 1178 703 ἐπιτήδειοι

161 725 300 811 πάσχειν
324 724 392 792 ἔστ’
419 720 457 793 εὖ
480 727 540 792 τὸν
562 726 683 791 λοιπὸν
705 726 829 810 χρόνον
852 732 916 792 εῖτε
939 727 998 810 μή;

122 850 149 892 ει
250 828 343 916 Δαβδ
371 833 412 916 δή
440 829 495 898 καὶ
521 832 559 899 τδ
589 839 634 920 τῷ
659 834 789 918 Χαβρία
816 834 972 916 ψήφισμα
993 831 1177 916 ψηφισθέν.

163 937 224 1023 δρα
254 939 296 1023 δή
323 935 379 1003 καὶ
405 939 533 1004 σκόπει·
569 938 624 1004 δεῖ
643 938 707 1024 γάρ
731 932 804 1003 αὕτ’
830 935 966 1004 ἐνταῦθ’
993 932 1083 1003 εἶναί
1101 959 1177 1005 που.

249 1037 331 1127 Ἐγὼ
355 1041 384 1108 δ’
412 1047 460 1110 ἔτι
483 1038 572 1110 τοῦτ’
598 1045 704 1108 είπεῖν
728 1039 811 1127 ὑπὲρ
830 1047 981 1130 Χαβρίου
1004 1044 1176 1129 βούλομαι

162 1147 256 1232 ὑμεῖς
283 1145 309 1215 ὦ
337 1150 457 1233 ἄνδρες
483 1143 655 1234 Ἀθηναῖοι
684 1147 842 1233 τιμῶντές
873 1144 946 1215 ποτ’
975 1145 1176 1235 Ἰφικράτην,

163 1254 205 1320 ού
227 1257 332 1339 μόνον
351 1255 454 1323 αὐτὸν
472 1252 653 1340 ἐτιμήσατ’,
677 1253 835 1321 ἀλλὰκαὶ
855 1249 899 1321 δι’
922 1254 1051 1322 ἐκεῖνον
1069 1258 1177 1339 Στρά·
1307 1303 1308 1308 1

162 1363 248 1444 βακα
274 1359 329 1427 καὶ
353 1361 604 1448 Πολύστρατον·
640 1359 695 1426 καὶ
722 1362 823 1427 πάλιν
850 1359 1003 1450 Τιμοθέῳ
1026 1363 1177 1440 διδόντες

162 1467 224 1550 τήν
256 1467 412 1551 δωρειάν,
446 1461 490 1533 δι’
521 1466 651 1533 ἐκεῖνον
681 1465 824 1533 ἐδώκατε
852 1464 907 1532 καὶ
935 1468 1094 1556 Κλεάρχῳ
1121 1472 1181 1534 καί
1308 1504 1309 1550 2

162 1587 250 1637 τισιν
269 1573 381 1649 όίλλοις
399 1577 577 1640 πολιτείαν.
612 1575 758 1656 Χαβρίας
777 1566 808 1638 δ’
826 1572 925 1650 αὐτὸς
941 1572 1081 1657 ἐτιμήθη
1095 1569 1173 1660 παρ’

122 1696 149 1740 ιο
162 1677 243 1762 ύμῖν
267 1681 377 1762 μόνος.
424 1680 456 1743 εί
477 1679 518 1761 δή
541 1672 629 1760 τόθ’,
654 1674 709 1743 ὅθ’
737 1677 906 1763 εὑρίσκετο
930 1679 990 1762 τήν
1013 1679 1229 1763 δαρειάν,48ι1

162 1781 275 1866 ήξίωσ’
302 1784 400 1868 ὑμᾶς,
430 1784 540 1868 ὥσπερ
568 1781 612 1850 δι’
641 1782 830 1869 Ἰφικράτην
857 1782 913 1850 καὶ
943 1787 1110 1869 Τιμόθεον
1137 1781 1176 1852 εὖ

162 1889 256 1966 τινὰς
274 1892 481 1973 πεποιήκατε,
505 1889 592 1956 ούτοι
610 1887 665 1956 καὶ
685 1887 729 1956 δι’
753 1888 871 1956 ἑαυτὸν
890 1885 929 1955 εὖ
946 1899 1083 1974 ποιήσαι
1101 1893 1177 1956 τού·

162 2018 230 2060 των
252 1997 345 2072 τινάς
362 2007 429 2062 τῶν
448 1994 639 2079 εὑρημένων
657 1996 719 2079 τήν
738 1994 898 2077 ἀτέλειαν,
922 1995 981 2073 οὓς
999 2005 1064 2061 νῦν
1082 1991 1177 2064 οὗτοι

163 2103 368 2186 μεμφόμενοι
399 2102 524 2177 πάντας
559 2101 776 2184 ἀφαιρεῖσθαι
807 2102 1017 2185 κελεύουσιν,
1055 2103 1177 2188 ὁμοίως

163 2207 225 2274 ούκ
249 2206 291 2272 άν
313 2206 455 2273 ἐδώκατε
478 2208 601 2291 ταύτην
626 2207 713 2294 αὐτῷ
737 2207 798 2290 τήν
821 2209 932 2292 χάριν;
957 2205 1054 2292 ἔγωγ’
1076 2208 1177 2293 ήγοῦ-

123 2332 150 2375 ει
163 2336 230 2397 μαι.
275 2308 340 2378 εἶθ’
372 2305 423 2390 οἷς
451 2307 496 2379 δι’
528 2312 656 2379 ἐκεῖνον
683 2311 726 2378 διν
752 2310 820 2378 τότ’
852 2312 994 2380 ἐδώκατε
1022 2315 1178 2400 δωρειάν,

163 2420 219 2484 διὰ
241 2419 380 2497 τούτους
402 2427 467 2486 νῦν
490 2418 593 2484 αὐτὸν
617 2417 746 2484 ἐκεῖνον
769 2417 999 2505 ἀφαιρήσεσθε
1021 2421 1083 2503 τήν
1106 2419 1177 2487 άτό-

163 2529 270 2603 λειαν;
299 2519 371 2590 ἀλλ’
398 2525 531 2608 άλογον.
577 2521 656 2590 οὐδὲ
684 2525 747 2609 γάρ
772 2524 853 2608 ὑμῖν
877 2524 1030 2610 ἁρμόττει
1053 2527 1178 2610 δοκεῖν,

163 2630 252 2714 παρά
275 2626 335 2714 μὲν
357 2630 416 2706 τάς
439 2629 628 2714 εὐεργεσίας
651 2629 738 2694 οὕτω
762 2634 944 2715 προχείρως
966 2631 1069 2715 ἔχειν,
1093 2634 1177 2699 ὥστε

163 2736 206 2820 μή
227 2737 351 2819 μόνους
369 2734 492 2811 αὐτούς
508 2737 587 2811 τοὺς
606 2733 778 2820 εὐεργέτας
796 2745 904 2820 τιμᾶν,
924 2735 1007 2801 ἀλλά
1026 2735 1178 2816 καὶτοὺς

163 2843 300 2908 ἐκείνων
323 2845 453 2924 φίλους,
478 2841 612 2908 ἐπειδάν
632 2837 669 2906 δὲ
687 2843 807 2926 χρόνος
826 2841 944 2928 διέλθη
963 2844 1098 2929 βραχύς,
1121 2843 1178 2911 καὶ

163 2943 215 3015 όσ’
241 2947 355 3024 αὐτοῖς
378 2947 556 3028 δεδώκατε,
580 2941 670 3012 ταῦτ’
696 2945 922 3031 ἀφαιρεῖσθαι

351 3159 573 3210 ΨΗΦΙΣΜΔΤΑ
591 3157 666 3209 ΤΩΝ
683 3157 843 3210 ΧΔΒΡΙΟΤ
861 3159 984 3213 ΤΙΜΩΝ.

123 3285 149 3328 ιι
257 3263 325 3342 Οὓς
342 3260 404 3350 μὲν
421 3266 537 3330 τοίνυν
557 3263 737 3348 ἀδικήσετε,
757 3266 788 3329 εί
800 3265 844 3349 μή
859 3266 974 3332 λύσετε
988 3267 1047 3333 τὸν
1060 3270 1178 3352 νόμον,

164 3372 246 3458 πρὸς
269 3374 406 3448 πολλοῖς
425 3371 547 3452 ἄλλοις,
571 3368 630 3446 οὓς
649 3366 816 3453 ἀκηκόατ’,
840 3368 925 3436 είσὶν
945 3366 971 3436 ό)
990 3371 1110 3457 ἄνδρες
1129 3374 1177 3438 δι-

165 3480 290 3544 κασταί.
337 3488 487 3542 σκοπεῖτε
520 3476 561 3558 δή
594 3473 649 3541 καὶ
677 3472 851 3559 λογίσασθ’
883 3475 919 3542 ἐν
946 3477 1026 3561 ὑμῖν
1054 3477 1179 3562 αὐτοῖς,
