2938 4180
235 143 299 206 198
534 144 634 198 XXllL
656 141 935 194 ΔΗΜΟΣΘΕΚΟΤΣ

635 407 834 459 ΕΠΙΣΤΟΔΗ.

319 509 474 600 Ἐπίσχες.
505 507 703 599 ἐνθυμεῖσθ’
720 513 771 578 ὅτι
788 513 918 597 γράψας
935 509 996 598 μὲν
1015 512 1250 590 ὡς’ἀποθύσει

233 621 459 704 Χερρόνησον,
482 621 522 684 τὰ
545 613 632 685 λοίπ’
654 619 839 704 ἀφελέσθαι
862 621 1035 703 μισθώσας
1055 618 1158 684 αὑτὸν
1175 627 1251 696 τοῖς

234 723 404 810 ὑμετέροις
423 724 557 810 ἐχθροῖς
575 724 744 810 ἐπεχείρει,
764 725 894 808 γράψας
913 721 943 790 θ’
966 723 1010 800 όις
1026 721 1252 807 Ἀλεξάνδρου

233 827 526 915 πρεσβευσαμένου
548 831 630 913 πρὸς
653 829 755 896 αὐτὸν
779 829 820 895 ού
843 828 1074 914 προσεδέξατο,
1096 821 1166 906 τοῖς
1189 835 1249 915 λη-

234 948 326 1014 σταῖς
340 940 493 1022 φαίνεται
506 947 576 1014 τοῖς
589 933 665 1020 παρ’
684 936 813 1002 ἐκείνου
827 935 928 1002 ταύτὰ
942 937 1104 1019 πράττων.
1126 937 1250 1013 εὔνους

233 1039 281 1128 γ’,
304 1042 345 1108 ού
366 1043 444 1126 χθρς
469 1039 579 1118 ἁπλῶς
597 1041 688 1126 ὑμῖν,
711 1039 766 1108 καὶ
786 1037 885 1107 οὐδέν
905 1041 1088 1118 ἐπιστείλας
1106 1039 1149 1107 όν
1167 1050 1250 1118 ψεῦ-

236 1149 294 1226 δος
317 1143 389 1213 οὐδ’
417 1145 628 1230 ἐξαπατήσας.

183 1269 221 1312 ιιι
325 1252 375 1318 Ού
393 1254 510 1317 τοίνυν
529 1252 565 1317 ἐκ
582 1253 711 1318 τούτων
729 1273 779 1318 πω
800 1253 903 1336 θῆλύν
921 1249 1009 1335 ἐσθ’,
1028 1252 1115 1318 οὕτω
1130 1263 1250 1336 σαφῶς

235 1359 339 1442 δῆλον
358 1359 408 1440 όν,
427 1357 472 1434 ὡς
491 1355 590 1423 οὐδὲν
609 1359 727 1426 πιστόν
741 1355 814 1424 ἐσθ’
832 1352 880 1423 ὧν
894 1357 1018 1434 ἐκεῖνός
1031 1375 1115 1442 φησι
1130 1361 1248 1440 [προσ-

234 1465 389 1544 ποιεῖται]
413 1472 452 1548 τῇ
475 1465 570 1529 πόλει
592 1463 777 1549 προσέχειν,
801 1457 873 1529 ἀλλ’
894 1463 930 1529 ἐκ
951 1475 1019 1530 τῶν
1041 1464 1121 1548 μετὰ
1143 1473 1248 1530 ταῦτα

235 1570 434 1654 συμβάντων
462 1571 553 1635 ἐσται
580 1570 821 1653 φανερώτερον.
866 1571 926 1636 τὸν
951 1567 1012 1654 μὲν
1034 1572 1098 1654 γάρ
1123 1572 1247 1652 Κότυν,

234 1668 274 1742 εὖ
296 1685 414 1757 ποιῶν,
437 1675 517 1740 ὄντα
539 1672 570 1758 μ’
596 1674 720 1761 ἐχθρὸν
743 1675 822 1760 ὑμῖν
844 1673 900 1741 καὶ
923 1677 1071 1760 πονηρὸν
1094 1676 1248 1742 ἀποκτίν-

234 1797 335 1846 νυσιν
358 1779 375 1846 ό
396 1780 538 1863 Πύθων,
562 1779 580 1848 ὁ
605 1777 641 1846 δέ
660 1779 911 1865 Κερσοβλέπτης
933 1780 951 1846 ὁ
974 1791 1040 1848 νῦν
1060 1781 1248 1865 βασιλεύων

234 1887 469 1972 μειρακύλλιον
487 1881 529 1968 ἦν
547 1884 603 1952 καὶ
621 1887 740 1964 πάντες
758 1887 795 1952 οί
809 1893 870 1951 τοῦ
888 1888 1018 1963 Κότυος
1035 1888 1160 1968 παῖδες,
1178 1897 1248 1951 τῶν

236 1987 273 2058 δέ
286 1991 488 2078 πραγμάτων
501 1991 616 2075 κύριος
630 1993 686 2058 διὰ
699 1993 760 2076 την
773 1995 960 2078 παρουσίαν
973 1989 1029 2057 καὶ
1044 1994 1082 2057 τὸ
1103 1992 1248 2076 δύναμιν

235 2101 323 2184 ἔχειν
342 2096 360 2162 ό
376 2100 566 2184 Χαρίδημος
583 2095 739 2180 ἐγεγόνει,
758 2092 838 2181 ἧκεν
852 2093 888 2164 δὲ
903 2099 1136 2182 Κηφισόδοτος
1149 2115 1247 2182 στρα-

235 2215 361 2290 τηγῶν,
388 2205 471 2288 πρὸς
494 2201 534 2268 ὃν
557 2202 656 2280 αὐτὸς
678 2206 800 2286 έπεμψε
822 2203 884 2286 τὴν
907 2201 1083 2287 ἐπιστολὴν
1106 2203 1246 2289 ἐκείνην,

236 2308 290 2375 καὶ
318 2309 356 2374 αί
379 2311 538 2394 τριήρεις,
572 2311 621 2392 αθ,
654 2307 700 2375 ὅτ’
731 2305 774 2393 ἦν
801 2311 908 2396 όίὸηλα
933 2311 974 2375 τά
1000 2318 1058 2393 τῆς
1084 2313 1246 2394 σωτηρίας

236 2415 336 2504 αὐτῷ,
356 2413 417 2481 καί
430 2417 474 2501 μὴ
494 2425 747 2501 συγχωροῦντος
759 2413 959 2499 Ἀρταβάζου
974 2414 1090 2504 σῴζειν
1103 2417 1245 2500 ἤμελλον

184 2541 223 2582 ιιι
237 2521 349 2586 αὐτόν.
394 2509 429 2586 τί
459 2522 499 2605 δὴ
512 2533 693 2608 προσῆκεν
721 2517 747 2587 ὦ
775 2522 894 2608 ἄνδρες
918 2516 1090 2604 Ἀθηναῖοι
1117 2513 1175 2588 τὸν
1203 2523 1246 2599 ὡς

237 2627 371 2711 άληθῶς
398 2625 527 2693 ἁπλοῦν
550 2625 605 2693 καὶ
627 2631 743 2712 φίλον,
771 2621 935 2712 παρόντος
957 2623 1018 2711 μέν
1041 2637 1235 2711 στρατηγοῦ,
1246 2639 1297 2689 67⁶
1360 2705 1363 2727 1

237 2732 298 2818 οὐχ
327 2727 374 2798 ὧν
402 2731 527 2808 ἐκεῖνος
554 2735 678 2816 ἔφησεν
705 2732 794 2820 αύτιβ
823 2738 968 2817 φθονεῖν
991 2732 1143 2816 οὐθενός,
1171 2731 1241 2799 ἀλλ’

237 2839 278 2905 ὃν
301 2825 400 2916 αὐτὸς
423 2835 543 2904 ἑαυτοῦ
566 2840 668 2922 φίλον
690 2841 861 2924 προείλετο
883 2848 950 2903 τῶν
972 2831 1049 2921 παρ’
1074 2839 1169 2922 ὑμῖν,
1191 2836 1245 2904 καὶ

236 2945 319 3028 πρὸς
348 2943 388 3009 ὃν
414 2945 476 3028 την
500 2943 677 3027 ἐπιστολὴν
699 2943 895 3028 ἐπεπόμφει,
922 2946 1188 3028 τετελευτηκότος
1204 2942 1245 3030 ,όέ

237 3060 298 3117 τοῦ
316 3053 457 3133 Κότυος,
478 3050 597 3134 κύριον
616 3048 646 3114 θ’
669 3050 749 3129 ὅντα
767 3061 835 3115 τῶν
851 3051 1067 3135 πραγμάτωνς
1088 3049 1150 3116 ούκ
1168 3051 1242 3117 άπο-

236 3140 357 3222 δοῦναι
385 3151 446 3240 μέν
473 3156 534 3238 τὴν
561 3155 673 3239 χώραν
700 3153 827 3230 εὐθέως
853 3153 949 3238 ὑμῖν,
980 3163 1076 3240 κοινῇ
1104 3151 1141 3220 δέ
1168 3151 1243 3240 μεθ’

237 3263 332 3346 ὑμῶν
355 3261 554 3326 καθιστάναι
574 3261 633 3325 τὸν
652 3257 788 3342 βασιλέα
805 3267 863 3343 τῆς
882 3257 1023 3346 Θρᾴκης,
1047 3261 1195 3344 δηλῶσαι
1212 3259 1242 3328 θ’

239 3370 284 3444 ὡς
310 3363 398 3452 εἶχεν
426 3366 592 3442 εὐνοικῶς,
606 3365 700 3449 ὑμῖν,
727 3375 847 3449 καιροῦ
869 3367 1023 3431 τοιούτου
1046 3369 1243 3451 λαβόμενον;

186 3489 226 3558 ιιι
241 3467 336 3553 ἔγωγ’
362 3469 405 3536 ἂν
427 3474 540 3555 φαίην.
583 3464 634 3556 ἆρ’
663 3465 725 3536 οὖν
748 3469 883 3556 ἐποίησέ
902 3493 934 3536 τι
955 3472 1098 3550 τούτους
1120 3475 1244 3538 πολλοῦ
