2612 3918
476 177 561 266 κατ’
580 179 844 233 mammon.
1102 177 1164 242 131
1222 136 1224 139 V

159 337 268 416 ἁπλῶς
289 341 348 417 τάς
370 336 432 426 μὲν
454 342 638 426 προφάσεις
661 339 807 425 ἀνέλητε,
832 350 958 425 φανῆτε
982 335 1014 407 δ’
1039 340 1162 426 ἀφηρη-

157 443 252 529 μένοι
274 448 336 530 την
355 447 496 532 δωρειάν
516 446 566 512 ὅτι
584 448 642 524 τάς
659 457 742 524 ναῦς
761 447 802 513 οὐ
820 451 1024 532 πεποιήνται,
1048 448 1167 522 πάντες

155 548 181 617 ὦ
202 553 323 635 ἀνδρες
338 550 511 637 Ἀθηναῖοι
528 552 749 637 πεποιημένας
766 553 846 637 ὑμῖν
859 555 1093 639 παραδώσουσι
1109 554 1167 630 τάς

156 661 311 744 τριήρεις,
330 659 437 724 πάντα
450 660 552 725 τάλλα
570 655 647 742 παρ’
664 657 746 743 ὑμῖν
760 649 1167 744 ἑορακότεςάσθενέστερα

155 773 216 830 τοῦ
243 767 350 849 νόμου
372 764 581 850 γεγενημένα.
629 764 680 830 ὅτι
702 768 818 831 τοίνυν
842 759 915 830 οὐδ’
942 771 1045 843 αῖτιος
1068 767 1167 843 ἀλλος

156 869 267 946 οὐδεὶς
290 870 481 956 ἀνθρώπων
506 870 601 952 [ἐστὶ]
624 880 685 937 τοῦ
708 870 752 956 μὴ
775 877 977 954 πεποιῆσθαι
999 873 1055 949 τάς
1073 881 1165 952 ναῦς,

154 987 254 1044 τοῦτο
277 989 396 1062 σαφῶς
417 977 498 1062 ὑμῖν
522 978 685 1056 ἐπιδείξω·
709 977 873 1042 ἀνελοῦσα
891 978 954 1063 χάρ
973 979 1032 1042 τὸν
1050 980 1166 1062 νόμον,

155 1093 276 1150 τοῦτον
299 1082 548 1169 ἐχειροτόνησεν
571 1082 680 1170 ἑαυτῇ.

115 1203 141 1244 ²1
236 1187 308 1256 Ἔτι
330 1193 447 1255 τοίνυν
470 1190 629 1275 ἐπιχειρεῖ
649 1187 757 1273 λέγειν
779 1187 854 1275 περὶ
876 1199 937 1258 τοῦ
959 1199 1017 1274 τῆς
1039 1188 1165 1275 ἑταιρη-

155 1311 238 1372 σεως
260 1298 378 1381 νόμον,
402 1299 446 1374 ὡς
469 1297 644 1383 ὑβρίζομεν
666 1296 758 1382 ἡμεῖς
781 1295 836 1362 καὶ
858 1299 1070 1381 βλασφημίας
1092 1296 1166 1380 οὐχῖ

155 1404 387 1488 προσηκούσας
418 1399 489 1469 κατ’
520 1403 623 1468 αὐτοῦ
654 1403 850 1486 ποιούμεθα.
900 1401 956 1468 καὶ
985 1400 1067 1487 φησὶ
1095 1403 1167 1467 δεῖν

155 1507 250 1593 ἡμᾶς,
273 1515 364 1596 εῖπερ
388 1509 603 1595 ἐπιστεύομεν
626 1505 711 1575 εἶναι
730 1507 820 1575 ταῦτ’
845 1509 965 1592 ἀληθῆ,
989 1510 1071 1593 πρὸς
1089 1510 1168 1584 τοὺς

155 1614 364 1700 θεσμοθέτας
387 1615 551 1699 ἀπαντᾶν,
582 1613 626 1682 ἵν’
654 1615 722 1681 ἐκεῖ
741 1614 816 1701 περὶ
839 1621 955 1700 χιλιῶν
978 1613 1167 1682 ἐκινδυνεύ-

156 1744 252 1806 ομεν,
285 1724 317 1788 εί
345 1723 628 1806 καταψευδόμενοι
659 1719 750 1789 ταῦτ’
783 1722 1002 1805 ἐφαινόμεθα·
1033 1729 1098 1787 νῦν
1130 1717 1167 1786 δδ

156 1831 344 1912 φενακίζειν
375 1829 481 1904 αἰτίας
512 1826 566 1894 καὶ
598 1828 768 1911 λοιδορίας
799 1828 896 1904 κενάς
925 1824 1157 1912 ποιουμένους,
1168 1835 1219 1886 όθλ

118 1951 141 1986 2¹2
156 1931 210 1999 καὶ
233 1933 381 2019 ἐνοχλεῖν
404 1933 445 1998 οὐ
469 1934 639 2025 δικασταῖς
661 1934 790 1999 τούτων
811 1927 908 1998 οὖσιν
927 1930 1014 2016 ὑμῖν.
1051 1931 1114 2016 ἐγὼ
1133 1929 1165 1997 δ’

157 2045 268 2124 οῖομαι
296 2041 368 2105 δεῖν
395 2039 480 2122 ὑμᾶς
506 2049 639 2121 πρῶτον
663 2035 724 2122 μέν
746 2038 852 2104 ἐκεῖνο
876 2041 1065 2121 λογίζεσθαι
1087 2034 1164 2123 παρ’

155 2145 236 2230 ὑμῖν
258 2146 381 2226 αὐτοῖς,
406 2145 456 2210 ὅτι
479 2145 636 2230 πάμπολυ
659 2146 810 2230 λοιδορία
834 2168 868 2211 τε
889 2143 944 2211 καὶ
964 2147 1052 2210 αίτιά
1069 2168 1168 2228 κεχω-

157 2250 314 2338 ρισμένον
338 2249 427 2316 ἐστὶν
446 2249 591 2337 ἐλέγχου.
628 2253 716 2316 αίτία
734 2247 795 2336 μέν
812 2252 877 2335 χάρ
896 2250 997 2333 ἐστιν,
1022 2251 1102 2316 ὅταν
1119 2273 1169 2328 τις

156 2364 242 2447 ῦιλςῦ
265 2357 470 2443 χρησόμενος
488 2359 575 2444 λόγφ
595 2359 638 2442 μὴ
657 2358 863 2443 παράσχηται
881 2359 992 2421 πίστιν
1011 2350 1059 2422 ὧν
1077 2354 1168 2442 λέχη,

156 2467 288 2550 ἔλεγχος
312 2461 357 2546 δ’,
381 2465 461 2530 ὅταν
485 2457 532 2529 ὧν
555 2469 630 2549 εῖπη
653 2487 703 2540 τις
726 2460 780 2527 καὶ
801 2457 945 2544 τάληθὲς
964 2461 1049 2547 ὁμοῦ
1068 2461 1167 2548 δείξῃ.

156 2574 225 2638 ἔστι
251 2573 369 2636 τοίνυν
392 2570 517 2654 ἀνάγκη
539 2572 618 2646 τοὺς
647 2569 840 2654 ἐλέγχοντας
866 2566 887 2651 ἢ
917 2571 1074 2652 τεκμήρια
1103 2569 1167 2634 δει-

155 2677 290 2760 κνόναι,
319 2673 362 2742 δι’
390 2670 438 2742 ὧν
466 2676 666 2761 ἐμφανιοῦσι
694 2677 732 2741 τὸ
755 2675 873 2740 πιστὸν
896 2673 991 2759 ὑμῖν,
1018 2672 1038 2758 ἢ
1061 2676 1102 2740 τά
1124 2678 1167 2742 εί-

156 2786 236 2849 κότα
260 2783 409 2867 φράζειν,
432 2780 453 2866 ἢ
476 2782 644 2867 μάρτνρας
662 2780 880 2866 παρέχεσθαι·
903 2779 1026 2864 οὐγὰρ
1046 2772 1164 2858 οἷόντ’

157 2889 256 2956 ἐνίων
283 2889 446 2964 αὐτόπτας
474 2885 542 2953 ἐστί
571 2895 784 2971 καταστῆσαι,
813 2880 885 2952 ἀλλ’
911 2884 953 2952 ἀν
978 2885 1168 2974 ἐπιδεικνύῃ

156 2998 206 3072 τίς
228 3019 261 3060 τι
282 2995 421 3076 τούτων,
446 2995 561 3061 ίκανὸν
585 2989 724 3077 νομίζετ’
747 2995 883 3077 ἔλεγχον
905 2994 992 3078 ἔχειν
1012 2993 1106 3077 ὑμεῖς
1124 2997 1168 3060 εί-

119 3117 141 3154 ·3
157 3103 260 3178 κότως
290 3110 348 3186 τῆς
381 3100 540 3184 ἀληθείας
571 3098 731 3166 ἑκάστοτε.
780 3098 873 3184 ἡμεῖς
901 3101 1017 3164 τοίνυν
1045 3099 1107 3164 οὐκ
1133 3097 1169 3164 ἐκ

158 3209 267 3290 λόγων
290 3209 427 3272 είκότων
451 3203 531 3272 οὐδὲ
551 3210 745 3291 τεκμηρίων,
770 3204 853 3270 ἀλλά
871 3199 948 3290 παρ’
970 3199 1011 3269 οὗ
1029 3205 1169 3289 μάλιστα

157 3315 255 3398 δίκην
277 3316 346 3379 ἐστι
369 3316 485 3398 λαβεῖν
508 3312 658 3401 [τούτφ],
683 3308 771 3378 τοῦτ’
798 3309 1038 3394 ἐπιδείκνυμεν,
1062 3311 1168 3396 ἀνδρα

156 3422 383 3505 παρεσχηκότα
410 3429 649 3504 γραμματεῖον,
678 3417 714 3483 ἐν
741 3408 767 3506 ᾧ
795 3418 836 3482 τά
861 3416 968 3505 τούτῳ
991 3413 1164 3500 βεβιωμέν’

158 3528 297 3602 ἔνεστιν,
320 3524 357 3602 δς
380 3525 482 3591 αὑτὸν
504 3525 701 3591 ὑπεύθυνον
721 3528 862 3608 ποιήσας
880 3533 1042 3608 μαρτυρεῖ
1057 3531 1166 3586 ταῦτα.

972 3627 1009 3680 9*
