2644 4182
172 145 217 208 24
499 151 557 202 XX.
582 151 861 205 ΔΗΜΟΣΘΕΝΟΤΣ

122 301 125 306 ’
172 309 279 391 μόνον
306 307 395 398 αὐτῷ
423 311 485 394 τὴν
512 311 661 377 ἀτέλειαν
688 314 817 379 ἔδωκαν
845 315 881 382 οί
904 318 991 398 τότε,
1020 317 1103 383 ἀλλά
1130 317 1186 384 καί

135 459 140 462 -
171 417 297 497 χαλκῆν
323 416 450 497 είκόνα,
479 415 589 500 ὥσπερ
612 413 793 503 Ἁρμοδίου
815 417 869 485 καλ
892 418 1186 507 Ἀριστογείτονος,

171 519 314 601 ἔστησαν
341 521 489 606 πρώτου·
521 521 665 605 ἡγοῦντο
692 525 756 609 γὰρ
785 524 826 591 ού
852 528 974 611 μικρὰν
1000 531 1183 613 τυραννίδι

169 621 225 689 καὶ
261 634 383 691 τοῦτον
418 628 480 710 τὴν
511 630 786 713 Λακεδαιμονίων
818 631 924 718 ἀρχὴν
955 636 1182 700 καταλύσαντα

168 730 379 797 πεπαυκέναι.
425 729 470 797 ἵν’
498 728 561 799 οὖν
588 741 715 818 μᾶλλον
738 729 788 814 οἷς
811 737 896 822 λέγω
919 738 1114 826 προσέχητε,
1141 741 1182 805 τά

167 836 359 921 ψηφίσμαθ’
381 837 462 922 ὑμῖν
480 837 551 905 αὕτ’
574 840 800 924 ἀναγνώσεται
818 845 859 910 τὰ
876 848 950 912 τότε
967 847 1181 932 ψηφισθέντα

167 949 214 1031 τχδ
237 943 381 1009 Κόνωνι.
419 943 503 1028 λέγε.
1136 961 1137 964 ’

558 1157 787 1213 mmmmm„

128 1279 153 1333 τι
259 1267 309 1340 Οὐ
336 1277 454 1342 τοίνυν
481 1277 594 1360 μόνων
621 1273 680 1358 ὑφ’
706 1274 801 1360 ὑμῶν
827 1274 845 1342 ὁ
868 1277 990 1342 Κόνων
1013 1272 1038 1343 δ
1061 1275 1182 1359 ἀνδρες

163 1375 337 1462 Ἀθηναῖοι
359 1374 427 1446 τότ’
449 1380 588 1464 έτιμηθη
612 1380 736 1464 πράξας
759 1379 780 1446 ἀ
804 1381 982 1465 διεξῆλθον
1000 1381 1074 1465 ἐγώ,
1098 1382 1181 1446 Ιἀλλὰ

167 1482 222 1550 καὶ
254 1479 312 1550 ὑπ’
344 1487 455 1552 ἄλλων
486 1491 635 1570 πολλῶν,
667 1489 703 1552 οἳ
730 1487 865 1563 δικαίως
893 1482 940 1552 ὧν
967 1486 1180 1572 εὐεργέτηντο

167 1590 265 1675 χάριν
293 1593 365 1658 δεῖν
388 1587 486 1680 ᾤοντ’
511 1592 717 1658 ἀποδιδόναι.
764 1591 889 1658 οὐκοῦν
912 1595 1050 1678 αἰσχρὸν
1073 1589 1099 1658 ὦ
1123 1595 1180 1658 ἀν-

168 1697 244 1781 δρες
268 1693 458 1782 Ἀθηναῖοι,
485 1701 518 1764 εί
544 1699 582 1765 αί
607 1695 667 1782 μέν
693 1701 783 1783 παρὰ
809 1709 879 1775 τοῖς
906 1700 1018 1775 ἀλλοις
1045 1697 1183 1783 δωρειαὶ

167 1801 296 1884 βέβαιοι
319 1802 480 1888 μένουσιν
499 1803 600 1890 αὐτῷ,
622 1813 680 1886 τῆς
698 1799 735 1868 δὲ
752 1800 831 1886 παρ’
853 1803 947 1888 ὑμῶν
965 1805 1069 1888 μόνης
1086 1802 1178 1868 τοῦτ’

126 1927 154 1968 τι
168 1907 396 1993 ἀφαιρήσεται.
441 1907 497 1975 καὶ
525 1911 591 1994 μὴν
615 1906 688 1975 οὐδ’
716 1909 822 1974 έκεῖνο
845 1912 963 1993 καλόν,
993 1913 1096 1989 ζῶντα
1118 1908 1182 1996 μὲν

168 2014 271 2080 αὐτὸν
286 2014 373 2080 οὕτω
386 2025 485 2100 τιμᾶν
500 2015 582 2081 ὥστε
596 2016 766 2081 τοσούτων
781 2015 870 2081 ὅσων
883 2012 1036 2098 ἀκηκόατ’
1053 2013 1182 2099 ἀξιοῦν,

169 2118 281 2202 ἐπειδη
302 2117 333 2186 δ’
356 2119 556 2204 ἐτελεύτησε,
579 2122 744 2204 μηδεμίαν
761 2118 1005 2205 ποιησαμένους
1024 2122 1180 2206 [τούτων]

168 2229 287 2309 μνείαν
314 2225 500 2310 ἀφελέσθαι
525 2249 557 2290 τι
579 2237 646 2291 τῶν
670 2225 842 2292 δοθέντων
864 2228 946 2292 τότε.
991 2228 1098 2292 πολλὰ
1120 2221 1184 2312 μὲν

166 2332 231 2414 γάρ
262 2331 351 2397 ἐστιν
378 2328 405 2398 ὦ
433 2329 554 2416 ἀνδρες
578 2327 751 2416 Ἀθηναῖοι
773 2343 841 2398 τῶν
864 2325 921 2398 ὑπ’
946 2331 1077 2400 ἐκείνου
1098 2358 1181 2422 πρα-

167 2436 318 2523 χθέντων
341 2436 403 2517 ἄξι’
425 2437 577 2521 ἐπαίνου,
603 2436 646 2502 δι’
669 2437 690 2503 ἀ
712 2439 819 2504 πάντα
841 2441 1002 2522 προσήκει
1024 2440 1068 2523 μὴ
1087 2442 1184 2506 λύειν

167 2543 225 2620 τὰς
249 2542 301 2608 έπλ
323 2545 454 2623 τούτοις
477 2547 635 2620 δοθείσας
658 2543 813 2630 δωρειάς,
839 2545 1016 2611 κάλλιστον
1039 2541 1076 2610 δὲ
1099 2546 1183 2612 πάν-

125 2669 154 2712 τι
167 2672 234 2713 των
252 2649 273 2732 ἡ
291 2660 359 2715 τῶν
376 2662 494 2735 τειχῶν
513 2651 698 2726 ἀντίστασις.
731 2654 827 2734 γνοίη
849 2645 879 2715 δ’
901 2651 944 2716 ἄν
961 2674 1011 2727 τις
1029 2653 1061 2717 εί
1077 2674 1181 2737 παρα-

166 2757 244 2838 θείη
274 2765 344 2832 πῶς
367 2759 604 2839 Θεμιστοκλῆς,
633 2754 651 2820 ὁ
677 2765 745 2821 τῶν
772 2753 850 2820 καθ’
878 2753 997 2821 ἑαυτὸν
1024 2753 1183 2822 ἁπάντων

167 2860 302 2944 ἀνδρῶν
336 2860 564 2942 ἐνδοξότατος,
595 2860 695 2927 ταύτὸ
723 2857 813 2927 τοῦτ’
845 2861 1008 2945 ἐποίησεν.
1053 2860 1181 2946 λέγεται

166 2970 286 3034 τοίνυν
308 2966 434 3044 ἐκεῖνος
456 2971 607 3052 τειχίζειν
631 2969 734 3034 είπὼν
751 2979 821 3044 τοῖς
840 2972 1001 3052 πολίταις,
1023 2965 1086 3034 κάν
1105 2969 1181 3052 ἀφί-

167 3076 268 3159 κηταί
276 3096 326 3150 τις
340 3071 376 3140 έκ
389 3075 650 3158 Λακεδαίμονος,
669 3071 818 3158 κατέχειν
834 3075 1001 3156 κελεύσας,
1020 3079 1172 3159 οἴχεσθαι
1182 3082 1237 3131 479

166 3180 362 3267 πρεσβεύων
390 3177 488 3255 αὐτὸς
511 3178 556 3254 ὡς
577 3182 656 3254 τοὺς
678 3180 973 3263 Λακεδαιμονίους.
1010 3181 1121 3263 λόγων
1145 3178 1182 3247 δὲ

167 3284 376 3371 γιγνομένων
389 3281 498 3366 Ι[ἐκεῖ]
523 3287 583 3349 κατ’
601 3307 704 3350 τινων
727 3284 1003 3368 ἀπαγγελλόντων
1021 3285 1066 3361 ὡς
1086 3282 1182 3371 Ἀθη-

167 3403 259 3457 ναῖοι
277 3395 487 3475 τειχίζουσιν,
511 3390 690 3476 ἀρνεῖσθαι
707 3388 763 3458 καλ
781 3389 935 3475 πρέσβεις
952 3390 1092 3476 πέμπειν
1110 3411 1183 3458 σκε-

167 3495 337 3575 ψομένους
359 3498 518 3574 κελεύειν,
542 3495 655 3579 ἐπειδὴ
680 3492 711 3562 δ’
733 3497 795 3581 οὐχ
815 3490 898 3579 ἧκον
916 3492 1021 3578 οὗτοι,
1044 3497 1185 3582 πέμπειν
