2612 3918
496 153 592 206 ΚΑΤΑ
609 152 770 206 ΜΕΙΔῙΟΤ.
1073 147 1136 217 113

125 316 236 395 ταύτης
259 325 311 395 τῆς
333 315 539 398 ὑπερηφανίας
563 316 648 398 ὄντα,
671 329 728 382 νύν
751 318 803 382 ἐὰν
827 318 979 406 άποφύγη,
1002 321 1033 380 τί
1051 319 1138 398 ποιή-

8 421 9 456 ³
127 431 191 474 σειν
218 413 331 490 οἰέσθω
359 413 388 490 ἐξ
417 415 487 476 ὅτου
515 413 547 478 δὲ
574 411 653 479 τοῦτ’
677 415 715 479 δν
743 413 862 496 εἰδείητ’
889 416 945 499 ἐγὼ
968 417 1085 499 φράσω·
1112 416 1140 477 εί

127 515 191 584 τοῖς
209 509 278 591 μετὰ
297 511 352 592 τὴν
369 514 550 596 χειροτονίαν
567 514 755 597 θεωρήσαιτε.
789 515 839 587 τίς
857 511 920 596 γάρ
939 510 1029 576 ἐστιν
1048 510 1138 586 ὅστις

126 612 449 699 καταχειροτονηθὲν
476 615 594 699 αὐτοῦ,
621 615 677 682 καί
702 614 793 682 ταῦτ’
821 615 952 699 ἀσεβεῖν
978 613 1053 701 περὶ
1075 617 1137 700 τὴν

128 716 262 804 ἑορτήν,
286 722 317 786 εί
337 720 393 786 καί
415 719 530 806 μηδείς
552 724 651 799 ἀλλος
674 721 756 807 ἐπῆν
778 722 869 807 ἀγὼν
893 725 940 788 ἔτι
963 718 1046 807 μηδὲ
1068 724 1137 786 κίν-

127 826 245 908 δυνος,
278 826 339 892 οὐκ
370 826 412 891 ἀν
442 825 491 892 ἐπ’
522 827 611 916 αὐτῷ
638 829 745 918 τούτφ
773 829 894 894 κατέδυ
920 827 974 895 καί
1002 827 1137 914 μέτριον

126 931 291 1016 παρέσχεν
312 929 441 1014 ἑαυτόν,
465 933 524 997 τόν
542 955 580 1015 γε
599 933 640 1017 δὴ
660 932 754 1018 μέχρι
772 942 829 1016 τῆς
846 937 984 1014 κρίσεως
1002 934 1136 1017 χρόνον,

71 1058 113 1099 εον
127 1039 160 1103 εί
180 1036 236 1102 καί
258 1039 302 1123 μὴ
325 1039 445 1115 πάντας
471 1037 581 1114 οὐδεὶς
603 1039 693 1116 ὅστις
716 1039 777 1105 οὐκ
799 1041 850 1105 άν.
891 1037 961 1105 ἀλλ’
989 1039 1030 1104 ού
1053 1042 1136 1104 Μει-

129 1145 218 1228 δίας,
246 1142 318 1210 ἀλλ’
345 1143 408 1211 ἀπὸ
430 1145 550 1229 ταύτης
572 1154 629 1228 τῆς
651 1145 774 1231 ἡμέρας
796 1145 898 1229 λέγει,
926 1147 1137 1232 λοιδορεῖται,

127 1253 201 1338 βοᾷ.
245 1261 479 1336 χειροτονεῖται
502 1253 564 1328 τίς;
588 1252 732 1328 Μειδίας
751 1248 988 1337 Ἀναγυράσιος
1009 1251 1189 1336 προβέ-σῖο

127 1359 254 1440 βληται.
307 1357 527 1442 Πλουτάρχου
559 1357 725 1441 προξενεῖ,
760 1354 936 1443 τάπόρρητ’
973 1352 1079 1442 οἶδεν,
1115 1357 1136 1442 η

127 1466 224 1540 πόλις
250 1462 352 1529 αὐτὸν
376 1462 416 1528 οὐ
438 1473 553 1548 χωρεῖ,
591 1461 646 1529 καί
669 1473 771 1529 ταῦτα
794 1463 900 1528 πάντα
921 1475 1012 1529 ποιεί
1033 1465 1136 1547 δῆλον

128 1570 178 1635 ὅτι
202 1565 303 1635 οὐδὲν
326 1562 396 1632 ἀλλ’
419 1567 681 1653 ἐνδεικνύμενος,
703 1568 723 1652 ἢ
748 1570 798 1634 ὅτι
821 1569 937 1652 ,,[έγὼ]
961 1566 1062 1635 οὐδέν
1080 1568 1136 1636 πέ·

128 1683 241 1742 πονθα
263 1675 328 1741 ὑπὸ
351 1685 409 1758 τῆς
430 1679 728 1762 καταχειροτονίας·
753 1675 793 1741 οὐ
817 1674 951 1741 δέδοικα
975 1673 1053 1742 οὐδὲ
1074 1700 1135 1761 φο,
1159 1679 1162 1683 ’

73 1805 113 1844 ιω
128 1786 252 1868 βοῦμαι
273 1783 332 1847 τὸν
355 1777 504 1866 μέλλοντ’
527 1781 671 1865 ἀγῶνα.“
709 1781 745 1858 δς
768 1777 830 1847 οὖν
853 1778 878 1848 ὦ
900 1784 1019 1869 ἄνδρες
1038 1780 1135 1866 Ἀθη-

127 1900 218 1954 ναῖοι
240 1889 278 1954 τὸ
301 1883 362 1972 μὲν
384 1888 469 1972 ὑμᾶς
487 1887 632 1954 δεδιέναι
652 1890 764 1954 δοκεῖν
783 1890 919 1973 αἰσχρὸν
937 1889 1074 1973 ἡγεῖται,
1096 1891 1133 1954 τὸ

130 1992 165 2061 δὲ
188 1991 293 2080 μηδὲν
315 1997 503 2079 φροντίζειν
524 1993 619 2078 ὑμῶν
641 1999 807 2078 νεανικόν,
829 2004 949 2060 τοῦτον
972 1995 1033 2061 οὐκ
1056 1995 1134 2060 άπο-

129 2101 268 2168 λωλέναι
292 2101 423 2177 δεκάκις
438 2102 611 2186 προσήνεια
636 2102 706 2166 ούδὲ
724 2103 779 2186 γὰρ
798 2103 872 2179 ἕξειν
890 2104 967 2184 ύμίις
986 2105 1003 2166 ό
1020 2127 1048 2167 τι
1065 2104 1134 2186 χρή-

129 2197 212 2265 σεσθ’
232 2201 313 2288 αύτῷ
336 2203 455 2282 νομίζει.
490 2203 642 2281 πλούσιος,
664 2202 791 2284 θρασύς,
814 2200 886 2282 μέγα
907 2211 1039 2284 φρονῶν,
1061 2200 1134 2283 μέγα

129 2300 347 2382 φθεγγόμενος,
374 2299 486 2380 βίαιος,
513 2297 646 2378 ἀναιδής.
691 2309 750 2359 πού
774 2298 974 2378 ληφθήσεται,
1001 2309 1058 2360 νῦν
1081 2297 1134 2360 ἐὰν

129 2397 351 2480 διακρούσηται;

78 2566 116 2605 ιοε
213 2540 299 2607 Ἀλλ’
321 2537 430 2626 ἔγωγ’,
454 2545 485 2608 εί
501 2545 643 2628 μηδενὸς
661 2544 769 2608 εἵνεκα
787 2553 854 2608 τῶν
872 2544 992 2623 άλλων,
1011 2553 1078 2607 τῶν
1096 2566 1133 2626 γε

130 2651 341 2735 δημηγοριῶν
359 2645 406 2714 ὧν
425 2648 576 2716 ἑκάστοτε
596 2651 785 2734 δημηγορεῖ,
804 2647 858 2714 καί
877 2648 914 2714 έν
933 2639 983 2725 οἷς
995 2659 1133 2734 καιροῖς,

73 2791 76 2811 ‹
128 2759 188 2841 τὴν
217 2759 374 2841 μεγίστην
402 2754 443 2821 άν
470 2756 573 2821 αὐτὸν
601 2757 734 2831 δικαίως
762 2750 853 2839 οἶμαι
880 2756 978 2838 δίκην
1005 2756 1132 2821 δοῦναι.

129 2870 196 2929 ίστε
219 2863 282 2947 γάρ
306 2863 414 2946 δήπου
436 2856 533 2927 τοῦθ’
554 2862 605 2926 ότι
628 2860 669 2926 άν
692 2860 752 2946 μέν
774 2885 806 2926 τι
827 2873 894 2928 τῶν
914 2862 1058 2926 δεόντων
1077 2861 1134 2945 ἀγ-

129 2973 232 3055 γελθῇ
259 2978 298 3054 τη
325 2970 419 3033 πόλει
445 2965 499 3033 καὶ
526 2975 680 3032 τοιοῦτον
707 2959 781 3033 οἷον
809 2968 972 3051 εὐφράναι
999 2968 1134 3052 πάντας,

8 3133 10 3148 ,
129 3077 278 3160 οὐδαμοῦ
300 3075 430 3139 πώποτε
452 3074 596 3150 Μειδίας
618 3085 684 3138 τῶν
707 3073 944 3158 συνηδομένων
968 3070 1047 3139 οὐδὲ
1066 3084 1134 3140 τῶν

80 3202 116 3246 ιοε
128 3167 375 3266 συγχαιρόντων
398 3179 562 3266 ἐξητάσθη
585 3189 630 3268 τῷ
655 3181 762 3268 δήμφ,
791 3179 833 3245 άν
856 3178 896 3246 δέ
915 3204 947 3244 τι
970 3185 1132 3266 φλαῦρον,

128 3287 146 3354 δ
177 3286 291 3374 μηδείς
321 3287 362 3354 άν
390 3287 545 3370 βούλοιτο
573 3297 640 3351 τῶν
666 3287 791 3367 ἀλλων,
823 3297 953 3371 πρῶτος
979 3283 1129 3371 ἀνέσεηκ’

128 3394 252 3471 εὐθέως
274 3391 329 3459 καί
352 3395 547 3478 δημηγορεῖ,
576 3391 782 3475 ἐπεμβαίνων
804 3399 849 3478 τῷ
872 3400 975 3480 καιρῷ
998 3390 1133 3476 καὶτῆς

129 3509 251 3584 σιωπῆς
274 3499 461 3581 ἀπολαύων,
487 3499 530 3583 ἣν
553 3496 605 3562 ἐπὶ
628 3507 672 3585 τῷ
695 3495 855 3583 περὶτῶν
879 3500 1131 3582 συμβεβηκότων

178 3614 302 3656 Ducam
322 3613 418 3653 Vol.11.
956 3605 973 3654 8
