2614 3904
167 169 233 234 352
471 173 569 224 εχιτ.
592 171 872 224 mmmmm

167 329 250 396 ἀλλὰ
282 331 348 415 μὴν
377 332 421 410 ὡς
448 330 558 416 ἀληθῆ
586 329 686 414 λέγω,
719 325 798 414 λαβὲ
825 332 885 415 τὴν
913 332 1096 416 πρόκλησιν
1123 326 1187 396 καὶ

166 437 229 521 την
251 441 444 523 μαρτυρίαν.

446 647 671 700 nmmum.
708 647 898 700 ΜΔΡΓΤΡΙΔ.

127 771 154 813 22
261 759 446 840 Τηλικαῦται
477 757 593 821 τοίνυν
626 756 737 821 δίκαια
769 754 887 838 φυγὼν
917 746 1028 835 οὗτος,
1060 750 1115 818 καί
1145 752 1186 818 ἐκ

167 863 338 928 τοσούτων
368 864 554 945 τεκμηρίων
586 858 854 944 ἐπιδεικνύμενος
886 859 936 924 δτι
966 869 1184 942 συκοφαντεῖ,

167 977 237 1045 τοῖς
264 962 325 1051 μὲν
352 965 456 1032 αὑτοῦ
484 967 646 1050 μάρτυσιν
673 964 761 1045 ἀξιοῖ
785 964 953 1031 πιστεύειν
975 963 1074 1048 ὑμᾶς,
1101 967 1184 1042 τοὺς

169 1066 200 1138 δ’
227 1072 326 1156 ε’μοδς
354 1071 524 1156 διαβάλλει
550 1075 610 1138 καί
633 1089 738 1156 φησιν
765 1070 806 1137 ού
833 1069 962 1153 τάληθῆ
991 1081 1183 1156 μαρτυρεῖν.

168 1179 331 1262 βούλομαι
358 1178 400 1260 δὴ
428 1175 483 1243 καὶ
512 1176 547 1243 ἐκ
574 1188 641 1243 τῶν
669 1178 806 1242 εἰκότων
833 1174 908 1262 περί
935 1174 1044 1241 αὐτῶν
1067 1177 1183 1242 είττεῖυ.

169 1279 233 1349 οἶδ’
261 1278 323 1349 ούν
351 1283 402 1348 ὅτι
428 1283 548 1360 πάντες
575 1279 618 1347 ἂν
645 1281 882 1366 ὁμολογήσαιτε
908 1284 988 1359 τοὺς
1010 1282 1050 1346 τδ
1072 1283 1182 1366 ψευδῆ

168 1397 418 1474 μαρτυροῦντας
444 1387 465 1473 ἢ
492 1386 624 1474 κέρδεσι
651 1381 697 1452 δι’
725 1385 867 1471 ἀπορίαν
894 1385 1133 1472 ἐπαιρομένους
1160 1386 1183 1472 ἦ

170 1492 213 1560 δι’
242 1493 390 1580 ἑταιρίαν
411 1491 432 1577 ἢ
455 1491 511 1559 καὶ
534 1487 579 1559 δι’
603 1496 729 1578 ἔχθραν
751 1504 819 1558 τῶν
842 1491 1020 1559 ἀντιδίκων
1049 1491 1182 1559 ἐθέλειν

127 1602 270 1666 κιόντι
296 1608 451 1666 τοιοῦτον
478 1608 622 1683 ποιησαι.
667 1599 795 1665 τούτων
821 1601 938 1664 τοίνυν
965 1595 1045 1665 ούδέ
1073 1596 1117 1664 δι’
1143 1599 1181 1664 ἓν

169 1705 211 1772 δν
235 1701 303 1772 εἶεν
326 1704 399 1790 ἐμοὶ
422 1707 715 1790 μεμαρτυρηκότες.
761 1704 923 1788 οὔτεγὰρ
948 1702 1085 1792 ἑταιρίᾳ·
1111 1716 1181 1781 πῶς

168 1814 248 1897 γάρ,
276 1813 312 1878 οἳ
337 1835 374 1896 γε
397 1808 471 1895 μήτ’
499 1811 535 1877 έν
557 1821 628 1887 ταῖς
652 1811 766 1886 αὐταῖς
790 1811 974 1894 διατριβαῖς
996 1811 1076 1894 μήτε
1098 1807 1176 1876 καθ’

168 1918 314 2002 ἡλικίαν,
343 1918 387 2002 μὴ
417 1917 469 1983 ὅτι
496 1915 572 2001 ἐμοί
595 1939 682 1993 τινες
710 1915 835 1998 αὐτῶν,
862 1912 934 1981 ἀλλ’
961 1913 1041 1982 οὐδὲ
1063 1920 1181 2000 σφίσιν

169 2023 283 2101 αὐτοῖς
314 2025 414 2102 είσίν;
448 2020 518 2088 οὔτ’
550 2025 655 2108 ἔχθρᾳ
687 2023 821 2087 τούτου·
854 2023 1002 2106 φανερὸν
1033 2023 1096 2106 γὰρ
1126 2020 1181 2087 καὶ

169 2124 258 2194 τοῦτ’
285 2131 388 2194 ἔστιν·
414 2127 433 2195 δ
456 2124 517 2214 μέν
539 2129 602 2212 γὰρ
626 2124 849 2212 ἀδελφόςκαὶ
872 2128 1044 2211 σύνδικος,
1070 2131 1182 2205 Φᾶνος

171 2229 201 2300 δ’
232 2235 415 2318 ἐπιτήδειος
446 2233 502 2300 καί
533 2233 691 2320 φυλέτης,
728 2237 890 2310 Φίλιππος
917 2228 949 2299 δ’
980 2234 1055 2300 οὔτε
1083 2237 1181 2317 φίλος

170 2338 239 2406 οὔτ’
268 2340 402 2426 ἐχθρός,
430 2339 507 2407 ὥστ’
535 2338 614 2406 ούδὲ
641 2341 766 2426 ταύτην
792 2341 835 2406 όίν
861 2363 912 2416 τις
938 2339 1108 2422 ἐπενέγκοι
1132 2341 1180 2406 δι-

130 2466 156 2506 εε
169 2450 271 2523 καίως
296 2448 358 2530 την
385 2448 503 2513 αίτίαν.
548 2444 603 2513 καί
631 2447 697 2530 μὴν
725 2443 804 2513 ούδέ
831 2441 877 2512 δι’
903 2445 1046 2533 ἀπορίαν
1068 2447 1111 2513 όίν
1132 2469 1181 2522 τις

170 2555 299 2637 φήσειε·
326 2553 447 2629 πάντες
469 2553 533 2635 γὰρ
556 2551 729 2636 κέκτηνται
751 2552 917 2636 τοσαύτην
940 2552 1074 2636 ούσίαν,
1098 2553 1180 2618 ὥστε

169 2657 225 2726 καὶ
248 2663 445 2744 λητουργεῖν
466 2658 548 2744 ὑμῖν
569 2659 754 2744 προθύμως
775 2656 830 2725 καὶ
853 2659 893 2724 τδ
914 2661 1179 2743 προσταττόμενα

170 2777 287 2831 ποιεῖν.
332 2761 433 2849 χωρίς
457 2759 493 2828 δε
516 2764 644 2830 τούτων
666 2758 737 2830 οὔτ’
764 2763 907 2848 ἀγνῶτες
929 2763 1010 2848 ύμῖν
1034 2760 1102 2830 οὔτ’
1128 2762 1180 2830 ἐπί

169 2873 210 2936 τὰ
238 2873 336 2955 χείρω
363 2872 641 2954 γιγνωσκόμενοι,
669 2867 796 2954 μέτριοι
823 2867 854 2935 δ’
882 2871 974 2946 ὄντες
999 2871 1178 2952 ἄνθρωποι.

170 2980 278 3042 καίτοι
305 2978 337 3042 εί
362 2973 435 3061 μήτ’
469 2977 588 3062 ἄποροι
615 2973 689 3061 μήτ’
716 2974 833 3060 ἐχθροὶ
859 2976 982 3041 τούτου
1009 2973 1082 3060 μήτ’
1109 2974 1179 3060 ἐμοὶ

171 3086 276 3166 φίλοι,
298 3093 367 3158 πῶς
389 3081 451 3168 χρη
475 3083 557 3147 κατὰ
578 3083 708 3148 τούτων
731 3085 846 3165 λαβεῖν
868 3079 931 3147 τιν’
957 3081 1105 3160 ὑποψίαν
1128 3082 1229 3160 ὡςεῖτ

171 3190 212 3254 τὰ
234 3189 340 3272 ψευδῆ
365 3197 606 3272 μαρτυροῦσιν;
631 3186 695 3272 ἐγὼ
718 3183 779 3271 μὲν
801 3189 864 3274 γὰρ
888 3186 950 3253 οὐκ
973 3183 1057 3254 οἶδα.

132 3313 158 3352 τι
265 3297 374 3360 Ταῦτα
400 3297 517 3359 τοίνυν
545 3288 642 3370 οὗτος
668 3294 779 3377 εἰδώς,
806 3291 862 3358 καὶ
889 3293 1023 3358 πόντων
1050 3290 1176 3378 μάλιστ’

173 3397 386 3482 ἐπιστάμενος
399 3398 528 3485 τάληθῆ
543 3401 832 3486 μεμαρτυρηκότας
841 3399 973 3481 αύτούς,
987 3398 1076 3483 ὅμως
1084 3417 1179 3466 συκο-

174 3514 291 3574 φαντεῖ
316 3501 370 3568 καί
393 3503 498 3589 φησὶν
521 3507 563 3572 οὐ
585 3508 691 3590 μόνον
713 3506 775 3572 οὐκ
797 3507 902 3571 εἰπεῖν
924 3514 1042 3588 ταῦτα,
1069 3504 1090 3570 ἃ
1112 3516 1179 3582 πῶς
