2614 3904
530 182 614 236 KAT'
634 184 785 236 ΑΦΟΒΟΤ
803 185 834 237 Β.

580 449 783 502 ΜΑΡΓΤΡΙΑΙ.

137 576 160 614 1¹
271 555 376 626 Ταῦθ’
406 551 499 624 οὗτοι
526 551 608 642 πρὸς
634 556 1049 632 πεντεκαιδεκαταλάντους
1076 560 1189 632 οίκονς

178 661 437 749 συνετιμήσανθ’
463 658 547 748 ὑπὲρ
571 662 667 746 ἐμοῦ·
695 673 788 746 μνῦν
812 659 842 726 δ’
870 659 942 726 οὐδ’
970 657 1183 746 ἑβδομήκοντ’

178 771 273 850 ἀξίαν
296 793 352 854 μοι
374 771 629 854 παραδεδώκασι
651 771 712 853 τήν
731 767 850 834 οὐσίαν
867 779 955 854 τρεῖς
975 770 1076 845 ὄντες.
1112 767 1188 850 λέγε

177 877 234 953 τὰς
257 875 381 959 ἐφεξῆς·

578 1050 782 1104 ΜΔΡΤΤΡΙΑΙ,
1189 1049 1240 1101 839

270 1158 401 1243 Ταύτην
429 1158 491 1241 τήν
518 1167 639 1243 προῖκα
666 1158 703 1222 οἵ
726 1151 754 1222 τ’
785 1157 956 1242 ἐπίτροποι
983 1180 1188 1240 καταμαρτυ-

178 1274 297 1348 ροῦσιν
319 1264 422 1329 αὐτὸν
445 1266 570 1346 λαβεῖν,
593 1264 689 1328 άλλοι
710 1285 745 1328 τε
768 1265 851 1347 πρὸς
874 1262 933 1340 οὓς
955 1265 1041 1347 ἔχειν
1063 1262 1189 1347 ὡμολό-

177 1387 266 1453 γησε.
301 1370 426 1452 ταύτην
449 1367 517 1434 οὔτ’
541 1369 647 1451 αὐτήν
669 1368 746 1433 οὔτε
768 1369 828 1435 τὸν
852 1379 946 1436 σῖτον
969 1367 1188 1435 ἀποδέδωκεν.

179 1472 251 1558 λάβ’
278 1476 378 1551 ἀλλος
400 1472 457 1540 καὶ
479 1474 715 1559 ἀναγίγνωσκε.

579 1712 782 1764 MAPPTPIAI.

140 1847 164 1886 τι
266 1817 332 1885 [λύ’
355 1822 409 1904 ἔτη
427 1820 466 1885 τὸ
486 1819 703 1904 ἐργαστήριον
723 1820 903 1902 διοικήσας,
924 1820 1114 1905 Θηριππίδῃ
1128 1815 1189 1903 μὲν

179 1926 367 1992 ἀποδέδωκε
390 1926 452 2008 τήν
474 1928 655 2010 μίσθωσιν·
679 1922 752 2010 ἐμοὶ
775 1921 823 2008 δὲ,
847 1926 944 1990 δυοῖν
968 1924 1057 1990 ἐτοῖν
1077 1926 1189 2008 λαβὼν

178 2033 242 2114 τήν
270 2033 440 2117 πρόσοδον
470 2031 647 2116 τριάκοντα
679 2040 779 2114 μνῦς,
808 2024 878 2095 οὔτ’
909 2029 1011 2108 αῦτδς
1041 2031 1119 2098 οὔτε
1150 2032 1188 2096 τὸ

180 2140 278 2222 ἔργον
300 2136 519 2204 ἀποδέδωκεν.
566 2134 638 2220 λάβ’
666 2135 780 2221 ἑτίραν
802 2135 858 2203 καὶ
881 2136 1062 2220 ἀνάγνωθι.

585 2375 774 2428 ΜΑΡΤΤΡΙΔ.

271 2485 381 2548 Ταῦτα
411 2481 612 2565 τάνδράποδ’
644 2483 689 2560 ὡς
721 2482 823 2548 αὑτὸν
851 2483 962 2566 λαβὼν
989 2477 1101 2568 οὗτος,
1133 2483 1189 2551 καί

177 2589 280 2652 τάλλα
303 2589 343 2652 τά
366 2589 445 2672 μετὰ
467 2589 595 2654 τούτων
613 2585 815 2654 ὑποτεθένθ’
837 2587 929 2672 ἡμῖν,
952 2588 1109 2674 ἀνάλωμα
1127 2587 1188 2676 μὲν

178 2696 225 2771 είς
244 2693 326 2758 αὐτὰ
344 2703 484 2761 τοσοῦτο
503 2696 699 2778 λελόγισται,
724 2699 832 2778 λῆμμα
852 2688 884 2760 δ’
905 2690 959 2760 ἀπ’
983 2695 1093 2762 αὐτῶν
1111 2694 1184 2764 οὐδ’

178 2799 308 2883 ὁτιοῦν,
335 2798 390 2865 καὶ
418 2799 539 2876 αὐτοὺς
565 2797 602 2865 δὲ
625 2803 702 2877 τοὺς
725 2800 925 2885 ἀνθρώπους
948 2801 1126 2888 ήφάνικεν,
1153 2809 1191 2871 οἳ

178 2907 306 2971 δώδεκα
334 2915 418 2990 μνᾶς
445 2905 568 2984 ἀτελεῖς
596 2905 734 2972 ἑκάστου
751 2916 820 2995 ,τοῦ
847 2906 1003 2974 ἐνιαυτοῦ
1024 2909 1187 2995 προσέφε-

178 3035 248 3097 ρον.
285 3007 352 3096 λίγ’
378 3010 502 3100 ἑτέραν.

583 3208 774 3264 ΜΔΡΤΤΡΙΑ.

138 3331 178 3369 ιε’
269 3317 396 3379 Τοῦτον
423 3315 482 3380 τὸν
508 3311 671 3398 ἐλέφαντα
693 3313 747 3381 καὶ
770 3317 829 3380 τὸν
853 3316 991 3400 σίδηρον
1014 3285 1187 3400 πεπρακὼς

176 3415 256 3483 οὐδὲ
273 3423 540 3503 καταλειφθῆναί
555 3437 670 3504 φησιν,
690 3420 844 3487 ἀλλὰκαὶ
863 3422 990 3486 τούτων
1008 3422 1069 3504 τήν
1083 3422 1185 3503 τιμήν

175 3521 351 3609 ἀποστερεῖ
370 3548 421 3609 με,
444 3526 585 3610 μάλιστα
608 3527 779 3591 τάλαντον.
825 3525 898 3608 λε’γε
921 3528 1065 3590 ταυτασί.
