2614 3904
182 167 247 251 406
461 189 583 241 xxxlv.
607 185 914 258 [ΔΗαοεοεαοπε]

182 340 257 412 οὐδ’
279 347 464 412 ἀποδίδωσι
487 349 524 412 τὸ
548 348 695 429 δάνειον,
718 345 773 413 καὶ
796 348 863 431 ἅμα
886 347 1015 432 ηρόμην
1038 347 1143 413 αὐτὸν
1169 349 1204 411 εί

183 453 284 535 είδείη
313 453 397 518 ὅπου
426 451 531 535 ἐστίν,
559 453 616 517 ἵνα
641 456 931 537 προσκαλεσαίμην
958 451 1070 516 αὐτόν.
1117 451 1135 518 δ
1164 447 1198 517 δ’

183 559 383 624 ἀκολουθεῖν
415 555 448 642 μ’
480 556 630 623 έκέλευεν
662 556 782 646 ἑαυτῷ,
814 555 870 623 καὶ
899 559 1200 642 καταλαμβάνομεν

182 664 265 746 πρὸς
287 673 356 740 τοῖς
379 665 603 746 μυροπωλίοις
626 667 775 728 τουτονί·
804 663 893 746 κάγὼ
921 668 1084 747 κλητῆρας
1111 666 1201 748 ἔχων

144 789 169 828 ιι
183 769 475 854 προσεκαλεσάμην
498 769 610 834 αὐτόν.
646 767 701 833 καί
724 768 742 835 δ
761 771 894 852 Λάμπις
912 765 938 834 ὦ
957 770 1078 853 ἀνδρες
1096 765 1198 850 Ἀθη-

182 885 272 940 ναῖοι
287 875 417 968 Ιπαρὼν
445 874 725 963 προσκαλουμένῳ
753 898 809 959 μοι
837 876 989 960 οὐδαμοῦ
1016 875 1200 959 ἐτόλμησεν

182 982 287 1046 είπείν
314 980 358 1056 ὡς
386 979 546 1064 ἀπείληφε
573 981 662 1065 παρὰ
688 981 810 1046 τούτου
832 981 870 1044 τὸ
893 985 1047 1067 χρυσίον,
1076 978 1150 1045 οὐδ’
1180 979 1199 1044 ὃ

183 1087 270 1163 είκὸς
296 1081 339 1169 ἦν
366 1087 471 1151 είπείν
494 1133 515 1170 ,,
523 1087 710 1168 Χρύσιππε,
738 1089 860 1171 μαίνει·
888 1089 923 1151 τί
946 1096 1067 1152 τοῦτον
1093 1104 1199 1170 προσ-

182 1197 289 1266 καλεί;
314 1189 386 1276 έμολ
409 1193 472 1276 γάρ
496 1190 685 1256 ἀποδέδωκε
708 1193 746 1256 τὸ
769 1193 940 1276 χρυσίονίῑ.
977 1191 1060 1257 ἀλλά
1081 1192 1125 1277 μὴ
1146 1193 1199 1257 ὅτι

183 1297 202 1362 δ
229 1299 362 1380 Λάμπις
393 1295 594 1380 ἐφθέγξατο,
627 1294 697 1362 ἀλλ’
730 1291 803 1362 οὐδ’
835 1296 933 1374 αὐτὸς
964 1291 1062 1374 αὐτος
1094 1296 1199 1364 οὐδὲν

183 1402 323 1486 ἠξίωσεν
350 1405 470 1485 είπείν,
498 1405 741 1489 παρεστηκότος
768 1411 828 1468 τοῦ
850 1404 1039 1486 Λάμπιδος,
1068 1395 1094 1492 ᾧ
1117 1409 1202 1469 νυνί

144 1527 170 1568 ιι
183 1524 287 1593 φησιν
315 1507 562 1574 ἀποδεδωκέναι
589 1508 626 1572 τὸ
654 1511 801 1592 χρυσίον.
846 1513 953 1574 καίτοι
980 1511 1068 1587 είκός
1094 1506 1126 1592 μ’
1153 1506 1198 1593 ἦν

183 1613 285 1678 αὐτὸν
317 1616 421 1679 είπείν
449 1609 476 1678 ὦ
504 1615 624 1695 ἀνδρες
648 1610 836 1696 Ἀθηναίοι,
869 1619 927 1696 ,,τί
950 1639 989 1699 με
1016 1621 1201 1698 προσκαλεῖ

183 1719 355 1803 ἀνθρωπε;
389 1716 584 1784 ἀποδέδωκα
615 1719 678 1802 μάρ
705 1719 812 1806 τούτῳ
839 1727 885 1807 τῷ
913 1724 1131 1805 παρεστηκότι
1159 1724 1197 1787 τδ

184 1827 356 1908 χρυσίον“,
374 1824 428 1891 καὶ
447 1826 514 1911 ἅμα
536 1823 764 1906 ὁμολογοῦντα
786 1823 942 1908 παρέχειν
964 1827 1023 1890 τὸν
1046 1827 1196 1910 Λάμπιν·

183 1939 247 1996 νῦν
271 1927 301 1994 δ’
325 1929 499 2013 οὐδέτερος
521 1929 632 1993 αὐτῶν
654 1923 728 1993 οὐδ’
750 1928 865 1994 ὁτιοῦν
888 1926 979 1996 εἶπεν
997 1931 1034 1997 έν
1053 1935 1196 2019 τοιούτω

183 2043 295 2123 καιρῷ.
339 2034 435 2101 καλ“
418 2059 468 2100 οτι
491 2035 601 2119 ἀληθῆ
625 2033 722 2117 λέγω,
745 2035 828 2118 λαβέ
848 2058 902 2120 μοι
926 2038 988 2120 τὴν
1010 2042 1197 2123 μαρτυρίαν

184 2153 251 2206 τῶν
272 2145 454 2228 κλητήρων.

499 2281 501 2288 ’
586 2317 791 2372 mmm
1197 2327 1245 2375 ειε

146 2453 171 2494 ιι
273 2429 365 2516 Λαβέ
387 2434 429 2517 δη
447 2456 504 2517 μοι
522 2430 578 2497 καλ
596 2434 633 2497 τὸ
651 2435 796 2517 ἔγκλημα
815 2432 833 2498 ὃ
852 2436 971 2517 ἔλαχον
988 2433 1077 2522 αὐτῷ
1095 2433 1196 2519 πέρυ-

185 2558 253 2605 σιν·
271 2541 289 2605 ὅ
305 2539 395 2604 έστιν
410 2538 548 2628 οὐδενὸς
562 2540 698 2602 ἔλαττον
712 2542 898 2622 τεκμήριον,
914 2539 964 2603 ὅτι
979 2539 1110 2604 οὐδέπω
1124 2536 1192 2607 τότ’

185 2651 287 2730 ἔφησε
313 2647 471 2729 Φορμίων
494 2643 741 2709 ἀποδεδωκέναι
763 2646 800 2710 τὸ
823 2647 963 2729 χρυσίον
985 2646 1144 2729 Λάμπιδι.

596 2874 783 2926 ΕΓΚΔΗΜΑ.

278 2993 384 3055 Τοῦτο
413 2988 451 3053 τὸ
479 2989 622 3071 ἔγκλημα
650 2990 798 3070 ἔγραφον
823 2987 886 3070 ἐγὼ
910 2983 936 3053 ὦ
959 2990 1080 3074 ἀνδρες
1098 2983 1195 3075 ’AQ-

185 3107 276 3162 ναίει
294 3095 487 3178 οὐδαμόθεν
506 3095 652 3159 ἀλλοθεν
671 3105 814 3176 σκοπῶν,
833 3089 905 3159 ἀλλ’
924 3093 1000 3177 ἣ-έκ
1017 3103 1075 3178 τῆς
1093 3096 1196 3179 ἀπαγ-

185 3205 297 3285 γελίας
314 3209 373 3282 τῆς
390 3199 575 3283 Λάμπιδος,
599 3197 635 3276 ὃς
654 3199 715 3264 οὐκ
732 3202 876 3284 ἔφασκεν
896 3200 971 3265 οὐτε
989 3202 1029 3264 τά
1047 3203 1195 3286 χρήματα
1284 3241 1285 3258 ι

185 3308 397 3373 ἐντεθεῖσθαι
424 3314 546 3371 τοῦτον
574 3306 650 3370 οὐτε
672 3307 710 3371 τὸ
733 3309 872 3390 χρυσίον
895 3305 1123 3390 ἀπειληφέναι·
1150 3311 1195 3392 μὴ

185 3415 249 3496 γάρ
277 3410 393 3477 οίεσθέ
420 3435 459 3495 με
484 3411 589 3488 οὕτως
612 3412 822 3495 ἀπόπληκτον
845 3407 930 3477 εἶναι
952 3410 1007 3478 καλ
1029 3417 1196 3492 παντελῶς

186 3520 399 3599 μαινόμενον,
420 3517 502 3582 ὥστε
520 3527 652 3582 τοιοῦτο
671 3520 813 3603 γράφειν
832 3519 976 3603 ἔγκλημα
994 3515 1195 3728 &maffia-&v-
1283 3559 1284 3591 ι
