2616 3910
163 199 229 264 434
454 201 578 253 xxxvl.
601 195 880 251 mor-'onnon

164 361 180 426 δ
212 362 267 445 μίν
299 355 356 426 οάν
384 357 601 443 Ἀπολλόδωρος
634 360 704 441 μετὰ
729 368 822 422 ταῦτα
848 359 938 420 πάλιν
964 357 1057 438 ελληχε
1084 357 1173 436 δίκην

166 461 331 541 Φορμίωνι,
352 457 503 541 ἀφορμῆς·
526 456 666 536 ἀφορμὴν
690 451 718 518 δ’
738 457 771 518 οί
787 451 911 518 Ἀττικοί
932 459 1073 518 καλοῦσιν
1092 455 1162 536 ὅπερ
1172 459 1226 510 944

135 551 248 634 εὴμεῐς
269 554 414 633 ἕνθήκην.
454 549 470 614 δ
494 549 526 613 δὲ
550 551 691 634 Φορμίων
713 552 945 634 παραγράφεται,
966 550 1061 630 νόμον
1083 572 1172 632 παρε-

163 651 286 732 χόμενος
312 649 365 712 τόν
390 649 547 711 κελεύοντα
568 647 635 730 περὶ
657 639 700 709 δν
722 645 760 709 δν
783 647 859 722 ἅπαξ
883 645 946 733 ἀφῇ
969 669 1013 720 τις
1035 646 1086 708 καί
1107 647 1172 707 δια-

162 748 284 826 λύσηται
307 740 407 826 μηκέτ’
432 743 539 820 ἐξεῖναι
561 744 741 816 δικάζεσθαι
785 743 904 806 δίπτεται
926 741 1026 823 μέντοι
1047 742 1097 804 καί
1118 753 1172 822 τῆς

163 842 284 916 εὐθείας
307 839 323 904 δ
346 841 453 924 ῥήτωρ,
478 839 595 913 δεικνύς
618 837 658 912 ὡς
681 839 737 902 ούκ
759 833 835 920 εἶχεν
856 836 877 919 ἡ
899 839 1024 922 τράπεζα
1047 835 1169 920 χρήματ’

163 939 225 1000 ίδια
247 949 300 1002 τού
322 937 490 1010 Πασίωνος.
526 945 612 999 τούτο
635 934 667 998 δὲ
689 937 860 1016 πεποίηκεν,
883 930 924 997 ἵν’
948 931 968 1014 ἡ
991 936 1170 1017 παραγραφὴ

163 1039 274 1116 μᾶλλον
306 1035 407 1122 ίσχύη,
439 1041 491 1114 τῆς
523 1031 642 1106 εὐθείας
675 1031 867 1113 δακνομένης
893 1036 934 1117 τῷ
962 1027 1171 1120 Ἀπολλοδώρῳ

164 1139 289 1214 σαθρᾶς.

257 1408 325 1491 Τὴν
352 1403 414 1491 μὲν
441 1405 593 1490 ἀπειρίαν
620 1414 680 1471 τοῦ
703 1404 827 1490 λέγειν,
853 1404 910 1472 καὶ
932 1407 978 1483 ὡς
1000 1406 1171 1486 ἀδυνάτως

165 1515 230 1600 ἔχει
251 1516 419 1598 Φορμίων,
441 1509 536 1577 αύτολ
553 1513 673 1589 πάντες
691 1509 780 1593 ὁρᾶτ’
803 1507 829 1576 ὦ
848 1513 968 1597 ἄνδρες
981 1510 1171 1596 Ἀθηναῖοι·

165 1618 290 1700 ἀνάγκη
314 1615 344 1682 δ’
368 1615 436 1684 ἐστὶ
458 1627 528 1694 τοῖς
548 1616 743 1699 ἐπιτηδείοις
761 1617 851 1702 ἡμίν,
874 1615 895 1682 δ
914 1619 1073 1702 σύνισμεν
1091 1625 1171 1685 πολ-

165 1724 257 1800 λάκις
285 1723 406 1788 τούτου
434 1721 614 1800 διεξιόντος
641 1721 828 1806 ἀκηκοότες,
861 1720 970 1806 λέγειν
996 1721 1051 1789 καλ
1078 1725 1170 1790 διδά-

165 1845 257 1894 σκειν
288 1828 388 1912 ὑμᾶς,
420 1824 464 1892 ἵν’
496 1828 619 1905 είδότες
645 1825 700 1893 καὶ
726 1831 951 1912 μεμαθηκότες
977 1828 1089 1912 ὀρθῶς
1117 1832 1169 1910 [τά

166 1936 290 2016 δίκαια]
319 1930 396 2018 παρ’
427 1933 535 2017 ἡμῶν,
567 1931 610 1997 δν
637 1924 658 2018 ᾗ
685 1935 795 1998 δίκαια
822 1932 877 1999 καὶ
904 1933 1039 2019 εὔορκα,
1066 1945 1170 2001 ταῦτα

137 2042 367 2124 ιφηφίσησθε.
416 2039 477 2122 τὴν
508 2035 569 2122 μὲν
601 2033 663 2103 οὖν
693 2039 915 2123 παραγραφὴν
943 2038 1171 2124 ἐποιησάμεθα

163 2156 221 2229 τῆς
253 2147 359 2228 δίκης,
392 2143 452 2229 οὐχ
485 2140 528 2208 ἵν’
559 2144 772 2228 ἐκκρούοντες
802 2146 944 2229 χρόνους
972 2144 1169 2231 ἐμποιῶμεν,

165 2245 236 2316 ἀλλ’
267 2251 323 2316 ἵνα
352 2262 420 2315 τῶν
446 2251 662 2335 πραγμάτων,
693 2248 751 2314 όδιν
778 2249 921 2336 ἐπιδείξῃ
948 2245 1024 2335 μηδ’
1055 2251 1170 2319 ὁτιοῦν

165 2354 341 2422 ἀδικοῦνθ’
369 2354 487 2420 ἑαυτὸν
510 2355 635 2436 οὑτοσί,
660 2354 831 2439 ἀπαλλαγή
853 2379 902 2432 τις
925 2356 1012 2421 αύτιι
1035 2356 1170 2443 γίνηται

165 2457 242 2544 παρ’
263 2462 343 2546 ὑμῖν
366 2464 472 2544 κυρία.
509 2461 572 2526 ὅσα
593 2461 657 2544 γάρ
679 2462 768 2544 παρὰ
787 2472 856 2536 τοῖς
874 2461 986 2538 άλλοις
1003 2461 1093 2528 ἐστὶν
1110 2464 1169 2530 ἀν-

164 2566 315 2654 θρώποις
334 2567 453 2651 ίσχορδι
470 2563 526 2631 καί
543 2564 670 2649 βέβαια,
689 2566 770 2631 ἀνευ
787 2575 848 2632 τοῦ
862 2564 938 2651 παρ’
955 2567 1036 2652 ὑμῖν
1049 2568 1169 2652 ἀγωνί-

138 2680 301 2757 εσασθαι,
324 2681 426 2737 ταῦτα
448 2671 554 2736 πάντα
577 2673 761 2755 πεποιηκὼς
782 2676 938 2757 Φορμίων
956 2673 1080 2758 οὑτοσί,
1103 2675 1221 2742 natm
1253 2734 1257 2741 .

165 2780 271 2846 πολλὰ
291 2775 351 2862 μὲν
369 2772 407 2842 εὖ
425 2777 609 2861 πεποιηκὼς
628 2775 878 2864 Ἀπολλόδωρον
896 2783 1038 2863 τουτονί,
1061 2783 1169 2848 πάντα

166 2883 210 2968 δ’,
235 2886 323 2951 ὅσων
345 2884 460 2966 κύριος
481 2893 548 2947 τῶν
566 2883 686 2948 τούτου
704 2886 914 2968 κατελείφθη,
938 2886 1096 2965 διαλύσας
1113 2888 1169 2954 καὶ

164 2993 334 3076 παραδοὺς
365 2989 524 3070 δικαίως,
545 2985 602 3052 καί
632 2989 765 3054 πάντων
796 2987 935 3073 ἀφεθεὶς
960 2992 1040 3076 μετὰ
1065 3003 1169 3060 ταῦτα

165 3109 232 3163 τῶν
255 3095 477 3180 ἐγκλημάτων,
502 3094 603 3178 ὅμως,
628 3094 672 3171 ὡς
695 3091 798 3178 ὁρᾶτ’,
822 3095 933 3180 ἐπειδὴ
955 3094 1071 3183 φέρειν
1092 3109 1169 3166 τοῦ·

164 3225 224 3268 τον
251 3200 311 3285 οὐχ
340 3192 409 3276 οἷός
434 3193 463 3264 τ’
489 3198 573 3282 ἐστί,
601 3200 697 3284 δίκην
721 3200 889 3266 ταλάντων
911 3207 1037 3268 είκοσιν
1058 3207 1168 3291 λαχὼν

165 3307 253 3393 αύτῷ
285 3307 409 3389 ταύτην
441 3316 649 3389 συκοφαντεῖ.
694 3305 727 3385 ἐξ
759 3306 859 3392 ἀρχῆς
886 3301 948 3373 οὖν
974 3309 1101 3375 ἅπαντα
1127 3314 1168 3377 τά

165 3410 354 3496 πραχθέντα
385 3411 491 3498 τούτῳ
523 3412 605 3495 πρὸς
635 3415 794 3478 Πασίωνα
825 3411 879 3478 καὶ
908 3406 1166 3502 Ἀπολλόδωρον,

164 3515 210 3590 ὡς
241 3514 283 3579 ἀν
316 3517 465 3600 δύνωμαι
497 3517 552 3581 διὰ
584 3518 796 3602 βραχυτάτων
827 3519 931 3584 εἰπεῖν
959 3522 1165 3606 πειράσομαι,
