<?xml version="1.0" encoding="UTF-8"?>
<!DOCTYPE html PUBLIC "-//W3C//DTD XHTML 1.0 Transitional//EN"
    "http://www.w3.org/TR/xhtml1/DTD/xhtml1-transitional.dtd">
<html xmlns="http://www.w3.org/1999/xhtml" xml:lang="en" lang="en">
 <head>
  <title>
</title>
<meta http-equiv="Content-Type" content="text/html;charset=utf-8" />
  <meta name='ocr-system' content='tesseract 3.04.00' />
  <meta name='ocr-capabilities' content='ocr_page ocr_carea ocr_par ocr_line ocrx_word'/>
</head>
<body>
  <div class='ocr_page' id='page_1' title='image "./orationes00demogoog_0011.png"; bbox 0 0 2602 3910; ppageno 0'>
   <div class='ocr_carea' id='block_1_1' title="bbox 158 159 765 220">
    <p class='ocr_par' dir='ltr' id='par_1_1' title="bbox 158 159 765 220">
     <span class='ocr_line' id='line_1_1' title="bbox 158 159 765 220; baseline 0.003 -4"><span class='ocrx_word' id='word_1_1' title='bbox 158 159 195 216; x_wconf 85' lang='lat' dir='ltr'>Vl</span> <span class='ocrx_word' id='word_1_2' title='bbox 553 161 765 220; x_wconf 74' lang='lat' dir='ltr'>Pnsnns&#39;rlo.</span> 
     </span>
    </p>
   </div>
   <div class='ocr_carea' id='block_1_2' title="bbox 94 310 1191 1885">
    <p class='ocr_par' dir='ltr' id='par_1_2' title="bbox 94 310 1191 1885">
     <span class='ocr_line' id='line_1_2' title="bbox 158 310 1164 408; baseline -0.004 -16"><span class='ocrx_word' id='word_1_3' title='bbox 158 321 225 392; x_wconf 78' lang='lat' dir='ltr'>sivo</span> <span class='ocrx_word' id='word_1_4' title='bbox 239 344 305 392; x_wconf 88' lang='lat' dir='ltr'>uno</span> <span class='ocrx_word' id='word_1_5' title='bbox 324 324 466 390; x_wconf 78' lang='lat' dir='ltr'>altororo</span> <span class='ocrx_word' id='word_1_6' title='bbox 485 323 613 390; x_wconf 78' lang='grc' dir='ltr'><strong><em>εεοοιιΙο</em></strong></span> <span class='ocrx_word' id='word_1_7' title='bbox 632 323 803 408; x_wconf 77' lang='lat' dir='ltr'>recentius,</span> <span class='ocrx_word' id='word_1_8' title='bbox 820 324 883 392; x_wconf 87' lang='lat' dir='ltr'>hoo</span> <span class='ocrx_word' id='word_1_9' title='bbox 901 324 988 408; x_wconf 84' lang='lat' dir='ltr'>quod</span> <span class='ocrx_word' id='word_1_10' title='bbox 1005 321 1072 388; x_wconf 82' lang='lat' dir='ltr'>dixi</span> <span class='ocrx_word' id='word_1_11' title='bbox 1088 310 1164 390; x_wconf 81' lang='lat' dir='ltr'>saue</span> 
     </span>
     <span class='ocr_line' id='line_1_3' title="bbox 158 426 1165 513; baseline -0.001 -23"><span class='ocrx_word' id='word_1_12' title='bbox 158 426 272 493; x_wconf 80' lang='lat' dir='ltr'>dooere</span> <span class='ocrx_word' id='word_1_13' title='bbox 297 427 434 513; x_wconf 74' lang='lat' dir='ltr'>videtur,</span> <span class='ocrx_word' id='word_1_14' title='bbox 465 451 539 496; x_wconf 87' lang='lat' dir='ltr'>oum</span> <span class='ocrx_word' id='word_1_15' title='bbox 566 428 674 494; x_wconf 81' lang='lat' dir='ltr'>variae</span> <span class='ocrx_word' id='word_1_16' title='bbox 700 428 849 494; x_wconf 79' lang='lat' dir='ltr'>lectionis</span> <span class='ocrx_word' id='word_1_17' title='bbox 875 427 959 494; x_wconf 83' lang='lat' dir='ltr'>nihil</span> <span class='ocrx_word' id='word_1_18' title='bbox 984 427 1051 493; x_wconf 81' lang='lat' dir='ltr'>fore</span> <span class='ocrx_word' id='word_1_19' title='bbox 1079 427 1165 510; x_wconf 91' lang='lat' dir='ltr'>quod</span> 
     </span>
     <span class='ocr_line' id='line_1_4' title="bbox 157 530 1165 619; baseline 0.004 -25"><span class='ocrx_word' id='word_1_20' title='bbox 157 530 231 600; x_wconf 87' lang='lat' dir='ltr'>usui</span> <span class='ocrx_word' id='word_1_21' title='bbox 258 533 302 598; x_wconf 88' lang='lat' dir='ltr'>sit</span> <span class='ocrx_word' id='word_1_22' title='bbox 325 555 364 600; x_wconf 80' lang='lat' dir='ltr'>er</span> <span class='ocrx_word' id='word_1_23' title='bbox 390 533 442 600; x_wconf 94' lang='lat' dir='ltr'>his</span> <span class='ocrx_word' id='word_1_24' title='bbox 465 532 610 618; x_wconf 85' lang='lat' dir='ltr'>reliquiis</span> <span class='ocrx_word' id='word_1_25' title='bbox 636 534 705 619; x_wconf 80' lang='lat' dir='ltr'>poti</span> <span class='ocrx_word' id='word_1_26' title='bbox 731 534 844 619; x_wconf 86' lang='lat' dir='ltr'>possit.</span> <span class='ocrx_word' id='word_1_27' title='bbox 889 533 1011 600; x_wconf 88' lang='lat' dir='ltr'>Verum</span> <span class='ocrx_word' id='word_1_28' title='bbox 1034 532 1165 600; x_wconf 80' lang='lat' dir='ltr'>difficile</span> 
     </span>
     <span class='ocr_line' id='line_1_5' title="bbox 159 637 1164 726; baseline -0.003 -20"><span class='ocrx_word' id='word_1_29' title='bbox 159 641 209 706; x_wconf 74' lang='lat' dir='ltr'>est</span> <span class='ocrx_word' id='word_1_30' title='bbox 229 637 315 707; x_wconf 75' lang='lat' dir='ltr'>inter</span> <span class='ocrx_word' id='word_1_31' title='bbox 339 638 480 724; x_wconf 73' lang='lat' dir='ltr'>Scyllam</span> <span class='ocrx_word' id='word_1_32' title='bbox 504 639 753 724; x_wconf 65' lang='lat' dir='ltr'><strong>Charybdinque</strong></span> <span class='ocrx_word' id='word_1_33' title='bbox 775 639 847 724; x_wconf 87' lang='lat' dir='ltr'>iter,</span> <span class='ocrx_word' id='word_1_34' title='bbox 869 662 941 706; x_wconf 86' lang='lat' dir='ltr'>oum</span> <span class='ocrx_word' id='word_1_35' title='bbox 966 642 999 704; x_wconf 88' lang='lat' dir='ltr'>et</span> <span class='ocrx_word' id='word_1_36' title='bbox 1022 662 1042 704; x_wconf 87' lang='lat' dir='ltr'>a</span> <span class='ocrx_word' id='word_1_37' title='bbox 1064 637 1164 726; x_wconf 89' lang='lat' dir='ltr'>suspi-</span> 
     </span>
     <span class='ocr_line' id='line_1_6' title="bbox 159 741 1164 813; baseline 0 -7"><span class='ocrx_word' id='word_1_38' title='bbox 159 741 249 811; x_wconf 87' lang='lat' dir='ltr'>oiono</span> <span class='ocrx_word' id='word_1_39' title='bbox 284 743 459 812; x_wconf 76' lang='lat' dir='ltr'>immodica</span> <span class='ocrx_word' id='word_1_40' title='bbox 493 745 670 812; x_wconf 75' lang='lat' dir='ltr'>carendum</span> <span class='ocrx_word' id='word_1_41' title='bbox 707 746 751 812; x_wconf 87' lang='lat' dir='ltr'>sit</span> <span class='ocrx_word' id='word_1_42' title='bbox 782 750 816 810; x_wconf 85' lang='lat' dir='ltr'>ot</span> <span class='ocrx_word' id='word_1_43' title='bbox 852 768 872 812; x_wconf 83' lang='lat' dir='ltr'>a</span> <span class='ocrx_word' id='word_1_44' title='bbox 906 744 1007 811; x_wconf 85' lang='lat' dir='ltr'>nimia</span> <span class='ocrx_word' id='word_1_45' title='bbox 1039 744 1164 813; x_wconf 84' lang='lat' dir='ltr'>fiduoia.</span> 
     </span>
     <span class='ocr_line' id='line_1_7' title="bbox 158 847 1166 934; baseline 0.001 -21"><span class='ocrx_word' id='word_1_46' title='bbox 158 847 273 915; x_wconf 87' lang='lat' dir='ltr'>Nostri</span> <span class='ocrx_word' id='word_1_47' title='bbox 296 850 425 934; x_wconf 82' lang='lat' dir='ltr'>quidem</span> <span class='ocrx_word' id='word_1_48' title='bbox 447 851 524 916; x_wconf 88' lang='lat' dir='ltr'>libri</span> <span class='ocrx_word' id='word_1_49' title='bbox 547 851 683 916; x_wconf 77' lang='lat' dir='ltr'>derivati</span> <span class='ocrx_word' id='word_1_50' title='bbox 705 856 782 918; x_wconf 87' lang='lat' dir='ltr'>sunt</span> <span class='ocrx_word' id='word_1_51' title='bbox 804 872 916 916; x_wconf 80' lang='lat' dir='ltr'>omnes</span> <span class='ocrx_word' id='word_1_52' title='bbox 939 872 979 916; x_wconf 82' lang='lat' dir='ltr'>ex</span> <span class='ocrx_word' id='word_1_53' title='bbox 1000 872 1065 916; x_wconf 91' lang='lat' dir='ltr'>uno</span> <span class='ocrx_word' id='word_1_54' title='bbox 1089 871 1166 934; x_wconf 88' lang='lat' dir='ltr'>quo-</span> 
     </span>
     <span class='ocr_line' id='line_1_8' title="bbox 159 954 1166 1043; baseline 0.007 -26"><span class='ocrx_word' id='word_1_55' title='bbox 159 954 232 1020; x_wconf 85' lang='lat' dir='ltr'>dam</span> <span class='ocrx_word' id='word_1_56' title='bbox 251 956 406 1041; x_wconf 82' lang='lat' dir='ltr'>exemplo,</span> <span class='ocrx_word' id='word_1_57' title='bbox 428 956 514 1041; x_wconf 89' lang='lat' dir='ltr'>quod</span> <span class='ocrx_word' id='word_1_58' title='bbox 533 956 561 1022; x_wconf 87' lang='lat' dir='ltr'>si</span> <span class='ocrx_word' id='word_1_59' title='bbox 580 957 707 1022; x_wconf 79' lang='lat' dir='ltr'>saeculo</span> <span class='ocrx_word' id='word_1_60' title='bbox 726 957 841 1043; x_wconf 87' lang='lat' dir='ltr'>quinto</span> <span class='ocrx_word' id='word_1_61' title='bbox 860 962 991 1022; x_wconf 78' lang='lat' dir='ltr'>sextove</span> <span class='ocrx_word' id='word_1_62' title='bbox 1010 955 1166 1042; x_wconf 83' lang='lat' dir='ltr'>seriptum</span> 
     </span>
     <span class='ocr_line' id='line_1_9' title="bbox 160 1059 1165 1148; baseline 0.001 -25"><span class='ocrx_word' id='word_1_63' title='bbox 160 1059 381 1146; x_wconf 81' lang='lat' dir='ltr'>statuerimus,</span> <span class='ocrx_word' id='word_1_64' title='bbox 410 1083 477 1127; x_wconf 90' lang='lat' dir='ltr'>non</span> <span class='ocrx_word' id='word_1_65' title='bbox 502 1061 600 1127; x_wconf 89' lang='lat' dir='ltr'>nimis</span> <span class='ocrx_word' id='word_1_66' title='bbox 627 1061 724 1148; x_wconf 77' lang='lat' dir='ltr'>longo</span> <span class='ocrx_word' id='word_1_67' title='bbox 751 1085 771 1127; x_wconf 87' lang='lat' dir='ltr'>a</span> <span class='ocrx_word' id='word_1_68' title='bbox 798 1083 874 1126; x_wconf 82' lang='lat' dir='ltr'>vero</span> <span class='ocrx_word' id='word_1_69' title='bbox 902 1061 1165 1128; x_wconf 80' lang='lat' dir='ltr'>aberraverimua</span> 
     </span>
     <span class='ocr_line' id='line_1_10' title="bbox 159 1163 1166 1251; baseline 0.003 -24"><span class='ocrx_word' id='word_1_70' title='bbox 159 1163 197 1228; x_wconf 88' lang='lat' dir='ltr'>Id</span> <span class='ocrx_word' id='word_1_71' title='bbox 210 1167 392 1251; x_wconf 76' lang='lat' dir='ltr'>exemplum</span> <span class='ocrx_word' id='word_1_72' title='bbox 405 1172 536 1234; x_wconf 78' lang='lat' dir='ltr'>auctum</span> <span class='ocrx_word' id='word_1_73' title='bbox 550 1167 650 1232; x_wconf 85' lang='lat' dir='ltr'>fuisse</span> <span class='ocrx_word' id='word_1_74' title='bbox 669 1167 877 1234; x_wconf 73' lang='lat' dir='ltr'>adnotatione</span> <span class='ocrx_word' id='word_1_75' title='bbox 891 1167 999 1232; x_wconf 77' lang='lat' dir='ltr'>variae</span> <span class='ocrx_word' id='word_1_76' title='bbox 1016 1166 1166 1232; x_wconf 85' lang='lat' dir='ltr'>leotionis</span> 
     </span>
     <span class='ocr_line' id='line_1_11' title="bbox 160 1270 1165 1356; baseline 0.006 -23"><span class='ocrx_word' id='word_1_77' title='bbox 160 1270 394 1356; x_wconf 78' lang='lat' dir='ltr'>credipotest,</span> <span class='ocrx_word' id='word_1_78' title='bbox 424 1294 464 1338; x_wconf 83' lang='lat' dir='ltr'>ox</span> <span class='ocrx_word' id='word_1_79' title='bbox 491 1271 664 1339; x_wconf 76' lang='lat' dir='ltr'>collatione</span> <span class='ocrx_word' id='word_1_80' title='bbox 691 1273 815 1338; x_wconf 75' lang='lat' dir='ltr'>scilicet</span> <span class='ocrx_word' id='word_1_81' title='bbox 842 1272 978 1338; x_wconf 80' lang='lat' dir='ltr'>aliorum</span> <span class='ocrx_word' id='word_1_82' title='bbox 1008 1271 1165 1339; x_wconf 87' lang='lat' dir='ltr'>librorum</span> 
     </span>
     <span class='ocr_line' id='line_1_12' title="bbox 158 1377 1167 1463; baseline 0.003 -24"><span class='ocrx_word' id='word_1_83' title='bbox 158 1381 373 1444; x_wconf 84' lang='lat' dir='ltr'>vetustorum:</span> <span class='ocrx_word' id='word_1_84' title='bbox 405 1377 496 1442; x_wconf 89' lang='lat' dir='ltr'>ouius</span> <span class='ocrx_word' id='word_1_85' title='bbox 524 1377 571 1442; x_wconf 86' lang='lat' dir='ltr'>roi</span> <span class='ocrx_word' id='word_1_86' title='bbox 598 1378 695 1443; x_wconf 85' lang='lat' dir='ltr'>fidem</span> <span class='ocrx_word' id='word_1_87' title='bbox 722 1378 802 1444; x_wconf 82' lang='lat' dir='ltr'>fauit</span> <span class='ocrx_word' id='word_1_88' title='bbox 828 1378 1025 1463; x_wconf 74' lang='lat' dir='ltr'>subscriptio</span> <span class='ocrx_word' id='word_1_89' title='bbox 1052 1377 1110 1442; x_wconf 87' lang='lat' dir='ltr'>illa</span> <span class='ocrx_word' id='word_1_90' title='bbox 1131 1378 1167 1442; x_wconf 89' lang='lat' dir='ltr'>in</span> 
     </span>
     <span class='ocr_line' id='line_1_13' title="bbox 159 1481 1165 1569; baseline 0.002 -25"><span class='ocrx_word' id='word_1_91' title='bbox 159 1481 334 1550; x_wconf 82' lang='lat' dir='ltr'>VenetoF</span> <span class='ocrx_word' id='word_1_92' title='bbox 364 1483 503 1548; x_wconf 85' lang='lat' dir='ltr'>orationi</span> <span class='ocrx_word' id='word_1_93' title='bbox 526 1483 581 1548; x_wconf 88' lang='lat' dir='ltr'>XI.</span> <span class='ocrx_word' id='word_1_94' title='bbox 606 1483 763 1549; x_wconf 79' lang='lat' dir='ltr'>subiecta:</span> <span class='ocrx_word' id='word_1_95' title='bbox 793 1484 981 1569; x_wconf 79' lang='grc' dir='ltr'><strong><em>θιώρθωτοιι</em></strong></span> <span class='ocrx_word' id='word_1_96' title='bbox 1011 1482 1080 1566; x_wconf 65' lang='grc' dir='ltr'><strong><em>ε’γῑ)</em></strong></span> <span class='ocrx_word' id='word_1_97' title='bbox 1103 1483 1165 1546; x_wconf 75' lang='grc' dir='ltr'>δύο</span> 
     </span>
     <span class='ocr_line' id='line_1_14' title="bbox 159 1586 1166 1676; baseline 0 -24"><span class='ocrx_word' id='word_1_98' title='bbox 159 1595 372 1654; x_wconf 82' lang='grc' dir='ltr'><strong><em>Ατιιιιιννῶν.</em></strong></span> <span class='ocrx_word' id='word_1_99' title='bbox 410 1586 525 1654; x_wconf 80' lang='lat' dir='ltr'>Caveri</span> <span class='ocrx_word' id='word_1_100' title='bbox 537 1593 648 1661; x_wconf 84' lang='lat' dir='ltr'>tamen</span> <span class='ocrx_word' id='word_1_101' title='bbox 665 1611 732 1656; x_wconf 89' lang='lat' dir='ltr'>non</span> <span class='ocrx_word' id='word_1_102' title='bbox 745 1589 863 1676; x_wconf 85' lang='lat' dir='ltr'>potuit,</span> <span class='ocrx_word' id='word_1_103' title='bbox 881 1589 1054 1674; x_wconf 82' lang='lat' dir='ltr'>quominus</span> <span class='ocrx_word' id='word_1_104' title='bbox 1067 1589 1166 1654; x_wconf 87' lang='lat' dir='ltr'>etiam</span> 
     </span>
     <span class='ocr_line' id='line_1_15' title="bbox 94 1693 1166 1779; baseline -0.004 -15"><span class='ocrx_word' id='word_1_105' title='bbox 94 1761 95 1764; x_wconf 74' lang='grc'>,</span> <span class='ocrx_word' id='word_1_106' title='bbox 158 1694 291 1760; x_wconf 77' lang='lat' dir='ltr'>lacunae</span> <span class='ocrx_word' id='word_1_107' title='bbox 314 1699 494 1779; x_wconf 81' lang='lat' dir='ltr'>manerent,</span> <span class='ocrx_word' id='word_1_108' title='bbox 518 1693 585 1760; x_wconf 86' lang='lat' dir='ltr'>sive</span> <span class='ocrx_word' id='word_1_109' title='bbox 609 1695 695 1778; x_wconf 90' lang='lat' dir='ltr'>quod</span> <span class='ocrx_word' id='word_1_110' title='bbox 717 1695 794 1761; x_wconf 88' lang='lat' dir='ltr'>libri</span> <span class='ocrx_word' id='word_1_111' title='bbox 817 1695 927 1761; x_wconf 86' lang='lat' dir='ltr'>oollati</span> <span class='ocrx_word' id='word_1_112' title='bbox 950 1717 1004 1760; x_wconf 87' lang='lat' dir='ltr'>oas</span> <span class='ocrx_word' id='word_1_113' title='bbox 1026 1716 1093 1762; x_wconf 93' lang='lat' dir='ltr'>non</span> <span class='ocrx_word' id='word_1_114' title='bbox 1115 1716 1166 1760; x_wconf 82' lang='lat' dir='ltr'>ox-</span> 
     </span>
     <span class='ocr_line' id='line_1_16' title="bbox 158 1786 1191 1885; baseline 0 -22"><span class='ocrx_word' id='word_1_115' title='bbox 158 1798 292 1885; x_wconf 88' lang='lat' dir='ltr'>plebant</span> <span class='ocrx_word' id='word_1_116' title='bbox 314 1799 381 1866; x_wconf 81' lang='lat' dir='ltr'>sire</span> <span class='ocrx_word' id='word_1_117' title='bbox 404 1799 490 1883; x_wconf 91' lang='lat' dir='ltr'>quod</span> <span class='ocrx_word' id='word_1_118' title='bbox 514 1800 774 1884; x_wconf 80' lang='lat' dir='ltr'>supplementum</span> <span class='ocrx_word' id='word_1_119' title='bbox 791 1823 831 1868; x_wconf 83' lang='lat' dir='ltr'>ex</span> <span class='ocrx_word' id='word_1_120' title='bbox 849 1801 896 1867; x_wconf 79' lang='lat' dir='ltr'>eis</span> <span class='ocrx_word' id='word_1_121' title='bbox 914 1800 1114 1885; x_wconf 48' lang='lat' dir='ltr'>adobrutum</span> <span class='ocrx_word' id='word_1_122' title='bbox 1132 1801 1167 1864; x_wconf 87' lang='lat' dir='ltr'>in</span> <span class='ocrx_word' id='word_1_123' title='bbox 1188 1786 1191 1796; x_wconf 49' lang='lat'><strong>¹</strong></span> 
     </span>
    </p>
   </div>
   <div class='ocr_carea' id='block_1_3' title="bbox 160 1895 1296 1991">
    <p class='ocr_par' dir='ltr' id='par_1_3' title="bbox 160 1895 1296 1991">
     <span class='ocr_line' id='line_1_17' title="bbox 160 1895 1296 1991; baseline 0.002 -21"><span class='ocrx_word' id='word_1_124' title='bbox 160 1905 355 1991; x_wconf 76' lang='lat' dir='ltr'>apographis</span> <span class='ocrx_word' id='word_1_125' title='bbox 378 1904 528 1970; x_wconf 79' lang='lat' dir='ltr'>omnibus</span> <span class='ocrx_word' id='word_1_126' title='bbox 551 1905 736 1990; x_wconf 80' lang='lat' dir='ltr'>negleotum</span> <span class='ocrx_word' id='word_1_127' title='bbox 754 1910 812 1971; x_wconf 80' lang='lat' dir='ltr'>est.</span> <span class='ocrx_word' id='word_1_128' title='bbox 848 1905 990 1974; x_wconf 83' lang='lat' dir='ltr'>Maxima</span> <span class='ocrx_word' id='word_1_129' title='bbox 1012 1926 1166 1972; x_wconf 83' lang='lat' dir='ltr'>memoro·</span> <span class='ocrx_word' id='word_1_130' title='bbox 1295 1895 1296 1908; x_wconf 41' lang='lat'>¹</span> 
     </span>
    </p>
   </div>
   <div class='ocr_carea' id='block_1_4' title="bbox 158 2010 1166 2414">
    <p class='ocr_par' dir='ltr' id='par_1_4' title="bbox 158 2010 1166 2414">
     <span class='ocr_line' id='line_1_18' title="bbox 158 2010 1166 2096; baseline 0.002 -22"><span class='ocrx_word' id='word_1_131' title='bbox 158 2010 234 2075; x_wconf 86' lang='lat' dir='ltr'>bilis</span> <span class='ocrx_word' id='word_1_132' title='bbox 261 2010 377 2074; x_wconf 81' lang='lat' dir='ltr'>lacuna</span> <span class='ocrx_word' id='word_1_133' title='bbox 404 2013 453 2074; x_wconf 81' lang='lat' dir='ltr'>est</span> <span class='ocrx_word' id='word_1_134' title='bbox 479 2010 515 2073; x_wconf 93' lang='lat' dir='ltr'>in</span> <span class='ocrx_word' id='word_1_135' title='bbox 541 2010 782 2075; x_wconf 84' lang='lat' dir='ltr'>Androtioneae</span> <span class='ocrx_word' id='word_1_136' title='bbox 809 2013 905 2096; x_wconf 72' lang='lat'><strong>§23,</strong></span> <span class='ocrx_word' id='word_1_137' title='bbox 937 2033 1032 2095; x_wconf 83' lang='lat' dir='ltr'>quom</span> <span class='ocrx_word' id='word_1_138' title='bbox 1058 2011 1166 2078; x_wconf 86' lang='lat' dir='ltr'>looum</span> 
     </span>
     <span class='ocr_line' id='line_1_19' title="bbox 160 2114 1166 2200; baseline 0 -20"><span class='ocrx_word' id='word_1_139' title='bbox 160 2138 271 2182; x_wconf 86' lang='lat' dir='ltr'>omnes</span> <span class='ocrx_word' id='word_1_140' title='bbox 293 2115 398 2182; x_wconf 85' lang='lat' dir='ltr'>nostri</span> <span class='ocrx_word' id='word_1_141' title='bbox 419 2115 496 2180; x_wconf 89' lang='lat' dir='ltr'>libri</span> <span class='ocrx_word' id='word_1_142' title='bbox 517 2115 566 2181; x_wconf 85' lang='lat' dir='ltr'>ita</span> <span class='ocrx_word' id='word_1_143' title='bbox 588 2115 745 2200; x_wconf 78' lang='lat' dir='ltr'>scriptum</span> <span class='ocrx_word' id='word_1_144' title='bbox 768 2115 933 2184; x_wconf 76' lang='lat' dir='ltr'>exhibant:</span> <span class='ocrx_word' id='word_1_145' title='bbox 957 2116 1037 2184; x_wconf 85' lang='grc' dir='ltr'><strong><em>ὅταν</em></strong></span> <span class='ocrx_word' id='word_1_146' title='bbox 1060 2114 1090 2182; x_wconf 78' lang='grc' dir='ltr'>θ’</span> <span class='ocrx_word' id='word_1_147' title='bbox 1116 2117 1166 2181; x_wconf 84' lang='grc' dir='ltr'>ὅτι</span> 
     </span>
     <span class='ocr_line' id='line_1_20' title="bbox 159 2221 1165 2307; baseline 0 -21"><span class='ocrx_word' id='word_1_148' title='bbox 159 2224 241 2304; x_wconf 81' lang='grc' dir='ltr'><strong><em>τορὸς</em></strong></span> <span class='ocrx_word' id='word_1_149' title='bbox 257 2224 336 2298; x_wconf 85' lang='grc' dir='ltr'><strong><em>τοὺς</em></strong></span> <span class='ocrx_word' id='word_1_150' title='bbox 352 2221 560 2304; x_wconf 74' lang='grc' dir='ltr'><strong><em>θεσμοθέτας</em></strong></span> <span class='ocrx_word' id='word_1_151' title='bbox 575 2231 740 2304; x_wconf 81' lang='grc' dir='ltr'><strong><em>προσῆκεν</em></strong></span> <span class='ocrx_word' id='word_1_152' title='bbox 759 2221 971 2304; x_wconf 73' lang='grc' dir='ltr'>ἐπαγγέλλειν</span> <span class='ocrx_word' id='word_1_153' title='bbox 984 2233 1064 2305; x_wconf 77' lang='grc' dir='ltr'><strong><em>ημῖν</em></strong></span> <span class='ocrx_word' id='word_1_154' title='bbox 1083 2221 1165 2307; x_wconf 76' lang='lat' dir='ltr'>(soil.</span> 
     </span>
     <span class='ocr_line' id='line_1_21' title="bbox 159 2325 1166 2414; baseline 0.001 -23"><span class='ocrx_word' id='word_1_155' title='bbox 159 2325 233 2414; x_wconf 75' lang='grc' dir='ltr'>φῇ),</span> <span class='ocrx_word' id='word_1_156' title='bbox 256 2326 363 2392; x_wconf 74' lang='grc' dir='ltr'><strong><em>ἐκεῖνο</em></strong></span> <span class='ocrx_word' id='word_1_157' title='bbox 381 2327 639 2410; x_wconf 74' lang='grc' dir='ltr'><strong><em>ὑπολαμβάνετε,</em></strong></span> <span class='ocrx_word' id='word_1_158' title='bbox 659 2327 709 2392; x_wconf 83' lang='grc' dir='ltr'>ὅτι</span> <span class='ocrx_word' id='word_1_159' title='bbox 727 2325 781 2392; x_wconf 81' lang='grc' dir='ltr'>καὶ</span> <span class='ocrx_word' id='word_1_160' title='bbox 800 2336 897 2392; x_wconf 86' lang='grc' dir='ltr'><strong><em>τοῦτο</em></strong></span> <span class='ocrx_word' id='word_1_161' title='bbox 915 2331 1098 2411; x_wconf 83' lang='grc' dir='ltr'><strong><em>ποιήσομεν</em></strong></span> <span class='ocrx_word' id='word_1_162' title='bbox 1111 2327 1166 2392; x_wconf 82' lang='grc' dir='ltr'>καί</span> 
     </span>
    </p>
   </div>
   <div class='ocr_carea' id='block_1_5' title="bbox 158 2431 1297 2520">
    <p class='ocr_par' dir='ltr' id='par_1_5' title="bbox 158 2431 1297 2520">
     <span class='ocr_line' id='line_1_22' title="bbox 158 2431 1297 2520; baseline 0 -22"><span class='ocrx_word' id='word_1_163' title='bbox 158 2443 223 2498; x_wconf 87' lang='grc' dir='ltr'>νῦν</span> <span class='ocrx_word' id='word_1_164' title='bbox 244 2434 476 2516; x_wconf 76' lang='grc' dir='ltr'><strong><em>προσηκόντως</em></strong></span> <span class='ocrx_word' id='word_1_165' title='bbox 493 2431 568 2517; x_wconf 76' lang='grc' dir='ltr'><strong><em>περὶ</em></strong></span> <span class='ocrx_word' id='word_1_166' title='bbox 585 2442 646 2498; x_wconf 84' lang='grc' dir='ltr'>τοῦ</span> <span class='ocrx_word' id='word_1_167' title='bbox 663 2436 769 2515; x_wconf 84' lang='grc' dir='ltr'><strong><em>νόμου</em></strong></span> <span class='ocrx_word' id='word_1_168' title='bbox 788 2432 935 2515; x_wconf 84' lang='grc' dir='ltr'><strong><em>λέγομεν.</em></strong></span> <span class='ocrx_word' id='word_1_169' title='bbox 972 2433 1034 2498; x_wconf 80' lang='lat' dir='ltr'>Est</span> <span class='ocrx_word' id='word_1_170' title='bbox 1055 2433 1165 2520; x_wconf 85' lang='lat' dir='ltr'>paullo</span> <span class='ocrx_word' id='word_1_171' title='bbox 1296 2439 1297 2448; x_wconf 77' lang='grc'>’</span> 
     </span>
    </p>
   </div>
   <div class='ocr_carea' id='block_1_6' title="bbox 159 2538 1167 3360">
    <p class='ocr_par' dir='ltr' id='par_1_6' title="bbox 159 2538 1167 3360">
     <span class='ocr_line' id='line_1_23' title="bbox 160 2538 1167 2625; baseline 0.003 -22"><span class='ocrx_word' id='word_1_172' title='bbox 160 2538 328 2625; x_wconf 83' lang='lat' dir='ltr'>abruptior</span> <span class='ocrx_word' id='word_1_173' title='bbox 355 2538 473 2622; x_wconf 79' lang='lat' dir='ltr'>oratio,</span> <span class='ocrx_word' id='word_1_174' title='bbox 501 2560 605 2622; x_wconf 81' lang='lat' dir='ltr'>nequo</span> <span class='ocrx_word' id='word_1_175' title='bbox 632 2543 742 2604; x_wconf 77' lang='lat' dir='ltr'>tamon</span> <span class='ocrx_word' id='word_1_176' title='bbox 768 2538 808 2604; x_wconf 83' lang='lat' dir='ltr'>do</span> <span class='ocrx_word' id='word_1_177' title='bbox 834 2539 951 2606; x_wconf 76' lang='lat' dir='ltr'>lacuna</span> <span class='ocrx_word' id='word_1_178' title='bbox 977 2540 1091 2608; x_wconf 82' lang='lat' dir='ltr'>statim</span> <span class='ocrx_word' id='word_1_179' title='bbox 1116 2562 1167 2606; x_wconf 78' lang='lat' dir='ltr'>su.</span> 
     </span>
     <span class='ocr_line' id='line_1_24' title="bbox 160 2643 1166 2729; baseline 0.002 -21"><span class='ocrx_word' id='word_1_180' title='bbox 160 2649 283 2729; x_wconf 79' lang='lat' dir='ltr'>speota3</span> <span class='ocrx_word' id='word_1_181' title='bbox 306 2647 340 2708; x_wconf 86' lang='lat' dir='ltr'>at</span> <span class='ocrx_word' id='word_1_182' title='bbox 360 2643 520 2712; x_wconf 80' lang='lat' dir='ltr'>Maximus</span> <span class='ocrx_word' id='word_1_183' title='bbox 538 2645 650 2710; x_wconf 79' lang='lat' dir='ltr'>rhetor</span> <span class='ocrx_word' id='word_1_184' title='bbox 667 2644 703 2710; x_wconf 90' lang='lat' dir='ltr'>in</span> <span class='ocrx_word' id='word_1_185' title='bbox 720 2643 830 2709; x_wconf 82' lang='lat' dir='ltr'>libello</span> <span class='ocrx_word' id='word_1_186' title='bbox 853 2643 928 2728; x_wconf 78' lang='grc' dir='ltr'><strong><em>περὶ</em></strong></span> <span class='ocrx_word' id='word_1_187' title='bbox 948 2656 1014 2710; x_wconf 80' lang='grc' dir='ltr'><strong><em>τῶν</em></strong></span> <span class='ocrx_word' id='word_1_188' title='bbox 1037 2644 1166 2710; x_wconf 79' lang='grc' dir='ltr'><strong><em>ἀλύτων</em></strong></span> 
     </span>
     <span class='ocr_line' id='line_1_25' title="bbox 159 2747 1167 2836; baseline 0.004 -22"><span class='ocrx_word' id='word_1_189' title='bbox 159 2750 362 2815; x_wconf 75' lang='grc' dir='ltr'><strong><em>ἀντιθέσεων</em></strong></span> <span class='ocrx_word' id='word_1_190' title='bbox 390 2747 507 2834; x_wconf 86' lang='lat' dir='ltr'>(Walz.</span> <span class='ocrx_word' id='word_1_191' title='bbox 525 2750 565 2835; x_wconf 88' lang='lat' dir='ltr'>V,</span> <span class='ocrx_word' id='word_1_192' title='bbox 583 2751 661 2833; x_wconf 76' lang='lat'>579)</span> <span class='ocrx_word' id='word_1_193' title='bbox 689 2749 738 2816; x_wconf 85' lang='lat' dir='ltr'>ita</span> <span class='ocrx_word' id='word_1_194' title='bbox 764 2749 873 2816; x_wconf 81' lang='lat' dir='ltr'>locum</span> <span class='ocrx_word' id='word_1_195' title='bbox 895 2751 1050 2836; x_wconf 78' lang='lat' dir='ltr'>excerpit:</span> <span class='ocrx_word' id='word_1_196' title='bbox 1086 2751 1167 2818; x_wconf 82' lang='grc' dir='ltr'><strong><em>ὑτο-</em></strong></span> 
     </span>
     <span class='ocr_line' id='line_1_26' title="bbox 159 2853 1166 2940; baseline 0.001 -19"><span class='ocrx_word' id='word_1_197' title='bbox 159 2857 294 2939; x_wconf 82' lang='grc' dir='ltr'><strong><em>βοίλλετε</em></strong></span> <span class='ocrx_word' id='word_1_198' title='bbox 308 2854 407 2940; x_wconf 72' lang='grc' dir='ltr'><strong><em>αὐτῷ,</em></strong></span> <span class='ocrx_word' id='word_1_199' title='bbox 424 2855 473 2920; x_wconf 83' lang='grc' dir='ltr'>ὅτι</span> <span class='ocrx_word' id='word_1_200' title='bbox 488 2853 542 2920; x_wconf 85' lang='grc' dir='ltr'>καὶ</span> <span class='ocrx_word' id='word_1_201' title='bbox 556 2864 654 2921; x_wconf 85' lang='grc' dir='ltr'><strong><em>τοῦτο</em></strong></span> <span class='ocrx_word' id='word_1_202' title='bbox 668 2858 849 2940; x_wconf 79' lang='grc' dir='ltr'><strong><em>ποιήσομεν</em></strong></span> <span class='ocrx_word' id='word_1_203' title='bbox 863 2856 1044 2939; x_wconf 83' lang='grc' dir='ltr'><strong><em>ὕστερον,</em></strong></span> <span class='ocrx_word' id='word_1_204' title='bbox 1064 2856 1166 2923; x_wconf 81' lang='grc' dir='ltr'><strong><em>ἐτει-</em></strong></span> 
     </span>
     <span class='ocr_line' id='line_1_27' title="bbox 160 2955 1166 3048; baseline 0.002 -22"><span class='ocrx_word' id='word_1_205' title='bbox 160 2963 231 3028; x_wconf 72' lang='lat' dir='ltr'>ooo</span> <span class='ocrx_word' id='word_1_206' title='bbox 255 2969 327 3026; x_wconf 88' lang='grc' dir='ltr'>νῦν</span> <span class='ocrx_word' id='word_1_207' title='bbox 348 2959 436 3042; x_wconf 78' lang='grc' dir='ltr'><strong><em>περὶ</em></strong></span> <span class='ocrx_word' id='word_1_208' title='bbox 455 2955 507 3026; x_wconf 81' lang='grc' dir='ltr'><strong><em>ὧν</em></strong></span> <span class='ocrx_word' id='word_1_209' title='bbox 530 2963 707 3042; x_wconf 81' lang='grc' dir='ltr'><strong><em>εἰσῆκται</em></strong></span> <span class='ocrx_word' id='word_1_210' title='bbox 726 2962 777 3048; x_wconf 73' lang='grc' dir='ltr'>δῷ</span> <span class='ocrx_word' id='word_1_211' title='bbox 797 2965 930 3044; x_wconf 81' lang='grc' dir='ltr'><strong><em>λόγον,</em></strong></span> <span class='ocrx_word' id='word_1_212' title='bbox 955 2962 1071 3046; x_wconf 88' lang='lat' dir='ltr'>quibus</span> <span class='ocrx_word' id='word_1_213' title='bbox 1086 2962 1166 3028; x_wconf 82' lang='lat' dir='ltr'>haec</span> 
     </span>
     <span class='ocr_line' id='line_1_28' title="bbox 159 3062 1166 3152; baseline 0 -20"><span class='ocrx_word' id='word_1_214' title='bbox 159 3069 228 3152; x_wconf 84' lang='lat' dir='ltr'>ipse</span> <span class='ocrx_word' id='word_1_215' title='bbox 247 3067 379 3136; x_wconf 78' lang='lat' dir='ltr'>subicit:</span> <span class='ocrx_word' id='word_1_216' title='bbox 403 3067 478 3134; x_wconf 82' lang='grc' dir='ltr'><strong><em>οὔτε</em></strong></span> <span class='ocrx_word' id='word_1_217' title='bbox 497 3068 560 3152; x_wconf 78' lang='grc' dir='ltr'>γὰρ</span> <span class='ocrx_word' id='word_1_218' title='bbox 579 3068 742 3144; x_wconf 79' lang='grc' dir='ltr'><strong><em>ἀδύνατος</em></strong></span> <span class='ocrx_word' id='word_1_219' title='bbox 760 3062 844 3132; x_wconf 78' lang='grc' dir='ltr'><strong><em>εἶναι</em></strong></span> <span class='ocrx_word' id='word_1_220' title='bbox 866 3067 971 3145; x_wconf 78' lang='grc' dir='ltr'><strong><em>δόξεις</em></strong></span> <span class='ocrx_word' id='word_1_221' title='bbox 989 3073 1087 3133; x_wconf 82' lang='grc' dir='ltr'><strong><em>λῦσαι</em></strong></span> <span class='ocrx_word' id='word_1_222' title='bbox 1105 3069 1166 3150; x_wconf 79' lang='grc' dir='ltr'><strong><em>τὴν</em></strong></span> 
     </span>
     <span class='ocr_line' id='line_1_29' title="bbox 159 3171 1163 3257; baseline 0 -19"><span class='ocrx_word' id='word_1_223' title='bbox 159 3173 341 3255; x_wconf 78' lang='grc' dir='ltr'><strong><em>ἀντίθεσιν,</em></strong></span> <span class='ocrx_word' id='word_1_224' title='bbox 360 3171 416 3238; x_wconf 76' lang='lat' dir='ltr'>aul</span> <span class='ocrx_word' id='word_1_225' title='bbox 434 3173 632 3256; x_wconf 78' lang='grc' dir='ltr'><strong><em>ἀναβολὴν</em></strong></span> <span class='ocrx_word' id='word_1_226' title='bbox 651 3173 745 3255; x_wconf 79' lang='grc' dir='ltr'><strong><em>μετὰ</em></strong></span> <span class='ocrx_word' id='word_1_227' title='bbox 765 3171 978 3254; x_wconf 74' lang='grc' dir='ltr'><strong><em>ἀπολογίας</em></strong></span> <span class='ocrx_word' id='word_1_228' title='bbox 997 3175 1163 3257; x_wconf 79' lang='grc' dir='ltr'><strong><em>εἰργασμέ-</em></strong></span> 
     </span>
     <span class='ocr_line' id='line_1_30' title="bbox 159 3277 1166 3360; baseline 0.002 -18"><span class='ocrx_word' id='word_1_229' title='bbox 159 3301 218 3354; x_wconf 89' lang='grc' dir='ltr'><strong><em>νος</em></strong></span> <span class='ocrx_word' id='word_1_230' title='bbox 236 3278 430 3356; x_wconf 76' lang='grc' dir='ltr'><strong><em>ἀξιοπίστως</em></strong></span> <span class='ocrx_word' id='word_1_231' title='bbox 448 3277 580 3355; x_wconf 81' lang='grc' dir='ltr'><strong><em>ἀπάξεις</em></strong></span> <span class='ocrx_word' id='word_1_232' title='bbox 599 3277 661 3342; x_wconf 80' lang='grc' dir='ltr'>ἀπὸ</span> <span class='ocrx_word' id='word_1_233' title='bbox 678 3287 735 3360; x_wconf 80' lang='grc' dir='ltr'>τῆς</span> <span class='ocrx_word' id='word_1_234' title='bbox 754 3277 949 3354; x_wconf 81' lang='grc' dir='ltr'><strong><em>ἀντιθέσεως</em></strong></span> <span class='ocrx_word' id='word_1_235' title='bbox 969 3279 1070 3360; x_wconf 78' lang='grc' dir='ltr'><strong><em>οὔσης</em></strong></span> <span class='ocrx_word' id='word_1_236' title='bbox 1088 3279 1166 3346; x_wconf 78' lang='grc' dir='ltr'><strong><em>ἀλύ-</em></strong></span> 
     </span>
    </p>
   </div>
   <div class='ocr_carea' id='block_1_7' title="bbox 157 3421 366 3431">
    <p class='ocr_par' dir='ltr' id='par_1_7' title="bbox 157 3421 366 3431">
     <span class='ocr_line' id='line_1_31' title="bbox 157 3421 366 3431; baseline 0 -1"><span class='ocrx_word' id='word_1_237' title='bbox 157 3421 366 3431; x_wconf 57' lang='grc' dir='ltr'><strong><em>...ω-...ι-</em></strong></span> 
     </span>
    </p>
   </div>
   <div class='ocr_carea' id='block_1_8' title="bbox 232 3502 758 3572">
    <p class='ocr_par' dir='ltr' id='par_1_8' title="bbox 232 3502 758 3572">
     <span class='ocr_line' id='line_1_32' title="bbox 232 3502 758 3572; baseline 0.002 -15"><span class='ocrx_word' id='word_1_238' title='bbox 232 3505 258 3572; x_wconf 82' lang='grc'>1)</span> <span class='ocrx_word' id='word_1_239' title='bbox 275 3502 308 3558; x_wconf 80' lang='lat' dir='ltr'>V.</span> <span class='ocrx_word' id='word_1_240' title='bbox 327 3503 494 3571; x_wconf 80' lang='lat' dir='ltr'>Bnermann,</span> <span class='ocrx_word' id='word_1_241' title='bbox 513 3503 605 3558; x_wconf 80' lang='lat' dir='ltr'>Herm.</span> <span class='ocrx_word' id='word_1_242' title='bbox 625 3503 696 3571; x_wconf 85' lang='lat' dir='ltr'><strong>XXI,</strong></span> <span class='ocrx_word' id='word_1_243' title='bbox 717 3509 758 3558; x_wconf 75' lang='grc'>89.</span> 
     </span>
    </p>
   </div>
   <div class='ocr_carea' id='block_1_9' title="bbox 0 0 1308 3910">
    <p class='ocr_par' dir='ltr' id='par_1_9' title="bbox 0 0 1308 3910">
     <span class='ocr_line' id='line_1_33' title="bbox 0 0 1308 3910; baseline 0 0"><span class='ocrx_word' id='word_1_244' title='bbox 0 0 1308 3910; x_wconf 95' lang='lat' dir='ltr'> </span> 
     </span>
    </p>
   </div>
  </div>
 </body>
</html>
