2612 3918
494 158 590 210 xm
607 158 769 210 υκαυον.
1095 155 1143 220 7³

124 317 273 402 φεύγετε.
319 319 476 382 Σαννίων
503 315 595 382 ἐστὶν
618 318 726 401 δήπου
748 341 798 395 τις
820 316 838 382 δ
861 319 940 394 τούς
961 317 1144 402 τραγικοὺς

124 424 247 508 χοροὺς
271 422 451 488 διδάσκων·
481 416 579 499 οὗτος
601 422 794 508 ἀστρατείας
815 423 884 508 ἥλω
907 420 961 488 καὶ
984 421 1143 508 κέχρηται

13 517 14 578 f
83 549 111 589 εο
127 537 294 614 συμφορᾷ.
340 537 460 594 τοῦτον
487 528 568 613 μετά
594 529 656 612 τὴν
683 527 821 613 ἀτυχίαν
848 529 972 613 ταύτην
995 528 1138 612 ἐμισθά-

17 715 18 718 ,
126 636 207 699 σατό
230 657 280 710 τις
300 637 485 718 φιλονικῶν
502 635 645 719 χορηγὸς
662 636 854 723 τραγῳδῶν,
879 630 970 720 οἶμαι
990 637 1144 714 Θεοζοτίω

13 776 15 787 ι
127 741 195 823 δης.
240 741 278 804 τὸ
306 735 368 822 μὲν
396 734 460 805 οὐν
482 751 615 824 πρῶτον
638 740 847 824 ἠγανάκτουν
871 741 907 806 οί
926 738 1144 826 ἀντιχορηγοὶ

126 844 182 911 καὶ
204 845 368 910 κωλύσειν
386 847 526 929 ἔφασαν,
550 845 595 923 άις
614 843 644 911 δ’
667 844 846 931 ἐπληρώθη
865 848 903 912 τὸ
921 847 1067 932 θέατρον
1084 845 1144 912 καλ

126 952 186 1017 τὸν
209 952 310 1035 όχλον
333 949 588 1036 συνειλεγμένον
611 946 703 1018 εἶδον
725 950 779 1017 ἐπὶ
801 952 862 1017 τὸν
885 951 1008 1035 ἀγῶνα,
1034 953 1139 1037 ὤκνη-

128 1073 202 1138 σαν,
221 1062 347 1140 είασαν,
367 1055 478 1133 οὐδεὶς
491 1057 611 1141 ἥψατο,
630 1056 713 1122 ἀλλὰ
726 1066 888 1123 τοσούτου
901 1067 959 1141 τῆς
972 1057 1145 1142 εὐσεβείας

128 1161 165 1227 ἐν
193 1161 317 1251 ἑκάστῳ
345 1185 395 1239 τις
422 1161 464 1227 διν
491 1163 587 1248 ὑμῶν
612 1165 680 1229 ίδοι
703 1164 740 1228 τὸ
764 1165 1027 1248 συγκεχωρηκός,
1056 1164 1142 1228 ὥστε

127 1269 235 1334 πάντα
253 1270 313 1335 τὸν
331 1270 412 1351 μετὰ
429 1276 532 1334 ταῦτα
550 1270 674 1354 χρόνον
691 1270 842 1334 διδάσκει
859 1272 938 1346 τούς
950 1273 1072 1355 χοροὺς
1085 1267 1140 1335 καὶ

128 1369 208 1440 οὐδέ
234 1385 302 1439 τῶν
331 1375 427 1440 ίδίων
452 1373 584 1459 ἐχθρῶν
607 1373 718 1452 οὐδεὶς
740 1375 873 1440 κωλύει·
905 1373 1036 1440 τοσοῦτ’
1063 1374 1140 1441 ἀπέ-

86 1503 113 1542 οο
127 1505 178 1566 χει
208 1491 276 1546 τῶν
306 1492 467 1565 χορηγῶν.
518 1481 617 1558 ἀλλος
648 1479 738 1546 ἐστὶν
767 1474 968 1565 Ἀριστείδης
997 1483 1146 1565 Οίνῇδος

13 1643 14 1646 ,
128 1591 251 1671 φυλῆς,
280 1585 449 1671 ἠτυχηκώς
476 1609 508 1652 τι
535 1585 590 1652 καὶ
619 1581 718 1664 οὗτος
737 1595 907 1670 τοιοῦτον,
935 1586 1057 1664 ὅςνῦν
1080 1583 1141 1672 μὲν

127 1691 184 1758 καὶ
205 1691 312 1778 γε’ρων
336 1691 426 1758 ἐστὶν
448 1693 512 1776 ἤδη
536 1690 592 1757 καὶ
614 1698 694 1770 ἴσως
716 1693 824 1776 ἥττων
847 1694 1016 1778 χορευτής,
1039 1687 1082 1776 ἦν
1104 1691 1148 1757 δέ

128 1796 208 1865 ποθ’
235 1797 367 1884 ἡγεμὼν
394 1807 452 1881 τῆς
478 1803 588 1882 φυλῆς
617 1801 837 1884 [κορυφαῑοςλ
878 1805 948 1864 ίστε
972 1795 1009 1864 δὲ
1032 1799 1147 1882 δήπου·

129 1899 226 1970 τοῦθ’
252 1905 303 1970 ὅτι
329 1905 389 1970 τὸν
415 1903 561 1989 ἡγεμόνα
588 1903 632 1970 ἂν
659 1904 764 1998 άφέλη
791 1928 858 1988 τις,
885 1911 1009 1990 οἴχεται
1031 1904 1050 1970 δ
1072 1910 1144 1971 λοι-

129 2012 191 2088 πὸς
212 2014 319 2096 χορός.
363 2005 435 2077 ἀλλ’
461 2009 549 2096 ὅμως
572 2014 705 2076 πολλῶν
728 2022 881 2096 χορηγῶν
905 2012 1146 2096 φιλονικησάυ·

129 2141 207 2200 των,
231 2114 343 2194 οὐδεὶς
365 2117 495 2183 πώποτε
517 2111 608 2182 τοῦτ’
634 2111 724 2183 είδεν
745 2117 783 2182 τὸ
806 2115 1041 2202 πλεονέκτημα,
1065 2110 1143 2183 οὐδἸ

130 2222 310 2314 ἐτόλμησεν
332 2231 452 2289 τοῦτον
475 2220 647 2306 ἐξαγαγεῖν
667 2219 746 2288 οὐδὲ
764 2226 924 2288 κωλῦσαι·
949 2224 1004 2288 διὰ
1022 2223 1085 2306 γάρ
1102 2224 1141 2289 τὸ

131 2331 203 2395 δεῖν
226 2329 329 2396 αὐτὸν
351 2328 591 2414 ἐπιλαβόμενον
613 2336 653 2414 τη
675 2326 761 2414 χειρὶ
783 2337 882 2394 τοῦτο
904 2337 1055 2411 ποιῆσαι,
1077 2325 1196 2393 καὶσει

131 2436 175 2522 μὴ
203 2433 495 2520 προσκαλέσασθαι
521 2435 604 2520 πρὸς
625 2436 685 2500 τὸν
707 2431 841 2519 ἄρχοντ’
868 2433 1003 2517 ἐξεῖναι,
1032 2434 1142 2519 ὥσπερ

131 2540 175 2608 ἂν
193 2543 224 2607 εί
241 2539 338 2620 ξένον
355 2565 405 2618 τις
423 2539 595 2626 ἐξαγαγεῖν
613 2539 781 2624 ἐβούλετο,
800 2540 885 2617 ἅπας
902 2563 952 2617 τις
969 2541 1067 2606 ὤκνει
1084 2547 1143 2622 τῆς

89 2667 116 2708 ιι
132 2647 302 2731 ἀσελγείας
328 2648 448 2731 ταύτης
475 2647 628 2731 αὐτόχειρ
655 2646 806 2730 όφδηναι
832 2647 1036 2731 γιγνόμενος.
1081 2643 1143 2710 οὐκ

132 2747 196 2819 οὐν
220 2753 333 2819 δεινὸν
355 2748 382 2818 ὦ
405 2753 525 2839 άνδρες
548 2751 699 2819 δικασταὶ
721 2750 776 2818 καὶ
800 2751 964 2838 σχέτλιον,
992 2762 1059 2817 τῶν
1082 2747 1147 2836 μέν

19 2854 22 2864 ’
132 2867 230 2925 νικᾶν
248 2855 291 2924 διν
308 2859 397 2943 παρὰ
414 2857 504 2925 τοῦτ’
526 2858 690 2944 οἰομένων
707 2869 872 2944 χορηγῶν,
890 2869 958 2924 τῶν
976 2857 1143 2940 ἀνηλωκό-

131 2987 200 3030 των
217 2964 375 3042 πολλάκις
391 2965 499 3030 κάντα
516 2967 556 3030 τά
571 2960 640 3032 ὅντ’
657 2967 705 3043 είς
719 2966 776 3042 τὰς
790 2968 998 3051 λῃτουργίας,
1016 2962 1147 3049 μηδένα

133 3074 293 3155 τολμῆσαι
315 3068 445 3136 πώποτε
468 3065 545 3156 μηδ’
567 3065 615 3137 ὧν
637 3070 673 3137 οί
692 3073 790 3156 νόμοι
811 3072 964 3136 διδόασιν
982 3070 1147 3152 ἅψασθαι,

133 3172 206 3240 ἀλλ’
238 3175 344 3264 οὕτως
373 3175 535 3260 εὐλαβῶς,
568 3177 673 3255 οὕτως
700 3177 859 3261 εὐσεβῶς,
892 3175 979 3242 οὕτω
1007 3178 1147 3260 μετρίως
1256 3169 1261 3178 ’

134 3282 336 3365 διακεῖσθαι,
359 3275 438 3347 ὥστ’
463 3282 701 3360 ἀναλίσκοντας
723 3281 934 3365 ἀγωνιῶντας
957 3282 1044 3366 ὅμως
1067 3279 1144 3348 ἀπέ-

134 3392 268 3472 χεσθαι,
299 3386 355 3454 καὶ
381 3394 593 3473 προορᾶσθαι
618 3391 677 3467 τὰς
703 3385 861 3472 ὑμετέρας
887 3389 1063 3470 βουλήσεις
1089 3385 1143 3452 καὶ

134 3495 196 3578 την
214 3492 289 3579 περὶ
303 3494 364 3578 τὴν
379 3491 498 3579 ἑορτην
512 3496 672 3579 σπουδήν,
691 3495 838 3559 Μειδίαν
852 3489 883 3558 δ’
901 3493 1038 3578 ίδιάτην
1052 3494 1147 3574 ὄντα,
