2938 4180
234 163 301 230 216
539 168 636 220 XXIV.
659 165 939 220 ΔΗΜΟΣΘΕΝΟΤΣ

233 321 254 413 6
277 328 337 413 ιν
359 329 442 405 ὄντος
464 331 556 412 οντες
578 331 764 412 moveam
786 329 934 411 emtam,
956 329 1101 410 ιφεωεα.
1121 339 1176 393 ιω
1201 331 1250 393 ιε.

234 437 326 508 σμου·
343 426 396 490 ἐὰν
415 422 443 489 δ’
463 427 634 502 ἐπιστάντος
651 437 705 490 τοῦ
723 419 832 510 χρόνον
851 427 892 509 μή
910 427 1046 513 ἐκτεισθῇ
1063 426 1097 490 τὸ
1116 423 1251 508 ὄφλημα,
1365 475 1366 480 ,

232 525 286 588 τόν
309 521 363 606 μέν
384 523 599 608 ἐξεγγυηθέντα
621 523 772 605 δεδέσθαι,
792 534 852 587 τῶν
876 518 906 586 δ’
931 523 1082 606 ἐγγυητῶν
1100 523 1251 605 δημοσίαν

207 615 312 684 telvm
338 621 393 702 τήν
419 621 532 684 οὐσίαν.
577 631 683 684 τοῦτον
706 621 832 684 αέτιᾶται
852 620 904 684 τὸν
928 620 1022 702 νόμον
1045 617 1061 682 6
1084 621 1251 704 κατήγορος
1367 665 1368 680 .

234 718 289 801 οὐχ
315 716 390 803 δπέρ
416 729 468 782 τοῦ
495 730 600 782 κοινοῦ
626 717 811 801 γεγράφθαι,
843 712 905 779 ἄλλ’
934 714 1009 801 ὑπὲρ
1033 711 1250 801 Ἀνδροτίωνος

233 815 284 879 καί
301 815 469 880 Παυκέτου
489 815 540 878 καί
558 814 759 878 Μελανοέπου.
795 807 878 877 οὗτοι
894 814 962 898 γάρ,
985 813 1070 894 φησί,
1091 813 1250 896 πεμφθέν-
1369 857 1370 860 =

234 934 281 987 τες
307 912 349 986 εἰς
372 911 489 995 Καρίαν
515 911 690 994 πρεσβευταί
717 910 767 974 καί
793 909 931 986 πλέοντες
957 909 992 974 ἐν
1012 912 1139 994 τριήρει,
1165 934 1250 996 περι·
1370 912 1371 954 ί

233 1007 372 1083 πεσόντες
385 1009 605 1090 Ναυκρατίταις
623 1006 798 1092 ἀνθρώποις
813 1007 964 1091 ἐμπόροις,
982 1003 1132 1087 ἀφείλοντ’
1148 1008 1250 1072 αὐτῶν
1371 1012 1372 1032 ’

234 1105 270 1168 τδι
288 1106 427 1189 χρήματα.
459 1099 520 1168 εἶθ’
540 1107 573 1168 οί
584 1107 788 1188 Ναυκρατῖται
806 1101 860 1184 μέν
878 1103 1016 1179 ἐλθόντες
1031 1100 1177 1185 Ἀθήναζε
1195 1105 1250 1168 τδν
1372 1114 1373 1121 ’

235 1201 332 1282 δήμου
355 1201 497 1282 ἱκέτευον,
519 1199 536 1264 6
560 1199 592 1263 δέ
615 1201 709 1282 δῆμος
729 1199 804 1283 ἐγνω
822 1197 937 1283 πολέμι’
957 1195 1034 1264 εἶναι
1051 1201 1087 1264 τδι
1105 1202 1251 1284 χρήματα,

209 1298 286 1362 οκαί
313 1298 354 1380 μή
382 1300 445 1362 δεῖν
472 1297 664 1380 ἀποδοθῆναι
690 1305 753 1372 τοῖς
779 1297 928 1382 ἐμπόροις.
974 1300 1088 1362 τούτων
1115 1295 1143 1362 δ’
1169 1301 1249 1363 οὕτω

233 1395 412 1480 γενομένων,
427 1391 574 1478 Ἀρχέβεος
592 1395 642 1458 καί
655 1396 845 1475 Λυσιθείδης
862 1396 895 1459 οἱ
908 1396 1078 1479 τριήραρχοι
1095 1407 1148 1478 τής
1163 1397 1251 1478 νεώς,

234 1489 284 1573 ἐφ’
308 1487 346 1574 ής
371 1492 475 1557 ἐπλεον
503 1495 535 1556 οί
558 1492 626 1576 περί
652 1491 704 1554 τδν
726 1486 939 1575 Ἀνδροτίωνα,
965 1493 1184 1574 εἰσεπράττοντο
1210 1493 1249 1556 τά

234 1591 375 1674 χρήματα.
419 1589 460 1666 ὡς
488 1585 516 1653 δ’
541 1589 648 1654 ἐκεῖνοι
676 1587 730 1670 μὲν
758 1589 814 1652 οὐκ
838 1589 994 1670 ἐφάνησαν
1016 1588 1130 1671 ἔχοντες
1153 1591 1305 1671 αδτά,695

234 1688 268 1752 ot
295 1688 470 1770 πρεσβευταί
501 1681 530 1750 δ’
559 1685 731 1770 ὡμολόγουν
763 1685 839 1768 ἔχειν
870 1686 959 1768 αὐτά,
990 1686 1041 1749 καί
1067 1685 1126 1750 έδει
1152 1701 1258 1770 παρα·

234 1793 331 1867 χρῆμα
352 1784 543 1865 καταβάλλειν
566 1781 586 1864 ή
606 1790 668 1857 τοῖς
686 1783 791 1864 νόμοις
809 1783 988 1848 ὑποπίπτειν
1006 1791 1068 1859 τοῖς
1086 1795 1146 1848 τῶν
1163 1783 1248 1865 ἐφει-

234 1881 347 1944 λόντων
373 1879 409 1943 τά
437 1879 579 1961 δημόσια,
610 1879 660 1942 διὰ
686 1891 789 1961 τοῦτο,
821 1880 910 1962 φησί,
939 1891 1046 1944 τοῦτον
1073 1881 1125 1946 τὸν
1151 1882 1247 1964 νόμον

209 1978 420 2061 εΤιμοκράτης
442 1972 608 2059 βοηδοῦντ’
633 1977 759 2052 ἐκείνοις
782 1977 901 2059 ἔθηκεν.
938 1975 954 2040 6
977 1977 1078 2060 μέντοι
1101 1981 1248 2063 Τιμοκρά-

233 2101 287 2157 της
314 2073 500 2138 ἐκτετεικέναι
529 2074 605 2154 φησί
630 2073 667 2136 τά
693 2075 825 2157 χρήματα
850 2076 921 2149 τοὺς
947 2075 1014 2158 περί
1040 2071 1248 2159 Ἀνδροτίωνα,

234 2175 285 2238 καί
307 2175 399 2256 δῆλον
421 2172 561 2235 ἐντεῦθεν
584 2164 670 2252 εἶναι,
693 2171 734 2247 ὡς
758 2173 813 2236 οέωι
835 2172 957 2236 ἐκείνων
978 2171 1134 2236 ἕνεκατὸν
1151 2174 1247 2254 νόμον

234 2271 383 2354 εἰσέφερεν
410 2269 507 2344 αότός.
551 2275 711 2351 κατηγορεῖ
733 2264 762 2330 δ’
793 2266 809 2332 6
833 2269 984 2352 Διόδωρος
1010 2270 1062 2333 καί
1087 2267 1152 2333 κατ’
1175 2271 1246 2335 άλλο

235 2379 289 2433 τοῦ
310 2368 418 2449 νόμου·
441 2367 496 2447 τήν
514 2389 544 2429 τε
562 2366 619 2449 γάρ
637 2365 724 2429 θέσιν
742 2365 835 2429 αόιοῢ
854 2367 1008 2448 μέμφεται,
1030 2365 1071 2442 ὡς
1088 2377 1247 2451 γεγονυῖαν

234 2466 314 2549 παρὰ
336 2465 406 2539 τοὺς
429 2464 551 2545 νόμους,
573 2463 624 2526 καί
641 2463 821 2526 ὑπεναντίον
840 2458 915 2526 εἶναι
933 2471 994 2539 τοῖς
1012 2462 1143 2548 ἀρχαίοις
1161 2469 1247 2548 φησί,

234 2563 285 2626 καί
306 2561 483 2644 ἀσύμφορον
505 2567 567 2635 τοῖς
589 2567 704 2634 κοινοῖς
728 2559 937 2624 ἐπιδείκνυσιν.

572 2725 687 2776 ΕΤΕΡΔ
705 2723 905 2778 ΤΠΟΘΕΣΙΣ,

324 2826 463 2909 Πολέμου
490 2827 685 2908 τυγχάνοντος
709 2819 883 2906 Ἀθηναίοις
910 2825 983 2908 πρὸς
1010 2826 1146 2909 βασιλέα,
1172 2831 1246 2891 κατὰ

234 2937 341 2991 τοῦτον
363 2925 416 2988 τὸν
438 2923 545 3008 χρόνον
568 2923 683 3007 ἐγράφη
701 2923 853 3005 ψήφισμα,
876 2928 951 2986 σῦλα
969 2925 1081 2988 πλοίων
1099 2929 1246 3007 πολεμίων

235 3019 322 3106 εἶναι,
340 3021 391 3086 καί
403 3023 540 3105 γίνεσθαι
558 3020 594 3082 τά
611 3021 757 3101 τιμήματα
775 3030 834 3082 τῶν
851 3026 970 3084 κλοπῶν
989 3021 1124 3102 δημόσια.
1153 3027 1246 3088 Μαά-

236 3127 343 3201 σωλος,
374 3130 427 3201 τῆς
456 3119 570 3201 Καρίας
601 3119 765 3201 σατράπης,
796 3117 848 3191 τὰς
879 3115 972 3199 πέραν
1003 3119 1116 3198 νήσους
1143 3117 1247 3199 ήδίκει.

236 3217 385 3301 κατεβόων
408 3218 441 3280 οἱ
460 3216 665 3298 βλαπτόμενοι,
687 3214 738 3277 καί
755 3215 824 3288 τοὺς
844 3209 1025 3294 Ἀθηναίους
1042 3215 1247 3281 ἐπεκαλοῦντο.

237 3317 318 3390 έδοξε
341 3314 391 3378 διὰ
414 3312 565 3396 πρέσβεων
587 3310 657 3386 τέως
675 3313 864 3374 αἰτιάσασθαι
880 3311 932 3374 τὸν
951 3316 1045 3395 Κᾶρα.
1080 3312 1247 3394 πέμπουσιν

238 3404 294 3473 οὖν
314 3407 513 3492 Ἀνδροτίωνα
539 3408 590 3471 καί
612 3410 803 3471 Μελάνωπον
830 3407 880 3470 καί
902 3408 1072 3488 Γλαυκέτην
1098 3410 1172 3486 πυὸς
1196 3410 1247 3473 τόν

238 3505 365 3586 άρχοντα
388 3507 502 3586 Καρίας
525 3507 710 3583 Μαύσωλον,
735 3505 787 3569 τόν
808 3515 861 3584 τής
881 3500 1059 3584 Ἀρτεμισίας
1080 3504 1176 3586 άνδρα
1196 3507 1247 3570 καί
