2612 3918
479 142 574 193 ΚΑΤΑ
592 141 755 197 ΜΕΙΔΙΟΤ.

112 311 204 368 ναῖοι
228 301 269 384 νή
293 303 372 378 τοὺς
394 301 509 384 θεούς,
532 298 587 366 καὶ
606 301 700 366 δεινά
717 299 923 367 πεπονθέναι
941 302 1135 384 νομίζοντες

113 406 185 491 ἐμέ,
218 405 274 472 καί
306 409 404 492 δίκην
435 407 501 492 ἀμα
535 408 735 490 βουλόμενοι
764 410 879 491 λαβεῖν
907 400 955 472 ὧν
982 403 1035 471 ἐπὶ
1061 417 1135 471 τῶν

113 512 226 576 ἀλλων
249 509 435 589 ἐτεθέαντο,
458 513 593 590 θρασὺν
616 512 697 576 ὄντα
718 508 773 575 καί
792 512 957 594 βδελυρὸν
975 509 1030 576 καί
1048 507 1134 576 οὐδὲ·

84 617 278 682 εκαθεκτδν
300 619 357 681 ἔτι.
395 615 482 681 οὕτω
507 612 544 680 δέ
562 616 692 681 τούτων
710 615 865 701 ἐχόντων,
889 616 951 681 ὅσοι
968 613 1030 702 μὲν
1046 609 1126 700 παρ’

113 723 197 807 ἐμοῦ
219 732 386 806 προσῆκεν
410 727 636 806 φυλαχθῆναι,
658 722 766 787 πάντα
788 723 924 800 δικαίως
940 722 1022 806 ὑμίν
1038 723 1130 805 τετή-

113 851 223 913 ρηται,
246 827 302 894 καλ
324 829 564 912 κατηγορήσων
588 827 701 911 ἐπειδή
721 851 772 906 τις
789 828 913 912 εἰσάγει
930 825 1061 913 πάρειμ’
1084 827 1135 905 ὡς

113 934 227 1020 δρᾶτε,
256 935 364 999 πολλά
391 929 452 1018 μίν
480 927 507 998 ἀ
536 935 655 1016 ἀνδρες
679 930 853 1018 Ἀθηναῖοι
874 931 1026 1019 χρήματ’,
1053 932 1135 1012 ἐξόν

113 1064 170 1126 μοι
194 1042 311 1124 λαβεῖν
335 1039 420 1105 ὥστε
443 1039 487 1125 μή
511 1050 717 1124 κατηγορεῖν,
741 1038 782 1104 οὐ
805 1039 1074 1123 λαβών,.πολλάς
1091 1034 1133 1104 δὲ

84 1148 244 1230 ιδεήσεις
266 1143 321 1210 καὶ
344 1145 479 1230 χάριτας
502 1142 557 1211 καί
579 1147 621 1229 νή
640 1142 699 1209 Δί’
726 1145 861 1222 ἀπειλάς
882 1145 1070 1230 ὑπομείνας.
1107 1143 1133 1209 ἀ

113 1251 144 1317 δ’
173 1251 210 1318 ἐν
236 1251 317 1335 ὑμῖν
344 1252 424 1335 μετὰ
449 1248 542 1316 ταῦτ’
569 1248 643 1316 ἔσθ’
673 1250 854 1333 ὑπόλοιπα,
883 1251 950 1340 ὅσω
976 1254 1134 1317 πλείοσιν

112 1353 212 1435 οὗτος
238 1357 409 1442 ἠνώχληκε
436 1355 491 1422 καλ
519 1358 749 1440 παρήγγελκεν
777 1357 906 1444 (ἑώρων
933 1358 996 1442 γάρ
1024 1356 1131 1423 αὐτὸν

113 1465 188 1549 ἀρτι
207 1465 271 1548 πρὸ
289 1473 357 1527 τῶν
377 1463 600 1547 δικαστηρίων
619 1455 665 1530 οἷ’
687 1460 817 1549 ἐποίει),
834 1464 983 1552 τοσούτω
1001 1467 1134 1548 μᾶλλον

112 1569 231 1648 ἐλπίζω
253 1569 292 1634 τὸ
316 1569 447 1634 δίκαιον
470 1566 565 1646 ἕξειν.
602 1568 645 1633 οὐ
668 1570 730 1652 γάρ
754 1567 796 1634 ἀν
814 1572 1014 1652 καταγνοίην
1032 1568 1132 1654 ὑμῶν

113 1674 262 1758 οὐδενός,
282 1671 362 1740 οὔθ’
385 1673 430 1750 ὡς
447 1671 523 1758 περὶ
542 1668 591 1739 ὧν
608 1675 691 1758 πρὸς
710 1671 759 1759 ἔμ’
781 1672 1000 1740 ἐσπουδάσατ’
1020 1673 1131 1758 αὐτοὶ,

113 1780 241 1845 τούτων
274 1779 464 1864 ἀμελήσετε,
499 1776 576 1844 οὔθ’
609 1779 668 1861 ὡς,
701 1779 758 1846 ίνα
784 1780 929 1856 Μειδιάς
958 1779 1063 1857 ἀδεῶς
1089 1782 1128 1847 τὸ

113 1890 232 1954 λοιπὸν
252 1886 379 1974 ὑβρίζη,
405 1889 582 1971 ψηφιεῖταί
601 1910 651 1963 τις
666 1885 768 1972 ’ὑμῶν
790 1887 969 1972 ὀμωμοκὼς
991 1888 1072 1953 ἀλλο
1095 1912 1129 1954 τι

85 1995 201 2077 σπλήν
227 1993 246 2059 ὅ
272 2017 305 2060 τι
332 1991 375 2059 ἀν
404 1993 534 2059 δίκαιον
563 1992 689 2076 ήγήται.
736 1995 769 2059 εί
789 1990 850 2078 μὲν
873 1989 936 2059 οὖν
959 1990 984 2059 ἀ
1007 1996 1128 2080 ἀνδρες

109 2098 284 2183 Ἀθηναῖοι
306 2101 510 2184 παρανόμων
526 2098 547 2182 ή
566 2102 831 2184 παραπρεσβείας
849 2101 870 2182 ή
888 2122 979 2177 τινος
999 2101 1125 2183 [ἀλλης]

111 2207 267 2289 τοιαύτης
294 2208 400 2282 αίτίας
428 2208 566 2289 ἔμελλον
595 2205 699 2272 αὐτοῦ
721 2216 933 2290 κατηγορεῖν,
962 2203 1062 2271 οὐδὲν
1084 2204 1127 2272 ἀν

112 2312 208 2396 ὑμῶν
229 2311 346 2394 ήξίονν
369 2310 515 2393 δείσθαι,
537 2312 682 2394 νομίζων
703 2317 750 2398 τῷ
773 2306 834 2394 μὲν
851 2312 1024 2399 κατηγόρῳ
1042 2310 1184 2395 anselme

111 2428 180 2483 τῶν
206 2418 368 2482 τοιούτων
383 2415 577 2501 ’προσήκειν
600 2414 746 2500 ἐλέγχειν
767 2418 889 2499 μόνον,
915 2425 961 2504 τῷ
985 2413 1022 2482 δὲ
1045 2419 1126 2501 φεύ-

111 2546 207 2606 γοντι
229 2521 284 2588 καί
307 2528 551 2607 παραιτεῖσθαι.
588 2520 700 2604 ἐπειδή
721 2518 756 2586 δὲ
774 2521 853 2597 τούς
870 2544 905 2587 τε
923 2523 1036 2606 κριτάς
1055 2524 1126 2589 δια-

112 2631 316 2713 φθείραντος
344 2628 466 2693 τούτου
492 2624 548 2692 καλ
576 2627 632 2692 διά
658 2636 757 2692 τοῦτο
784 2636 841 2710 τῆς
870 2631 978 2712 φυλῆς
1004 2629 1127 2706 ἀδίκως

84 2733 351 2817 ιάφαιρεθείσης
373 2733 432 2798 τὸν
454 2733 607 2817 τρίποδα,
629 2729 685 2800 καί,
709 2731 809 2810 αὐτὸς
831 2734 958 2817 πληγάς
981 2735 1128 2819 εἰληφὼς

111 2838 167 2906 καὶ
189 2837 389 2924 ὑβρισμένος
411 2829 456 2904 οἷ’
483 2837 545 2903 οὐκ
568 2831 634 2903 οἶδ’
656 2843 690 2902 εί
707 2862 757 2915 τις
781 2839 880 2916 ἀλλος
902 2839 1032 2905 πώποτε
1057 2844 1122 2925 [χο-

111 2948 214 3031 ρηγὸς
227 2945 400 3030 ὑβρι’σθη],
419 2943 463 3028 ήν
478 2940 561 3028 ὑπὲρ
579 2945 708 3010 τούτων
726 2943 954 3029 ἀγανακτήσας
972 2943 1027 3011 καί
1045 2963 1121 3012 σνν-

111 3049 284 3136 οργισθελς
306 3052 596 3135 καταχειροτονίαν
619 3048 637 3115 δ
662 3051 766 3134 δῆμος
789 3050 977 3134 ἐποιήσατο,
999 3053 1129 3136 ταύτην

110 3156 316 3242 είσίρχομαι,
344 3155 406 3222 οὐκ
433 3155 563 3239 ὀκνήσω
586 3153 641 3221 καὶ
665 3156 807 3221 δεῖσθαι.
854 3158 886 3222 εί
906 3157 969 3240 γὰρ
993 3149 1126 3224 οἷόντε

108 3261 201 3332 τοῦτ’
228 3265 344 3347 εἰπεῖν,
368 3261 431 3346 ἐγὼ
454 3270 520 3328 νῦν
542 3261 668 3345 φεύγω,
692 3267 783 3346 είπερ
802 3260 1006 3346 ὑβρισθέντα
1024 3265 1126 3347 μηδε-

80 3378 187 3454 τμιᾶς
210 3371 304 3453 δίκης
326 3379 438 3452 τνχείν
460 3366 534 3433 ἐστί
551 3389 602 3444 τις
625 3368 790 3452 σνμφορά.
829 3365 919 3452 δέομ’
943 3363 1006 3434 οὖν
1027 3368 1125 3453 ὑμῶν

108 3475 266 3541 ἁπάντων
289 3471 314 3540 ὦ
339 3476 458 3552 ἀνδρες
481 3471 632 3540 δικασταὶ
655 3472 710 3538 καλ
733 3474 882 3559 ἱκετεύω,
906 3485 1039 3558 πρῶτον
1061 3471 1123 3558 μὲν
