2612 3918
174 142 238 224 116
488 165 559 216 xx1.
583 161 863 215 ειειιοεοεκονε

174 334 295 407 σχοῖεν,
315 321 386 389 ἀλλ’
410 324 470 388 οὐκ
489 322 530 389 διν
550 322 676 400 εὐθέως
694 331 818 389 είποιεν
837 325 916 406 ,,τὸν
937 319 973 389 δδ
992 324 1172 408 βάσκανον,
1184 334 1237 383 ⁶82

173 430 232 494 τὸν
256 427 286 494 δ’
313 431 472 513 όλεθρου,
499 425 673 495 τούτωνδ’
699 429 859 515 ὑβρίζειν,
883 429 1043 495 ἀναπνεῖν
1066 429 1117 508 δίς
1142 429 1183 495 ὃν
1289 415 1290 424 ’

120 555 159 596 εω
173 541 207 600 εί
224 558 274 612 τις
296 535 333 623 ἐᾷ
354 538 420 619 ζήν,
445 536 575 618 ἀγαπᾶν
595 537 683 614 δεῖ;“
707 536 750 618 μή
769 539 886 601 τοίνυν
904 531 930 601 ὦ
949 537 1069 620 ἀνδρες
1084 531 1182 620 Ἀθη-

172 652 262 706 ναῖοι
284 643 415 718 τούτοις
441 652 511 718 τοῖς
540 641 626 707 οὑτω
654 641 872 726 χρησαμένοις
899 640 941 707 ἀν
968 642 1048 726 ὑμῖν
1074 643 1182 719 άλλως

172 769 241 824 πως
268 744 355 832 ἔχεθ’
381 747 489 832 ὑμεῖς,
518 744 600 832 μηδὲ
627 737 687 813 τδν
714 753 859 814 πλοῦτον
886 745 969 833 μηδὲ
995 749 1057 832 τήν
1080 749 1181 829 δόξαν

172 854 234 936 τήν
256 853 383 919 τούτων
405 852 596 938 θαυμάζετ’,
621 852 692 919 ἀλλ’
716 853 799 938 ὑμᾶς
818 854 946 931 αὐτούς.
982 856 1087 920 πολλὰ
1105 857 1177 920 τού-

173 981 242 1035 τοις
264 954 364 1041 ἀγάθ’
385 957 486 1036 ἐστίν,
509 957 529 1024 ἀ
552 961 691 1037 τούτους
714 958 824 1037 οὐδεὶς
847 962 965 1026 κωλύει
988 968 1180 1045 κεκτῆσθαι·

173 1065 217 1149 μή
249 1067 365 1130 τοίνυν
395 1063 472 1150 μηδ’
504 1059 596 1131 οὑτοι
628 1069 689 1150 τήν
721 1067 851 1148 άδειαν,
883 1067 927 1150 ἣν
956 1067 1036 1152 ἡμῖν
1062 1069 1180 1151 κοινήν

173 1171 292 1236 οὑσίαν
328 1172 363 1236 oc
395 1174 493 1256 νόμοι
528 1171 724 1258 παρέχουσι,
761 1175 960 1238 κωλυόντων
991 1180 1180 1258 κεκτῆσθαι.

121 1299 159 1340 ιιι
174 1273 275 1342 οὐδὲν
301 1277 414 1343 δεινὸν
442 1275 514 1343 οὐδ’
547 1276 674 1343 ἐλεινὸν
701 1280 845 1355 Μειδίας
871 1281 1031 1360 πείσεται,
1059 1277 1102 1345 ἀν
1125 1286 1180 1346 ίσα

173 1385 330 1469 κτήσηται
352 1394 421 1460 τοῖς
439 1387 574 1460 πολλοῖς
592 1383 698 1467 ὑμῶν,
721 1383 780 1461 οὑς
798 1393 862 1449 νῦν
881 1383 1005 1468 ὑβρίζει
1024 1383 1078 1450 καλ
1096 1409 1179 1452 πτω-

173 1491 253 1573 χοὺς
274 1489 440 1573 ἀποκαλεῖ,
464 1488 485 1554 ὑλ
504 1486 540 1555 δὲ
558 1498 622 1554 νῦν
640 1488 783 1576 περιόντ’
807 1490 909 1556 αὑτὸν
926 1489 1072 1574 ὑβρίζειν
1091 1493 1180 1558 ἐπαί-

174 1619 239 1681 ρει,
267 1601 472 1682 περιαιρεθῇ.
518 1589 590 1660 οὐδ’
617 1590 709 1661 οὑτοι
737 1598 845 1680 δήπου
872 1594 970 1662 ταῦθ’
997 1597 1091 1682 ὑμῶν
1117 1601 1180 1664 εἰσι

175 1701 296 1766 δίκαιοι
324 1704 472 1785 δεῖσθαι,
501 1703 570 1786 ,μή
598 1705 680 1767 κατὰ
702 1705 780 1779 τοὺς
803 1705 927 1787 νόμους
950 1703 1097 1788 δικάσητ’
1124 1707 1180 1772 άν-

174 1809 250 1893 δρες
272 1810 436 1875 δικασταί·
459 1810 503 1894 μή
527 1812 716 1893 βοηθήσητε
738 1819 783 1897 τῷ
805 1812 988 1876 πεπονθότι
1006 1812 1112 1876 δεινά·
1135 1815 1179 1897 μή

174 1915 350 1998 εὐορκεῖτε·
377 1915 457 2000 ἡμῖν
482 1915 555 1980 δότε
579 1915 640 1998 τήν
663 1916 760 1998 χάριν
782 1916 936 1999 ταύτην.“
981 1925 1084 1982 ταῦτα
1105 1921 1180 2005 γάρ,

174 2021 216 2086 ἀν
237 2043 269 2086 τι
293 2020 431 2087 δίωνται
454 2019 529 2103 περὶ
550 2004 699 2105 τούτου,
714 2023 903 2105 δεήσονται,
926 2021 989 2087 κάν
1012 2024 1055 2107 μή
1078 2033 1181 2091 ταῦτα

121 2148 159 2188 ειε
174 2125 293 2210 λέγωσι
318 2127 359 2191 τά
386 2128 521 2213 ῥήματα.
568 2125 638 2193 ἀλλ’
665 2134 756 2213 εῖπερ
783 2126 847 2193 είσλ
874 2131 967 2213 φίλοι
990 2128 1046 2195 καὶ
1068 2130 1181 2197 δεινὸν
1281 2163 1282 2167 “

174 2235 205 2298 εί
230 2234 280 2318 μή
301 2239 477 2317 πλουτήσει
501 2235 642 2310 Μειδίας
668 2233 842 2316 ἡγοῦνται,
871 2232 956 2299 είσλν
983 2232 1044 2319 μὲν
1071 2240 1118 2313 είς
1140 2239 1180 2303 τά

173 2336 301 2423 μάλιστ’
324 2337 417 2406 αὐτοὶ
440 2340 594 2405 πλούσιοι
613 2337 667 2404 καὶ
685 2345 794 2417 καλῶς
811 2349 955 2424 ποιοῦσι,
979 2344 1127 2427 χρήματα
1145 2343 1177 2409 δ’

174 2446 261 2534 αὑτῷ
285 2445 361 2531 παρ’
384 2445 509 2513 ἑαυτῶν
534 2447 673 2529 δόντων,
696 2441 740 2510 ἵν’
767 2447 860 2531 ὑμεῖς
882 2443 942 2531 μὲν
967 2445 1019 2533 ἐφ’
1042 2441 1092 2526 οἷς
1115 2452 1180 2516 είσκ

174 2551 286 2637 ήλθετ’
309 2553 514 2638 ὀμωμοκότες
538 2553 672 2629 δικαίως
694 2555 899 2636 ψηφίσησθε,
925 2547 1018 2618 οὑτοι
1041 2550 1078 2619 δὲ
1100 2539 1177 2638 παρ’

174 2659 285 2724 αὑτων
311 2661 369 2736 τὰς
394 2660 542 2745 χάριτας,
570 2660 613 2744 μή
642 2660 722 2742 μετὰ
749 2668 805 2742 τῆς
832 2658 990 2745 ὑμετέρας
1012 2662 1181 2746 αἰσχύνης,

174 2776 341 2831 ποιῶνται.
374 2767 405 2830 εί
422 2763 452 2830 δ’
476 2760 568 2831 οὗτοι
587 2760 725 2850 χρήματ’
747 2767 877 2850 ἔχοντες
895 2767 939 2850 μή
957 2765 1106 2850 πρόοιντ’
1128 2771 1180 2851 άν,

174 2883 242 2948 πῶς
264 2871 344 2956 ὑμῖν
366 2873 468 2937 καλὸν
491 2873 550 2937 τὸν
573 2872 674 2956 ὅρκον
696 2875 874 2953 προίσθαι;

123 2997 160 3037 εει
262 2979 427 3044 Πλούσιοι
445 2976 561 3043 πολλοὶ
576 2980 810 3061 συνεστηκότες
824 2973 850 3042 ὦ
864 2979 984 3063 ἀνδρες
998 2977 1181 3065 Ἀθηναῖοι,

174 3085 210 3149 τὸ
231 3085 342 3149 δοκεῖν
360 3079 447 3161 τινὲς
465 3079 550 3149 εἶναι
566 3078 609 3148 δι’
627 3083 786 3168 εὐπορίαν
800 3087 1066 3169 προσειληφότες,
1087 3086 1182 3170 ὑμῶν

175 3193 332 3274 παρίασιν
350 3191 554 3274 δεησόμενοι.
581 3190 710 3254 τούτων
724 3191 845 3274 μηδενί
859 3184 891 3275 μ’
911 3186 1070 3276 ὦάνδρες
1085 3188 1182 3279 Ἀθη-

175 3307 263 3360 ναῖοι
287 3302 448 3379 προῆσθε,
472 3291 543 3361 ἀλλ’
565 3297 675 3386 ὥσπερ
699 3295 833 3373 ἕκαστος
854 3297 983 3362 τούτων
1006 3294 1088 3384 ὑπὲρ
1106 3311 1173 3365 τῶν
1183 3311 1232 3361 683

178 3401 245 3484 ι’δίᾳ
265 3401 503 3486 συμφερόντων
522 3398 577 3465 καὶ
594 3396 677 3484 ὑπὲρ
692 3402 812 3466 τούτου
827 3403 1058 3485 σπουδάσεται,
1077 3404 1182 3484 οὑτως

178 3504 270 3584 ὑμεῖς
292 3501 374 3586 ὑπὲρ
397 3506 490 3590 ὑμῶν
515 3506 625 3571 αὐτῶν
648 3504 702 3571 καὶ
724 3517 791 3572 τῶν
813 3508 927 3591 νόμων
948 3507 1003 3572 καὶ
1022 3509 1102 3594 ἐμοῦ
1121 3520 1182 3576 τοῦ
