2938 4180
238 128 302 194 194
537 131 637 182 xxm.
660 128 940 182 εααοεοεαοτε

237 290 288 356 ὅτι
316 289 377 356 οὐκ
404 289 551 356 ἀπέδωκε
573 294 652 368 τοὺς
674 290 820 376 ὁμήρους
841 287 898 355 καί
921 291 1006 354 διότι
1028 291 1111 374 πρὸς
1134 293 1251 355 Κότυν

237 395 361 481 ἐχθρὸν
380 395 457 462 ὄνθ’
479 397 559 482 ὑμῖν
576 394 776 480 ηδτομόλησ’
794 398 879 481 ἔχων
896 396 954 473 τὰς
972 398 1240 480 τριακοντόρους,
1252 407 1313 456 670

185 520 223 562 ιιι
237 504 362 578 πίστεις
389 502 470 578 δοὺς
497 499 552 568 καί
574 503 686 584 λαβὼν
709 501 924 587 ἐστράτευσεν
947 497 1025 585 μεθ’
1051 501 1154 586 ὑμῶν.
1200 495 1252 566 ὧν

238 602 301 673 οὖν
332 601 375 690 ην
407 608 537 673 δίκαιον
569 605 697 673 ἐκεῖνον
729 608 825 692 χάριν
856 607 937 691 ὑμῖν
965 609 1052 691 ἔχειν
1080 606 1141 673 οὐκ
1168 607 1250 672 ἀπο-

237 715 381 797 λωλότα,
408 723 506 779 τοῦτο
534 707 675 779 παθόντ’
706 711 749 780 όν
777 715 926 795 δικαίως,
954 712 999 790 ὡς
1026 711 1195 794 ὀφείλουά
1228 712 1249 788 η

237 821 332 896 πόλις
366 818 455 906 αὐτῷ
487 819 673 904 στεφάνους
704 817 759 885 καὶ
790 821 960 884 πολιτείαν
991 816 1046 884 καί
1078 817 1099 884 δ
1130 821 1251 896 πάντες

238 923 418 990 ἐπίστασθε
446 923 577 990 δέδωκε.
622 922 677 991 καλ
701 925 751 990 ὅτι
773 922 864 991 ταῦτ’
892 924 1002 1008 ἀληθῆ
1025 924 1126 1010 λέγω,
1153 920 1190 990 τό
1214 947 1250 991 τε

237 1027 382 1114 ψήφισμ’
408 1029 585 1113 ἀνάγνωθί
604 1053 661 1114 μοι
682 1031 720 1096 τὸ
742 1029 819 1112 περὶ
841 1041 908 1095 τῶν
932 1029 1082 1115 ὁμόρων,
1109 1028 1251 1114 κοίτην

234 1133 441 1222 Ἰφικράτους
472 1135 648 1221 ἐπιστολὴν
679 1134 734 1202 καὶ
765 1137 827 1220 τὴν
861 1135 1045 1220 Τιμοθέου,
1082 1135 1137 1201 καλ
1168 1137 1251 1220 μετὰ

238 1251 341 1310 ταῦτα
363 1245 424 1328 τὴν
447 1247 631 1328 μαρτυρίαν
653 1246 805 1326 ταυτηνί·
829 1243 954 1320 ὄψεσθε
977 1243 1040 1325 γάρ
1065 1242 1105 1308 οὐ
1128 1246 1251 1325 λόγους

239 1347 312 1416 οὐδ’
339 1351 455 1432 αἰτίας,
478 1345 549 1413 ἀλλ’
577 1347 739 1432 ἀληθειαν
762 1343 869 1413 οὖσαν
892 1342 939 1414 ὧν
962 1346 1055 1430 λέγω.
1092 1347 1174 1432 λίμε.

412 1560 595 1612 ΨΗΦΙΣΜΑ.
633 1559 841 1612 ammom
880 1559 1072 1613 ΜΑΡΤΤΡΙΑ.

188 1686 228 1729 ιιι
321 1664 392 1732 Ὀτι
423 1661 483 1751 μὲν
511 1669 627 1730 τοίνυν
654 1663 709 1731 καὶ
736 1667 773 1731 τὸ
801 1677 948 1750 πρῶτον,
981 1660 1024 1732 οὖ
1050 1671 1251 1752 πολεμήσειν

240 1772 321 1857 ὑμῖν
344 1772 441 1860 ᾤετο,
465 1769 562 1836 όκεῖιί
590 1770 779 1855 ἐμίσθωσεν
802 1771 904 1837 αὑτὸν
925 1768 1104 1858 πολλαχόσ’
1130 1776 1250 1841 άλλοσε

241 1885 410 1964 μισθῶσαι
432 1881 552 1964 παρόν,
575 1875 630 1943 καὶ
648 1879 728 1962 μετά
746 1875 858 1958 ταῦθ’,
882 1878 927 1955 ὡς
944 1876 1045 1945 οὐδὲν
1064 1879 1133 1946 ἐκεῖ
1147 1883 1250 1947 κακὸν

241 1981 307 2070 εἶχε
321 1996 429 2051 ποιεῖν
447 1985 543 2069 ὑμᾶς,
562 1986 653 2050 ἔπλει
672 1985 772 2068 δεῦρο
791 1985 900 2064 πάλιν,
910 1979 951 2078 οὗ
968 1984 1108 2051 τάναντί
1111 1981 1119 2008 ’
1137 1990 1251 2072 ἔμελλε

241 2091 377 2178 πράξειν
399 2100 439 2177 τῇ
462 2093 566 2173 πόλει,
590 2088 644 2155 καὶ
667 2100 728 2155 τοῦ
750 2091 794 2174 μὴ
818 2094 933 2172 λαβεῖν
952 2088 1151 2175 Ἀμφίπολιν
1168 2094 1250 2158 πάν-

241 2222 308 2264 των
327 2192 425 2275 οὗτος
442 2198 633 2274 αἰτιώτατός
650 2195 750 2278 ἐστιν,
772 2190 925 2280 ἀκηκόατ’
946 2195 983 2262 ἐκ
999 2207 1057 2280 τῆς
1079 2197 1252 2284 ἐπιστολῆς

241 2302 297 2370 καὶ
314 2313 372 2389 τῆς
389 2309 579 2390 μαρτυρίας.
616 2300 729 2367 καὶτὰ
746 2298 807 2385 μὲν
825 2312 938 2383 πρῶτα
956 2301 1080 2369 τοιαῦτ’
1099 2304 1168 2371 ἐστὶ
1183 2319 1251 2373 τῶν

242 2414 349 2496 ἔργων
370 2423 438 2475 τῶν
457 2411 662 2495 Χαριδήμου,
686 2409 766 2492 μετὰ
788 2417 891 2472 ταῦτα
914 2405 944 2472 δ’
967 2409 1050 2474 άλλα
1070 2412 1250 2479 θεάσασθε.

189 2537 229 2577 εει
242 2521 365 2602 χρόνου
392 2511 455 2601 γάρ
484 2517 678 2591 διελθόντος
704 2510 758 2578 καὶ
781 2521 842 2578 τοῦ
864 2512 1010 2598 πολέμου
1032 2517 1115 2600 πρὸς
1137 2520 1251 2584 Κότυν

242 2625 339 2699 ὄντος
361 2623 437 2705 ἤδη,
460 2620 578 2706 πέμπει
598 2622 681 2705 πρὸς
699 2621 783 2703 ὑμᾶς
802 2619 977 2703 ἐπιστολήν
997 2621 1137 2705 (μᾶλλον
1156 2620 1186 2689 δ’
1210 2623 1251 2689 οὐ

241 2731 324 2813 πρὸς
347 2728 442 2812 ὑμᾶς,
465 2727 547 2792 ἀλλά
569 2727 652 2812 πρὸς
670 2727 919 2809 Κηφισόδοτον·
943 2726 1028 2792 οὕτω
1050 2723 1171 2813 σφόδρ’
1192 2727 1248 2795 ὑπ’

243 2834 346 2901 αὐτοῦ
377 2857 414 2918 γε
447 2828 520 2900 οὐδ’
556 2831 598 2898 άν
631 2833 876 2915 ἐξαπατηθῆναι
907 2833 968 2916 τὴν
999 2836 1097 2899 πόλιν
1129 2833 1250 2919 ἡγεῖτο,

243 2942 405 3018 συνειδὼς
432 2939 452 3004 δ
475 2934 728 3023 πεποίηκενλέν
750 2929 772 3024 ᾗ
795 2941 1010 3024 Χερρόνησον
1035 2939 1190 3025 ὑπίσχετο
1214 2952 1251 3027 τῇ

243 3051 337 3114 πόλει
371 3052 577 3130 κομιεῖσθαι,
614 3045 721 3109 πάντα
757 3045 887 3120 τούτοις
918 3044 1066 3112 τάναντί’
1103 3046 1252 3130 ἐγνωκὼς

243 3164 361 3220 ποιεῖν.
406 3153 460 3218 δεῖ
484 3149 514 3217 δ’
541 3151 626 3236 ὑμᾶς
651 3151 689 3215 τὸ
716 3147 837 3235 πρᾶγμ’
865 3142 939 3215 οἷον
965 3145 1008 3235 ἧν
1036 3155 1072 3218 τὸ
1095 3151 1167 3237 περὶ
1192 3155 1260 3237 τὴνι

243 3261 420 3342 ἐπιστολὴν
443 3258 582 3324 άκοῦσαι
604 3254 674 3344 (καὶ
697 3256 760 3340 γάρ
783 3255 852 3321 ἐστι
870 3255 991 3343 βραχύ)
1010 3255 1066 3323 καὶ
1083 3266 1253 3343 θεωρῆσαι

244 3368 303 3431 τὸν
325 3367 449 3449 τρόπον
472 3364 684 3445 τάνθρώπου,
708 3363 753 3439 ὡς
775 3362 854 3447 ὑμῖν
878 3361 932 3428 ἀπ’
961 3364 1061 3450 ἀρχῆς
1083 3363 1297 3449 κέχρηταιοῖῖ

194 3489 233 3528 ιιι
246 3470 371 3546 ἐκεῖνος
385 3470 429 3544 ὡς
443 3470 630 3550 ἀπόμισθος
644 3472 791 3550 γίγνεται
806 3470 895 3549 παρά
908 3480 969 3535 τοῦ
987 3468 1155 3555 Τιμοθέου
1169 3473 1251 3553 τότε,
