2938 4180
244 153 306 218 188
542 157 641 208 xxm
664 155 945 208 ΔΗΜΟΣΘΕΝΟΤΣ

243 319 361 398 χαλκῆς
384 317 512 393 εἰκόνος
541 317 643 399 οὔσης
669 313 745 402 παρ’
772 316 854 400 ὑμῖν
878 310 1053 400 Ἰφικράτει
1080 313 1136 381 καὶ
1163 317 1258 398 σιτη-

165 433 168 438 “
240 438 323 498 σεως
346 421 382 486 ἐν
404 427 590 510 πρυτανείῳ
613 421 668 488 καὶ
692 423 840 504 δωρειῶν
863 420 918 488 καί
935 432 1040 506 τιμῶν
1059 421 1180 505 ἀλλων,
1204 417 1253 486 δι’

240 525 279 603 ἀς
309 527 478 612 εὐδαίμων
510 528 635 605 ἐκεῖνος
660 524 719 613 ἦν,
752 529 839 612 ὅμως
866 527 1047 611 ἐτόλμησεν
1074 524 1158 610 ὑπὲρ
1185 537 1256 592 τών

240 635 370 711 Κότυος
391 636 593 719 πραγμάτων
616 634 750 701 ἐναντία
772 645 843 711 τοῖς
864 633 1035 718 ὑμετέροις
1058 643 1257 718 στρατηγοῖς
1368 683 1369 688 1

239 751 435 824 ναυμαχεῖν,
461 738 515 806 καί
538 739 613 824 περί
636 744 787 817 πλείονος
809 743 1015 822 ποιήσασθαι
1038 741 1100 823 τὴν
1122 739 1256 806 ἐκείνου

240 850 421 931 σωτηρίαν,
449 845 469 930 ῇ
497 847 555 923 τὰς
581 846 794 930 ὑπαρχούσας
821 846 909 931 αὑτῷ
936 841 1014 931 παρ’
1041 845 1122 929 ὑμῖν
1143 847 1253 930 τιμάς·

239 949 295 1016 καί
326 954 357 1017 εί
386 953 431 1037 μη
462 951 682 1037 μετριωτέραν
713 952 807 1036 ὑμεῖς
838 955 947 1036 ἔσχετε
974 951 1035 1035 την
1063 952 1167 1038 ὀργὴν
1193 961 1255 1034 τῇς
1368 943 1369 960 ’

240 1056 368 1124 ἐκείνου
395 1065 605 1143 προπετείας,
633 1053 733 1124 οὐδέν
761 1057 803 1123 ἀν
826 1057 929 1123 αὐτὸν
952 1057 1096 1122 ἐκώλυεν
1120 1057 1253 1142 ἀνθρώ-
1368 1067 1369 1118 ι

188 1179 224 1218 1⁸1
239 1185 312 1228 πων
335 1163 490 1230 ἁπάντων
513 1164 722 1230 ἀθλιώτατον
745 1159 840 1230 εἶναι.
878 1161 950 1229 ἀλλ’
978 1165 1066 1248 ὅμως
1089 1162 1107 1228 δ
1130 1166 1252 1246 Κότυς,

240 1267 295 1334 ὑπ’
318 1271 447 1338 ἐκείνου
465 1268 588 1348 σωθεὶς
606 1268 661 1335 καί
679 1271 791 1353 λαβὼν
809 1273 894 1359 ἐργφ
912 1277 971 1353 τῇς
990 1269 1120 1336 ἐκείνου
1138 1273 1253 1354 φιλίας
1368 1267 1369 1274 '

238 1387 369 1460 πεῖραν,
394 1376 507 1461 ἐπειδὴ
529 1379 670 1460 βεβαίως
692 1375 837 1459 ἡγήσατο
861 1387 927 1453 σῶς
950 1372 1050 1458 εἶναι,
1079 1374 1139 1461 οὑχ
1163 1377 1253 1452 ὅπως

240 1481 406 1549 ἀποδώσει
427 1484 526 1568 χάριν
549 1484 755 1548 ἐσπούδασεν
779 1483 883 1571 αὐτῷ,
911 1480 967 1548 καὶ
989 1483 1073 1567 πρὸς
1094 1481 1180 1566 ὑμᾶς
1203 1477 1249 1547 δι’
1368 1545 1369 1556 ,

239 1587 368 1654 ἐκείνου
394 1614 426 1654 τι
449 1590 692 1674 φιλάνθρωπον
716 1589 870 1674 ἔπραξεν,
898 1588 954 1655 ἵνα
977 1589 1174 1673 συγγνώμης
1197 1587 1252 1654 ἐπὶ

238 1707 308 1772 τοῖς
333 1694 575 1780 πεπραγμένοις
600 1697 699 1781 τύχη,
727 1695 810 1761 ἀλλά
837 1704 904 1762 πᾶν
931 1694 1129 1760 τούναντίον
1155 1693 1251 1778 ἠξίου

238 1798 299 1885 μέν
321 1801 424 1868 αὑτὸν
447 1806 703 1886 συμπολιορκεῖν
725 1803 766 1866 τά
789 1803 888 1867 λοιπὰ
910 1811 978 1865 τῶν
1000 1798 1168 1885 ὑμετέρων
1188 1824 1250 1885 χω-

187 1921 224 1960 ¹³2
239 1912 337 1992 ρίων,
361 1908 422 1973 οὐκ
445 1906 622 1985 ἐθέλοντος
645 1903 676 1972 δ’
703 1907 848 1989 ἐκείνου,
877 1907 989 1989 λαβὼν
1012 1905 1110 1982 αὐτὸς
1132 1908 1193 1990 τη’ν
1215 1930 1250 1972 τε

167 2075 171 2086 ,
237 2013 444 2099 βαρβαρικὴν
463 2013 606 2097 δύναμιν
619 2012 675 2079 καὶ
688 2015 750 2097 τὴν
764 2010 819 2078 ὑπ’
838 2011 968 2078 ἐκείνου
982 2011 1249 2096 συνειλεγμένην,

237 2117 292 2185 καί
315 2121 374 2184 τδν
395 2120 590 2205 Χαρίδημον
611 2127 733 2186 τοῦτον
755 2119 1107 2205 προσμισθωσάμενος,
1131 2118 1249 2200 προσέ-

237 2229 338 2309 βαλλε
361 2236 430 2303 τοῖς
453 2224 623 2312 ὑμετέροις
641 2228 785 2311 χωρίοις,
808 2222 864 2290 καὶ
882 2226 930 2302 είς
946 2235 1045 2290 τοῦτο
1063 2223 1240 2308 κατέστησε
1249 2239 1300 2288 664

237 2336 296 2398 τὸν
315 2331 505 2418 Ἰφικράτην
528 2332 678 2415 ἀπορίας,
701 2330 778 2397 ὥστ’
803 2325 981 2396 ἀπελθόντ’
1008 2334 1055 2407 είς
1068 2329 1248 2396 ’Ἄντισσαν

237 2443 341 2506 οίκεῖν
368 2438 423 2505 καί
449 2440 550 2504 πάλιν
578 2440 625 2516 είς
648 2444 761 2523 Δρῦν,
788 2437 977 2522 ἡγούμενον
1004 2437 1048 2514 ὡς
1075 2433 1136 2521 μέν
1163 2436 1247 2521 ὑμᾶς

237 2545 312 2630 οὐχὶ
334 2551 441 2622 καλῶς
464 2549 552 2630 ἐχειν
574 2545 702 2628 ἐλθεῖν,
726 2543 786 2620 οὑς
808 2543 968 2626 ὑστέρους
990 2543 1164 2627 ἐπεποίητο
1186 2553 1246 2609 τοῦ

238 2649 439 2739 Θρμκδςκαδ
458 2660 519 2719 τοῦ
536 2651 718 2736 βαρβάρου,
737 2646 813 2734 παρ’
836 2649 950 2736 ἐκείνφ
971 2647 1000 2713 δ’
1021 2649 1084 2716 οὐκ
1102 2647 1247 2733 ἀσφαλές

236 2756 322 2824 εἶναι
345 2757 472 2843 μένειν,
496 2756 535 2822 ὃν
559 2757 664 2833 οὑτως
686 2753 909 2840 ὀλιγωροῦνθ’
937 2754 1023 2840 ἑώρα
1046 2763 1105 2838 τῇς
1127 2755 1245 2822 ἑαυτοῦ

185 2879 221 2918 1⁸⁸
236 2869 407 2950 σωτηρίας.
451 2861 493 2928 ἀν
516 2857 579 2929 οὑν
602 2859 628 2927 ὦ
651 2864 771 2946 ἀνδρες
790 2858 963 2946 Ἀθηναῖοι
984 2860 1040 2927 καί
1062 2861 1246 2947 Κερσοβλέ·

235 2995 316 3055 πτης
349 2971 384 3036 ἐκ
415 2979 473 3053 τῇς
498 2978 544 3057 τῷ
573 2971 753 3058 Χαριδῇμφ
781 2977 845 3035 νῦν
873 2968 985 3045 ἀδείας
1011 2971 1213 3047 κατασκευαζ
1232 3008 1245 3018 -

235 3078 335 3163 μένης
358 3075 515 3160 αὐξηθείς
538 3075 681 3160 ὀλιγωρῇ
705 3072 766 3159 μέν
789 3074 936 3157 ἐκείνου,
958 3077 1132 3160 νεωτερίζη
1148 3074 1195 3154 ,δέ
1214 3099 1245 3139 τι

235 3183 290 3250 καί
312 3193 387 3270 κινῇ
410 3185 493 3268 πρὸς
514 3180 610 3267 ὑμᾶς,
634 3183 763 3263 ἐξαρκεῖ
783 3179 880 3246 τοῦθ’
906 3179 998 3264 ὑμῖν,
1022 3180 1081 3246 ἐδιν
1101 3183 1244 3265 Χαρίδη-

235 3315 296 3375 μος
323 3291 526 3374 ἐξαπατηθῇ,
554 3290 613 3354 τὸν
637 3286 739 3374 Θρᾷκ’
768 3289 905 3372 ἰσχυρὸν
933 3281 986 3372 ἐφ’
1012 3287 1097 3371 ὑμᾶς
1125 3287 1244 3363 αὐτοὺς

234 3394 520 3474 κατεσκευακε’ναι;
554 3395 618 3479 ἐγώ
651 3391 712 3478 μὲν
742 3395 803 3461 οὑκ
831 3394 919 3472 ἀξιῶ.
964 3391 1020 3459 καί
1047 3395 1110 3478 γάρ
1138 3393 1241 3458 ἐκεῖνο

234 3504 356 3581 νομίζω
385 3502 529 3583 δίκαιον,
558 3503 589 3566 εί
613 3497 674 3585 μέν
697 3501 891 3567 αίσθάνεται
913 3509 1016 3565 ταῦτα
1039 3497 1094 3564 καί
1116 3507 1242 3581 προορᾶ
