2614 3904
485 161 581 211 ιιΡοΣ
602 161 773 212 ONHTOPA
791 161 822 223 A.
1090 159 1155 222 369

146 318 197 384 δτι
220 318 261 383 οὐ
282 320 461 404 πάρεργον,
487 317 560 384 ἀλλ’
587 319 743 403 ἀδελφῶν
765 317 820 385 καὶ
842 318 1039 403 θυγατέρων
1061 322 1157 402 βίους

146 422 376 508 ἐγχειρίζομεν,
400 421 483 509 ὑπὲρ
508 420 556 489 ὧν
577 426 635 501 τὰς
656 424 838 509 ἀσφαλείας
856 428 996 510 μάλιστα
1014 433 1157 490 σκοποῦ-

9 607 17 618 ν
105 548 132 588 ιε
146 553 215 612 μεν.
261 531 349 607 εἰκὸς
375 532 491 595 τοίνυν
518 529 572 596 καί
594 539 730 612 τοῦτον,
759 525 867 616 ὧνπερ
891 533 1042 597 ἐναντίον
1065 530 1156 612 ὀφεί-

146 639 217 700 λειν
241 636 432 718 ὡμολόγησε
455 634 511 700 καὶ
533 638 592 700 τὸν
611 639 710 701 τόκον
723 643 845 727 οίσειν,
867 648 935 702 τῶν
954 637 1063 702 αὐτῶν
1081 635 1157 700 τού-

145 763 212 806 των
239 744 414 824 παρόντων
441 743 667 808 διαλύσασθαι
693 745 777 827 πρὸς
795 741 960 825 Ἄφοβον,
989 748 1080 824 είπερ
1103 740 1210 816 ὡςεῖο

146 846 280 930 ἀληθῶς
308 846 469 912 ἀπεδίδου
495 849 556 928 τήν
583 845 693 932 προῖκ’
720 848 818 934 αὐτῷ.
863 856 982 913 τοῦτον
1010 843 1071 930 μὲν
1093 847 1157 929 γδιρ

145 960 205 1018 τὸν
227 955 352 1036 τρόπον
374 952 508 1034 πράξας,
533 953 613 1018 ὅλου
636 962 697 1018 τοῦ
716 954 906 1036 πράγματος
925 954 1157 1036 ἀπηλλάττετο,

146 1061 249 1134 μόνος
276 1061 368 1146 μόνφ
396 1055 427 1122 δ’
460 1057 656 1141 ἀποδιδούς,
684 1063 762 1135 τοὺς
790 1059 844 1125 έπὶ
870 1071 941 1136 ταῖς
967 1061 1158 1142 ὁμολογίαις

146 1162 437 1247 παραγενομένους
465 1164 509 1240 ὡς
531 1163 601 1229 κατ’
628 1165 823 1248 ὀφείλοντος
845 1163 887 1230 ἀν
910 1166 1014 1231 αὑτοῦ
1036 1165 1157 1249 μάρτυ-

107 1291 133 1330 εε
149 1292 208 1351 ρας
236 1269 435 1334 ὑπελείπετο.
481 1279 545 1334 νῦν
571 1275 688 1335 τοίνυν
710 1273 789 1348 τοὺς
812 1267 873 1355 μὲν
896 1273 993 1348 όντας
1016 1272 1158 1345 οἰκείους

148 1373 202 1438 καὶ
229 1377 379 1457 βελτίους
407 1373 532 1456 αὑτῶν,
561 1375 622 1440 οὐκ
645 1375 806 1441 ἐδύναντο
830 1386 940 1441 πείσαι
963 1377 1023 1459 τήν
1045 1368 1154 1461 προῖκ’

149 1478 394 1544 ἀποδεδωκέναι
412 1490 501 1564 σφᾶς
513 1492 703 1566 μαρτυρεῖν,
724 1480 856 1564 ἑτέρους
870 1480 901 1546 δ’
919 1485 951 1547 εί
962 1481 1157 1566 παρέχοιντο

148 1585 316 1669 μάρτυρας
343 1582 448 1670 μηδὲν
475 1585 564 1668 γένει
590 1589 833 1672 προσήκοντας,
862 1587 923 1654 οὐκ
944 1587 992 1653 ’ἀν
1014 1585 1154 1671 ἡγοῦνθ’

147 1691 233 1774 ὑμᾶς
256 1689 370 1767 αὐτοῖς
391 1693 566 1758 πιστεύειν.
608 1695 656 1758 ἔτι
680 1691 710 1758 δ’
737 1693 869 1778 ἀθρόαν
892 1689 952 1778 μέν
975 1694 1159 1777 φάσκοντες

149 1795 330 1862 δεδωκέναι
353 1797 414 1880 τήν
437 1809 572 1882 προῖκα,
597 1797 723 1884 ήδεσαν
746 1799 796 1864 ὅτι
818 1803 897 1876 τοὺς
919 1799 1159 1882 ἀπενεγκόντας

148 1903 275 1981 οίκέτας
304 1903 532 1987 ἐξαιτήσομεν,
560 1903 619 1981 οὓς
646 1908 690 1989 μή
714 1904 935 1990 γεγενημένης
957 1915 1014 1988 τῆς
1037 1907 1160 1980 δόσεως

148 2012 357 2093 παραδοῦναι
389 2010 433 2094 μή
465 2009 624 2086 θέλοντες
654 2009 822 2094 ἠλέγχοντ’
856 2012 909 2076 άν·
942 2013 974 2076 εί
1002 2008 1032 2075 δ’
1063 2007 1160 2075 αὐτοὶ

149 2117 247 2196 μόνοι
265 2118 357 2203 μόνφ
375 2125 497 2180 τοῦτον
515 2117 574 2181 τὸν
592 2119 717 2202 τρόπον
735 2115 916 2182 δεδωκέναι
929 2114 1068 2199 λέγοιεν,
1088 2115 1159 2181 ἐνό-

109 2243 135 2280 ιι
150 2224 243 2300 μιζον
264 2219 325 2286 οὐκ
344 2220 616 2307 ἐλεγχθήσεσθαι.
655 2223 710 2286 διὰ
728 2231 827 2287 τοῦτο
846 2231 966 2288 τοῦτον
985 2217 1102 2286 εἵλοντ’
1125 2220 1159 2300 ἐξ

150 2325 293 2410 ἀνάγκης
315 2327 502 2404 ψεύδεσθαι
524 2328 582 2392 τὸν
603 2331 736 2411 τρόπον.
773 2329 940 2403 τοιαύταις
958 2324 1087 2411 τέχναις
1104 2324 1160 2393 καί

148 2436 380 2517 πανουργίαις,
413 2433 458 2509 ὡς
487 2433 589 2498 άπλοϊ
612 2430 699 2510 τινὲς
726 2431 812 2500 εἶναι
840 2436 1007 2514 δόξοντες,
1038 2432 1159 2516 ἡγοῦν-

149 2560 203 2602 ται
231 2537 353 2624 ῥᾳδίως
378 2539 462 2622 ὑμᾶς
485 2539 715 2624 ἐξαπατήσειν,
743 2539 854 2617 ἁπλῶς
877 2534 949 2606 οὐδ’
976 2538 1018 2604 δν
1041 2541 1160 2623 μικρὸν

149 2639 234 2727 ὑπὲρ
260 2653 328 2708 τῶν
353 2645 598 2728 διαφερόντων,
627 2640 699 2710 ἀλλ’
725 2646 769 2721 ὡς
793 2637 866 2710 οἷόν
888 2642 917 2710 τ’
944 2643 1160 2729 ἀκριβέστατα

149 2749 337 2832 πράξαντες.
383 2746 462 2833 λαβὲ
494 2751 551 2827 τὰς
582 2755 763 2835 μαρτυρίας
793 2750 905 2826 αὐτοῖς
932 2744 980 2815 ὧν
1007 2749 1161 2820 ἐναντίον

150 2853 384 2939 ἀπεκρίναντο,
407 2853 462 2921 καί
485 2855 667 2938 ἀνάγνωθι.

553 3066 757 3120 ΜΔΡΤΤΡΙΔΙ.

110 3191 137 3232 ει
242 3171 327 3257 Φέρε
351 3173 392 3256 δή
417 3168 443 3238 ὧ
466 3174 586 3257 ἀνδρες
609 3173 760 3243 δικασταὶ
777 3174 832 3242 καί
850 3176 912 3258 τήν
929 3168 1059 3258 γυναῖχ’
1079 3174 1160 3258 ὑμῖν

151 3277 301 3356 ἐπιδείξω
325 3281 412 3366 λόγφ
435 3274 496 3363 μέν
519 3278 793 3361 ἀπολελοιπυῖαν,
817 3283 902 3366 ἔργφ
926 3276 962 3345 δὲ
985 3288 1160 3346 συνοικοῦ-

150 3399 214 3449 σαν
238 3380 383 3472 Ἀφόβῳ·
409 3386 532 3468 νομίζω
560 3385 638 3468 γὰρ,
667 3382 709 3449 δν
736 3381 824 3450 τοῦτ’
852 3382 994 3467 ἀκριβῶς
1020 3384 1161 3468 μάθητε,

150 3494 277 3573 μᾶλλον
299 3489 385 3574 ὑμᾶς
407 3491 537 3564 τούτοις
559 3484 619 3570 μὲν
643 3483 850 3572 ἀπιστήσειν,
874 3485 947 3570 ἐμοὶ
970 3485 1000 3552 δ’
1028 3487 1161 3562 ἀδικου-

205 3603 329 3643 Βιιωοετιι.
350 3601 401 3643 Vol.
414 3603 445 3644 11.
968 3595 1002 3642 24
