2602 3910
280 133 566 188 COMMENTARIUS
584 135 746 190 CRITIOUS
764 136 833 205 (XX,
848 138 972 206 38-64).
1054 135 1132 190 XVII

129 313 199 356 τινες
217 303 271 348 τῶν
291 292 451 363 εὑρημένων
463 294 519 362 AF,
539 293 624 348 schol.
643 312 671 363 p.
686 301 750 349 479:
769 303 824 349 τῶν
844 296 901 365 εύρ.
917 293 991 358 τινός
1008 294 1079 366 (bs).
1099 325 1130 334 —

129 373 164 427 36
182 371 252 427 εἰσλν
271 374 346 444 ἰσως]
366 371 437 428 εἰσλν
455 389 509 428 om.
529 372 620 440 SYO,
639 391 679 441 pr.
699 373 722 426 P
739 373 816 444 (bn),
834 377 900 442 post
919 379 1022 444 φαῦλοι
1041 376 1086 428 est
1103 373 1131 426 in

128 451 223 522 L(h.).
254 449 332 514 Ἴσως
349 449 423 514 τινὲς
442 450 495 506 εἰσι
514 457 618 520 φαῦλοι
635 452 660 505 Α
678 471 728 523 με,
755 451 828 515 τινὲς
847 456 911 516 ι”σως
929 474 950 508 ε.
970 474 1001 523 φ.
1020 452 1045 506 Α
1063 469 1131 508 corr.

128 533 159 584 ολ
172 532 191 585 k
204 533 233 586 et
242 547 310 586 corr.
320 531 350 585 P.
380 530 409 585 Si
423 530 572 585 delendum
587 530 649 598 εἰσί,
669 535 732 595 λ’σως
745 531 820 595 τινὲς
834 532 1012 587 scribendum
1026 532 1087 586 erit.
1100 564 1131 572 -

129 611 165 666 40
182 610 255 665 κατὰ
272 611 321 664 τὸν
341 608 371 665 δὲ
392 627 456 665 scr.:
475 610 548 664 κατὰ
565 608 596 665 δὲ
615 611 672 665 τὸν.
695 643 725 651 -
745 611 782 666 41
802 611 838 666 τό
852 613 948 684 λαβεῖν
966 610 1035 681 παρ’
1056 613 1133 679 ὑμῶν

128 688 264 743 Aristides
287 707 314 759 p.
334 696 385 744 362
408 689 466 746 W.:
494 690 525 744 τὸ
553 688 622 759 παρ’
647 691 724 759 ὑμῶν
752 691 848 762 λαβεῖν
875 689 944 745 τότε.
982 689 1022 745 Of.
1047 690 1132 744 schol.

128 787 154 838 p.
168 775 229 837 481,
247 774 281 822 25
306 768 337 824 τό
360 767 429 838 παρ’
454 770 531 838 ὑμῶν
558 771 683 837 δοθῆναι
705 769 757 838 τὴν
780 768 916 824 ἀτέλειαν.
955 769 1005 833 Εἰς
1023 768 1089 824 δέον
1110 812 1133 823 ..

128 850 201 921 αύτῷ
221 871 256 896 (ν
273 848 305 902 τὸ
324 850 420 919 λαβεῖν
438 867 467 903 π.
491 849 517 902 ύ.
537 847 588 916 τὴν
607 846 743 904 ἀτέλειαν.
769 881 803 889 -
827 852 904 917 εἰπερ
927 870 969 912 τις
987 849 1033 904 καλ
1054 849 1134 910 ἄλλος

128 946 179 982 scr.
198 927 261 982 coll.
275 927 373 995 XXIV,
393 933 434 983 51.
454 934 500 981 96:
524 944 578 982 om.
596 927 644 982 καί
662 928 742 984 codd.
754 925 804 990 Ὃς
824 972 829 983 .
847 972 852 984 .
873 929 954 992 ἄλλος
969 935 973 990 Ι
989 937 1044 982 τῶν
1063 925 1134 996 εἰλη-

128 1007 223 1076 φότων
236 1030 272 1054 ω
286 1008 401 1068 δικαίως
414 1005 523 1075 ἠξιώθη
540 1010 545 1072 λ
559 1006 662 1074 ταύτης
674 1015 723 1076 τῆς
736 1015 823 1076 τιμῆς.
838 1040 872 1049 -
886 1003 949 1079 (ὦν]
965 1003 985 1062 ὦ
999 1025 1041 1076 pr.
1052 1007 1090 1077 Β.)
1100 1037 1135 1047 -

128 1085 293 1157 εύηργὲτητο
311 1085 363 1139 Dd.
383 1117 418 1126 -
440 1086 476 1141 42
495 1093 554 1148 τοῖς
572 1084 687 1140 ἁλοῐσιν
708 1128 730 1141 ..
751 1085 971 1158 καθεστηκόσιν]
993 1093 1052 1148 τοῖς
1069 1085 1136 1154 ἠτυ-

128 1164 242 1234 χηκόσιν
266 1161 297 1220 ἰν
316 1168 349 1219 Σ.
368 1173 423 1219 τῶν
446 1169 565 1219 πσλιτῶν
589 1164 740 1233 An‘stides,
766 1173 824 1228 τοῖς
848 1161 879 1220 ἰν
902 1167 1018 1239 Σικελίᾳ
1038 1207 1062 1220 ..
1085 1185 1136 1219 κα-

127 1249 204 1299 θεστ.
214 1244 266 1298 Rh.
278 1244 323 1311 IV,
335 1250 394 1312 523,
409 1244 482 1298 unde
498 1246 527 1298 et
542 1243 639 1298 ἁλοῦσι
654 1246 684 1298 et
696 1243 757 1299 τότε
772 1245 955 1314 (quodmodo
970 1243 1134 1314 praecessit)

129 1323 238 1379 seclusi.
254 1355 286 1363 -
305 1322 420 1393 γέγονεν
434 1323 487 1377 Rh.
501 1323 548 1391 IV,
564 1329 628 1378 523:
649 1319 766 1393 ἐγένετο.
783 1356 817 1364 -
836 1323 946 1397 πολέμῳ
964 1342 1005 1394 pr.
1021 1324 1048 1392 S,
1068 1323 1134 1378 OY:

128 1401 238 1475 πολέμῳ
256 1407 302 1475 τῷ.
320 1433 353 1442 -
373 1401 479 1474 (αύτός]
498 1404 593 1465 αὐτοῖς
610 1420 650 1471 pr.
667 1402 705 1471 S.)
726 1434 758 1444 -
778 1403 815 1457 43
833 1401 881 1474 (ἂν
900 1406 965 1457 ante
984 1402 1137 1472 ἄνθρωπος

128 1499 181 1536 om.
196 1496 237 1550 pr.
253 1481 279 1548 S,
295 1480 370 1548 OY).
385 1512 418 1521 -
433 1484 548 1550 (μᾶλλον
563 1498 616 1536 0111.
630 1499 671 1550 pr.
688 1481 714 1550 S,
730 1480 822 1547 OYQ.
846 1482 887 1537 cf.
901 1481 1017 1538 Aristid.
1033 1483 1065 1550 ΙΙ,
1085 1489 1135 1537 166

129 1560 192 1616 Dd.:
204 1569 262 1623 πῶς
272 1559 308 1614 ἄν
318 1581 369 1622 τις
378 1563 481 1630 μᾶλλον
493 1603 511 1615 ..
522 1559 692 1630 πειθόμενος
702 1562 825 1630 φανερός
835 1559 944 1631 γένοιτο
957 1593 985 1601 ·-
997 1559 1014 1629 ἢ
1025 1570 1083 1624 πῶς
1095 1595 1115 1601 -
1128 1585 1135 1627 ;

129 1640 186 1694 ibd.
202 1647 267 1694 188:
286 1648 344 1703 πῶς
357 1639 394 1694 ἄν
407 1660 459 1702 τις
476 1644 580 1709 μᾶλλον
596 1639 683 1706 ἰύειξε
700 1684 705 1694 .
719 1683 724 1694 .
739 1637 756 1708 ἢ
771 1649 830 1704 πῶς
844 1641 898 1711 -.)
917 1673 949 1680 -
969 1639 1047 1706 ἄξιος
1056 1638 1136 1713 (ὢν)

130 1723 324 1789 ἀδικηθῆναιλ
343 1719 414 1789 (bn).
434 1751 466 1760 —
486 1719 523 1788 μὴ
547 1728 605 1783 πῶς
623 1723 701 1790 (πως)
719 1737 759 1789 pr.
781 1719 807 1788 S,
828 1720 896 1775 OY:
925 1720 961 1791 μὴ
982 1720 1062 1783 ὅπως.
1095 1720 1135 1775 cf.

130 1807 194 1866 §43
217 1799 297 1866 VIII,
316 1805 363 1863 40;
388 1815 510 1868 prooem.
532 1799 563 1853 Θ.
585 1803 629 1852 ΙΖ.
655 1831 688 1839 -
712 1799 819 1869 (σώσηι
842 1798 869 1854 S.
888 1799 936 1868 el.)
961 1832 992 1838 —
1015 1799 1047 1854 τὸ
1071 1797 1134 1854 κατ’

130 1878 217 1934 αὐτόν
239 1879 271 1933 Α.
301 1909 333 1918 -
361 1877 399 1932 44
425 1877 440 1932 ό
463 1876 547 1947 νόμος
570 1878 624 1932 del.
643 1878 776 1933 Benseler
798 1878 858 1948 (h.).
883 1910 916 1918 —
941 1880 1017 1942 οἵους
1038 1878 1136 1934 Dobr.:

130 1959 220 2021 όσονς.
239 1987 273 1998 -
291 1957 327 2011 47
348 1957 406 2012 λύει
425 1973 475 2012 scr.
492 1973 546 2012 sec.
561 1956 676 2012 Ariseid.
692 1957 712 2026 Ι,
727 1963 778 2012 683
797 1957 851 2012 1)(1.
872 1961 908 2027 (v.
922 1957 1019 2027 ἰούσης
1038 1957 1136 2013 Liban.

131 2039 151 2105 Ι,
170 2043 231 2103 383,
251 2042 279 2090 δε
303 2036 354 2104 τὴν
372 2036 509 2106 αἰσχύνην
527 2036 617 2104 λύειν;
643 2037 690 2105 ΙΙΙ,
710 2042 770 2105 423,
791 2041 819 2091 ⁷:
844 2035 905 2091 ἀλλ’
926 2038 959 2093 ού
979 2037 1038 2092 λόει
1055 2045 1136 2092 τοῦτο

130 2117 180 2185 τὴν
200 2114 252 2184 σὴν
271 2117 387 2170 naulae:
413 2116 538 2171 ἀπολύει.
563 2114 686 2171 Ἀπολύει
704 2124 753 2184 τῆς
772 2115 905 2186 αἰσχύνης
924 2115 1074 2185 explicatio
1094 2120 1138 2171 esi

131 2195 301 2249 scholiastae
319 2213 346 2264 p.
361 2200 421 2263 486,
442 2201 467 2264 6,
486 2197 516 2249 ei
533 2197 626 2249 exstet
644 2203 693 2264 τῆς
712 2195 846 2266 αἰσχύνης
862 2195 893 2248 in
910 2195 932 2248 F
952 2212 1020 2250 corr.
1041 2228 1072 2235 —
1093 2191 1138 2250 ἰν-

131 2279 226 2329 ταῦθα
245 2273 280 2340 6η
296 2291 360 2327 scr.:
379 2273 447 2328 αύτό
463 2273 498 2342 δὴ
517 2281 598 2329 τοῦτο
618 2275 697 2329 codd.
717 2274 810 2344 (modo
824 2277 1018 2344 praecesserat
1036 2278 1136 2344 τοῦτο).

131 2355 170 2408 ef.
188 2351 306 2407 Aristid.
325 2352 359 2420 ΙΙ,
378 2359 441 2408 696ε
465 2348 521 2410 ἔντ.
540 2353 575 2422 δὴ
594 2353 643 2406 καλ
661 2353 692 2408 τό
710 2351 865 2408 πάνδεινόν
885 2348 954 2420 ἐστι,
978 2354 998 2420 Ι,
1021 2359 1084 2407 779:
1104 2355 1137 2408 ού

132 2434 183 2503 γὰρ
203 2432 231 2488 εἰ
248 2475 272 2487 ..
290 2440 371 2486 τοῦτο
391 2433 486 2503 βελτίω
507 2475 530 2488 ..
549 2440 633 2500 ποιεῖ,
653 2431 713 2486 ἀλλ’
731 2429 837 2501 ἐντολὴ
852 2432 900 2486 καλ
913 2432 965 2501 τὴν
981 2433 1137 2505 ὑπερβολὴν

133 2512 208 2582 εύροι
226 2532 268 2574 τις
286 2511 331 2578 ἄν,
352 2511 374 2579 Ι,
393 2519 457 2566 583:
483 2511 509 2566 εἰ
526 2511 578 2581 γόιρ
599 2507 652 2566 ἰντ.
672 2513 703 2566 τὸ
723 2510 837 2580 αἰσχρόν
857 2507 926 2579 ἔστι,
945 2514 976 2566 τί
990 2517 1093 2581 μᾶλλον
1113 2555 1137 2569 ..

133 2594 238 2660 λύπαις
265 2590 363 2645 siban.
382 2589 429 2658 lv,
450 2597 559 2660 68,16:
587 2586 647 2645 ἀλλ’
670 2588 724 2645 ἰντ.
744 2591 779 2660 δὴ
803 2591 851 2644 καὶ
874 2592 905 2646 τὸ
929 2591 1028 2647 τούτου
1047 2591 1139 2647 δεινό-

132 2692 220 2742 τερον.
241 2703 271 2711 -
291 2668 455 2742 (παθόντεςΙ
475 2668 613 2739 παρόντες
626 2671 651 2723 Α
670 2673 699 2723 et
715 2685 768 2724 sec.
783 2669 836 2725 Dd.
851 2688 891 2740 pr.
908 2669 946 2740 S.)
966 2703 998 2710 —
1018 2672 1055 2725 48
1073 2675 1138 2741 post

133 2751 210 2822 λόγος
228 2767 282 2804 om.
303 2745 382 2812 ούτος
400 2750 551 2803 secundum
570 2748 669 2803 Liben.
688 2749 735 2817 ΙΙΙ,
755 2755 798 2818 28,
819 2757 846 2813 23
871 2755 932 2817 356,
951 2756 985 2804 26
1009 2748 1035 2819 (ὁ
1055 2751 1139 2813 αύτός

132 2834 227 2887 τοίνυν
242 2826 264 2885 ἰ.
275 2849 322 2899 μοι
336 2829 416 2882 λιταὶ
430 2829 494 2898 περὶ
505 2830 558 2900 -).
580 2862 609 2868 ---
630 2829 668 2884 49
686 2829 748 2900 (τὴν
758 2827 852 2900 πόλιν]
867 2850 900 2897 τη
911 2828 992 2883 πόλιν
1002 2846 1042 2897 pr.
1055 2829 1092 2896 S.)
1107 2861 1136 2868 -—

133 2910 173 2980 (δὲ
191 2913 258 2980 posi
276 2906 426 2978 λογιζέσθω
440 2925 493 2962 om.
508 2925 548 2977 pr.
565 2907 605 2978 S.)
621 2940 650 2948 -
672 2911 705 2963 51
727 2907 906 2978 (διεξήλνθεν
921 2907 947 2975 S,
967 2929 983 2962 ν
997 2907 1073 2961 linea
1091 2908 1138 2962 de-

133 2989 239 3058 letum.)
258 3019 291 3028 -
312 2987 410 3049 ἄλλοος
428 3003 481 3041 om.
499 2985 615 3042 Aristid,
633 3005 661 3056 p.
676 2994 727 3041 373
741 2987 786 3042 W.
815 2986 856 3041 cf.
871 2987 908 3040 ed
927 2994 942 3050 §
958 2994 999 3041 71.
1021 3017 1052 3026 —
1072 2989 1138 3055 ύμῖν

133 3069 156 3122 X
169 3068 324 3123 Schaefera
343 3065 416 3135 ἡμῖν,
435 3099 463 3106 —
480 3066 517 3120 52
532 3067 689 3136 φεύγοντας
702 3066 724 3121 F
738 3066 817 3120 θοός
838 3063 987 3134 φαγόντας.
1015 3065 1078 3120 Nisi
1092 3066 1138 3120 de-

133 3147 257 3211 lendum
277 3146 312 3199 cf.
333 3144 481 3214 Aristid.1,
498 3152 547 3199 180
562 3145 614 3200 Dd.
635 3178 667 3184 -
688 3145 773 3208 αὐτὸς
790 3147 855 3214 posi
872 3143 1065 3216 πρεσβυτέρων
1084 3162 1138 3216 om¹¹

132 3229 162 3296 Α,
180 3227 247 3280 hab.
267 3223 382 3278 Aristid.
400 3241 427 3292 p.
443 3230 494 3278 386
507 3224 553 3279 W.
575 3257 602 3263 -
625 3226 691 3295 ύμῖν
706 3223 789 3278 Vind.
806 3233 819 3277 1
841 3223 994 3278 Schaefer.:
1014 3224 1089 3293 ἡμῖν.
1105 3255 1137 3264 -

132 3307 167 3361 53
189 3307 257 3375 ύμῖν
282 3302 433 3358 Schaefer.:
460 3300 535 3374 ἡμῖν.
556 3335 587 3343 -
613 3303 650 3359 54
669 3303 700 3358 δὲ
719 3303 737 3372 ἡ
755 3302 825 3371 πρὸς
843 3301 907 3354 LA:
934 3301 965 3357 δὲ
984 3303 1061 3372 πρὸς.
1098 3304 1138 3359 Cf.

131 3384 246 3439 Aristid.
260 3381 282 3452 Ι,
298 3389 361 3437 723:
382 3382 431 3436 usi
449 3382 536 3437 πόλιν
547 3390 596 3452 τῆς
610 3381 722 3452 εἰρήνης
739 3379 891 3452 γενομένης
907 3388 957 3449 τῆς
975 3378 1021 3436 ee
1032 3380 1139 3436 Ἀνταλ-

131 3467 220 3519 τίτλον.
231 3495 265 3504 —
277 3460 427 3516 deleverim
437 3462 606 3531 ἀνθρώπων,
621 3461 695 3530 quod
705 3463 771 3530 posi
779 3460 917 3528 κάγαθῶν
929 3460 1012 3514 εοόία
1021 3459 1102 3514 Vind.
1116 3465 1140 3513 lq
1159 3457 1161 3466 ⁴

180 3565 308 3604 Dnsossn.
331 3560 381 3600 Vol.
390 3561 420 3598 11.
961 3547 980 3600 b
