2612 3918
439 171 521 222 m’
540 169 806 228 εαεεοεικαοε.
1066 167 1130 235 125

119 335 198 396 ἴδιον
225 343 428 416 πραγματικῆς
452 343 504 412 τῆς
525 333 599 415 πρὸς
622 331 812 412 ἀντινομίαν,
840 332 913 394 ἀλλὰ
936 334 1030 414 μόνης
1053 333 1133 395 ἀντι·-

21 449 22 454 ’
119 433 236 506 νομίας.

81 543 106 582 1³
207 523 312 590 Ἰστέον
337 526 368 589 δὲ
391 529 446 608 ότι,
468 525 558 608 ήνίκα
581 530 637 591 δύο
659 522 713 590 ὦσι
732 529 900 611 κατήγοροι,
922 521 965 590 ών
984 527 1000 590 δ
1019 526 1073 609 μὲν
1091 523 1133 602 εἷς

120 624 271 707 νεώτερος,
290 623 306 686 δ
325 623 357 686 δὲ
376 623 472 707 ἕτερος
490 627 696 708 πρεσβύτερος,
717 619 803 699 αὐτος
821 626 964 706 λαμβάνει
981 625 1036 704 τήν
1054 647 1133 708 πρω·

120 724 256 806 τολογίαν
277 722 350 783 κατὰ
372 723 471 803 τιμήν,Ι
495 723 590 805 ὥσπερ
608 723 659 785 καὶ
676 723 809 785 ἐνταῦθα
827 721 843 784 δ
862 722 1031 803 Εὐκτήμων
1049 721 1133 804 ἔλαβε

120 819 176 899 τήν
198 822 399 903 πρωτολογίαν
423 818 462 893 ὥς
485 821 692 903 πρεσβύτερος,
714 820 765 882 καὶ
788 814 850 882 εἶπε
872 819 907 881 τά
925 821 1065 902 προοίμια
1083 818 1133 880 καὶ

121 917 176 997 τήν
199 918 374 979 κατάστασιν
397 917 447 979 καὶ
470 916 558 999 μέρος
579 942 608 979 τι
630 927 688 979 τῶν
712 916 843 999 ἀγώνων.
881 915 897 978 δ
921 915 952 977 δὲ
970 917 1133 999 Διόδωρος,

123 1015 241 1095 ἰδιώτης
259 1014 312 1095 ών,
331 1013 433 1097 ἐλαβεν
452 1013 510 1076 άπὸ
528 1025 580 1076 τοῦ
595 1013 811 1095 Δημοσθένους
826 1013 877 1075 τδν
890 1015 1022 1096 παρόντα
1036 1014 1132 1096 λόγον.

123 1111 172 1174 καὶ
195 1111 254 1174 ἐστι
278 1114 493 1194 δεοτερολογία,
516 1111 572 1193 ἔχει
595 1109 626 1173 δέ
649 1111 669 1173 ά
691 1111 847 1194 παρέλιπεν
871 1109 887 1173 δ
910 1112 1088 1194 Εὐκτήμων.

202 1389 302 1476 Ὅπερ
325 1391 509 1475 Εὐκτήμων
532 1387 558 1456 ὦ
582 1392 701 1476 ἄνδρες
724 1388 891 1474 δικασταὶ,
919 1390 1040 1456 παθὼν
1062 1389 1118 1456 ὑπ’
1132 1409 1184 1460 693

120 1496 357 1582 Ἀνδροτίωνος
383 1509 504 1578 κακῶς,
533 1497 599 1582 ἅμα
626 1505 665 1582 τή
691 1519 726 1562 τε
748 1499 842 1563 πόλει
865 1499 1006 1581 βοηθεῖν
1028 1502 1130 1562 οίεται

123 1605 195 1669 δεῖν
217 1601 272 1668 καὶ
295 1603 393 1686 δίκην
415 1598 497 1688 ὐπέρ
521 1602 625 1668 αὑτοῦ
648 1605 772 1686 λαβεῖν,
795 1611 893 1668 τοῦτο
912 1602 1001 1687 κάγὼ
1019 1603 1131 1688 πειρά-

123 1727 222 1794 σομαι
236 1719 344 1774 ποιεῖν
358 1705 466 1794 δοῦρ’
484 1700 554 1786 οἷός
567 1707 595 1774 τ’
614 1705 648 1775 ὦ.
673 1708 881 1794 συμβέβηκεν
895 1708 942 1792 δέ,
957 1710 1063 1775 πολλὰ
1076 1707 1131 1775 καὶ

124 1817 217 1882 δεινά
240 1813 294 1880 καὶ
316 1815 405 1900 παρὰ
426 1815 551 1891 πάντας
570 1817 648 1890 τοὺς
665 1816 790 1900 νόμους
807 1815 1021 1900 Εὐκτήμονος
1037 1815 1130 1899 ὕβρι·

124 1922 257 2007 σμένον,
281 1920 403 1988 ἐλάττω
426 1913 517 1984 ταῦτ’
539 1914 624 1985 εἶναι
646 1931 714 1986 τῶν
737 1919 809 2007 ἐμοὶ
832 1920 1061 2007 γεγενημένων
1082 1918 1126 1987 δι’

122 2023 357 2113 Ἀνδροτίωνος
384 2026 593 2111 πραγμάτων.
641 2020 738 2103 οὗτος
765 2027 825 2112 μέν
852 2023 884 2112 γ’
910 2030 957 2105 είς
983 2031 1130 2113 χρήματα

123 2133 237 2200 καὶτὸ
260 2128 337 2218 παρ’
362 2132 457 2217 ὑμῶν
480 2131 601 2209 ἀδίκως
624 2132 772 2199 ἐκπεσεῖν
795 2133 1036 2218 ἐπεβουλεύθη·
1075 2129 1130 2218 έμέ

124 2238 154 2306 δ’
176 2237 250 2306 οὐδ’
273 2237 315 2304 διν
338 2236 469 2318 ἐδέξατο
493 2249 559 2303 τῶν
582 2240 690 2304 όντων
713 2239 903 2325 ἀνθρώπων
923 2236 1002 2304 οὐδὲ
1020 2231 1077 2321 εἷς,
1101 2241 1132 2304 εί

123 2348 162 2411 τά
185 2341 491 2411 κατασκευασθένθ’
512 2344 578 2409 ὑπὸ
601 2342 722 2410 τοῦτου
744 2340 821 2431 παρ’
843 2345 922 2430 ὑμῖν
943 2344 1131 2430 ἐπιστεύθη.

97 2451 353 2536 ταίτιασάμενος
379 2451 443 2536 γάρ
472 2474 526 2534 με,
555 2449 576 2514 δ
603 2448 659 2515 καὶ
681 2450 790 2534 λέγειν
813 2449 855 2516 διν
878 2450 1048 2535 όκνήσειέν
1069 2475 1130 2535 τις,

123 2561 154 2624 εί
175 2559 219 2643 μὴ
241 2558 335 2641 τύχοι
353 2559 555 2641 προσόμοιος
574 2556 622 2621 ὢν
640 2557 758 2646 τούτῳ,
780 2558 840 2622 τὸν
858 2555 970 2642 πατέρ’
993 2559 1038 2636 ώς
1055 2557 1130 2625 άπέ-

122 2660 211 2730 κτον’
229 2663 293 2746 ἐγὼ
311 2663 371 2728 τὸν
389 2661 544 2747 ἐμαυτοῦ,
563 2664 807 2740 κατασκευάσας
822 2663 972 2747 άσεβείας
985 2667 1129 2750 γραφήν,

123 2770 185 2835 οὐκ
206 2767 256 2834 ἐπ’
283 2766 349 2854 ἐμέ,
373 2765 444 2834 ἀλλ’
472 2766 525 2834 ἐπὶ
547 2769 606 2833 τὸν
628 2772 726 2835 θεῖόν
748 2793 824 2854 μου,
846 2769 976 2854 γράψας
998 2771 1129 2856 ἀσεβεῖν

123 2873 195 2960 ἐμοὶ
227 2870 375 2940 συνιόντ’
407 2877 453 2951 είς
484 2875 606 2940 ταύτὸν
638 2876 683 2953 ὡς
713 2880 904 2961 πεποιηκότι
934 2885 1050 2961 ταῦτα,
1082 2879 1129 2954 εἰς

123 2981 234 3065 ἀγῶνα
257 2980 465 3066 κατέστησεν,
489 2979 529 3046 ὃν
552 2983 583 3046 εί
605 2980 728 3066 συνέβη
751 2981 826 3049 τόθ’
852 2982 991 3067 άλῦναι,
1016 2987 1065 3061 τίς
1087 2981 1129 3049 διν

122 3081 296 3174 ἀθλιώτερ’
317 3087 400 3173 ἐμοῦ
421 3089 601 3164 πεπονθὼς
623 3083 665 3172 ήν
688 3089 753 3155 ὑπὸ
775 3090 911 3168 τούτους
934 3093 984 3167 τίς
1005 3091 1069 3175 γάρ
1087 3089 1130 3156 άν

121 3193 141 3278 ή
165 3198 263 3278 φίλος
284 3194 305 3279 ή
329 3193 421 3273 ξένος
443 3195 490 3271 εἰς
512 3194 612 3260 ταύτό
633 3192 705 3260 ποτ’
727 3195 841 3261 ἐλθεῖν
859 3195 1023 3280 ήθέλησεν
1041 3195 1127 3281 έμοί;

120 3303 170 3377 τίς
198 3298 228 3364 δ’
255 3299 297 3366 άν
325 3307 413 3367 εῖασε
436 3303 530 3378 πόλις
553 3323 619 3367 που
641 3299 719 3387 παρ’
746 3301 844 3387 ἑαυτῇ
870 3301 1043 3386 γενέσθαι,
1070 3305 1127 3370 τὸν

102 3409 157 3472 ’τὸ
181 3402 303 3473 τοιοῦτ’
326 3406 473 3492 άσέβημα
493 3405 644 3473 δοκοῦντ’
668 3409 857 3493 είργάσθαι;
882 3408 943 3475 οὐκ
962 3405 1026 3474 ἐστ’
1049 3407 1128 3476 οὐδὲ

94 3517 187 3597 εμία.
225 3514 289 3596 ἐγὼ
311 3517 428 3580 τοίνυν
450 3523 552 3580 ταῦτα
574 3510 637 3598 μὲν
660 3514 702 3580 οὐ
723 3517 811 3602 παρά
833 3518 952 3602 μικρὸν
973 3515 1128 3599 ἀγωνιζό-
