2590 3900
175 316 367 402 γρυμμένον
398 318 520 404 ἄρχειν.
571 318 627 383 διὰ
657 320 705 396 τίς
737 317 789 384 ότι
815 319 951 393 πολλοῖς
976 326 1044 382 τῶν
1071 316 1183 399 νόμων

173 422 441 508 προσεγέγραπτο
464 425 547 505 ,τὸν
570 420 607 489 θλ
628 425 735 509 νόμον
758 418 845 489 εἶναι
866 423 985 507 κύριον
1006 415 1098 486 τόνδ’
1120 420 1185 487 ἀπὸ

173 537 234 595 τοῦ
261 530 342 613 μετὰ
368 531 427 594 τὸν
454 537 518 594 νῦν
545 529 720 615 άρχοντα.“
765 529 906 611 ὕστερον
934 523 971 593 θλ
997 527 1139 612 γράφων
1166 525 1185 591 ὀ

172 631 279 712 τιθεὶς
302 632 355 700 ίπλ
376 636 508 712 τούτοις
525 635 622 701 τόνόε
641 636 700 701 τὸν
718 636 825 719 νόμον
841 635 902 699 τὸν
920 630 1185 716 ἀνεγνωσμένον,

174 739 236 806 οὐκ
261 738 387 825 ἐνόμιζε
411 741 541 807 δίκαιον
564 736 751 817 εἶναιτοὺς
774 739 896 818 αὐτοὺς
915 749 982 805 τῶν
999 741 1114 822 νόμων
1132 761 1187 821 γε-

173 844 385 931 γραμμένους
403 846 545 932 ὕστερον
563 845 584 931 ἢ
603 845 766 930 ἐτέθησαν
783 846 921 928 κυρίους
936 839 1034 927 εἶναι,
1052 842 1187 926 άνενεγ-
1268 854 1269 917 1

173 960 245 1015 κείν
269 948 322 1016 dul
343 951 405 1035 τὴν
427 950 570 1037 ἡμέραν,
593 945 652 1035 ἀφ’
677 946 717 1035 ἧς
739 949 918 1034 ἐτέθησαν,
944 947 1188 1035 καὶπρότερον

134 1069 160 1112 ⁴⁴
173 1065 311 1140 ποιησαι
341 1061 478 1140 κυρίους
509 1057 530 1142 ἢ
562 1056 581 1124 ό
613 1054 688 1134 θεὶς
714 1055 853 1123 ἕκαστον
879 1053 1029 1139 ἠξίωσεν.
1077 1056 1187 1143 τούτῳ
1269 1127 1270 1140 χ

173 1158 287 1244 μέντοι
309 1171 354 1250 τῷ
377 1165 470 1252 νόμφ
494 1159 657 1242 σκέψασθ’
679 1164 725 1240 ὡς
747 1161 898 1240 ἐναντίος
920 1157 1010 1226 έστλν
1027 1159 1068 1226 δν
1086 1153 1188 1237 οὗτος
1269 1145 1270 1182 ’

172 1266 322 1350 τέθηκεν.
367 1267 385 1333 ὁ
408 1267 469 1353 μέν
491 1292 529 1352 γε
551 1269 678 1334 κελεύει
697 1269 757 1333 τὸν
774 1265 1003 1353 γεγραμμένον
1020 1268 1147 1352 χρόνον
1166 1266 1187 1351 ἢ

172 1371 234 1454 τὴν
252 1371 378 1458 ἡμέραν
397 1370 454 1458 ἀφ’
472 1369 512 1458 ἧς
530 1372 573 1440 ἂν
589 1381 673 1459 τεθῇ
692 1378 813 1457 κυρίαν
831 1368 931 1438 εἶναι·
954 1370 972 1436 ὁ
991 1367 1023 1436 θ’
1040 1374 1187 1455 ἔγραψεν
1270 1398 1271 1432 1

172 1474 251 1560 „ml
274 1483 308 1544 εί
325 1501 392 1544 τινι
414 1480 701 1564 προστετίμηταίί,
724 1477 884 1562 περὶτῶν
901 1479 1188 1562 παρεληλυθότων

172 1580 287 1666 λέγων.
333 1581 389 1650 καὶ
412 1581 491 1650 οὐδὲ
513 1581 610 1651 τοῦθ’
637 1585 774 1668 ὥρισεν,
802 1585 946 1669 ὀρχοντα
968 1583 1188 1668 προσγράψας

173 1682 231 1772 ἀφ’
257 1683 309 1771 οὗ,
335 1688 420 1755 ἀλλὰ
441 1694 620 1774 πεποίηκεν
644 1691 685 1756 ού
708 1693 814 1775 μόνον
836 1690 900 1774 πρὸ
922 1697 980 1772 τῆς
1002 1686 1127 1772 ἡμέρας
1150 1689 1188 1755 έν

173 1784 193 1879 ᾖ
221 1793 341 1877 τέθηκε
367 1795 486 1880 κύριον
508 1797 568 1862 τὸν
590 1799 712 1881 νόμον,
741 1792 900 1861 ἀλλὰκαὶ
924 1794 988 1880 πρὸ
1010 1803 1071 1860 τοῦ
1093 1794 1187 1877 γενέ-

173 1904 255 1964 σθαι
277 1894 340 1965 τιν’
366 1901 473 1986 ἡμῶν·
504 1901 661 1987 ὀόριστον
683 1903 747 1988 γὰρ
770 1901 898 1966 ἅπαντα
920 1902 979 1967 τὸν
1000 1904 1187 1982 παρεληλυ-
1272 1961 1273 1966 ,

171 2008 259 2070 θότα
281 2010 561 2091 προσπεριείληφε
583 2008 717 2091 χρόνον.
752 2008 861 2070 καίτοι
882 2012 967 2089 χρῆν
985 1999 1015 2068 σ’
1038 1997 1063 2068 ὦ
1086 2006 1188 2087 Τιμό-

171 2134 298 2194 κρατες,
322 2110 343 2196 ἣ
363 2120 484 2178 τοῦτον
502 2112 546 2196 μὴ
565 2113 708 2197 γράφειν
726 2109 747 2195 ἢ
766 2110 895 2176 έκείνον
913 2110 1017 2191 λύειν,
1040 2108 1113 2193 οὐχ,
1136 2105 1183 2172 ἵν’

171 2213 190 2282 ὀ
214 2218 330 2300 βούλει
353 2219 396 2284 σὺ
418 2216 564 2302 γένηται,
587 2219 694 2283 πάντα
717 2218 758 2282 τὰ
779 2217 953 2301 πράγματα
975 2213 1187 2300 συνταράξαι.

171 2319 241 2407 λέγ’
267 2325 370 2390 ἄλλον
392 2326 506 2409 νόμον.

169 149 234 217 232
480 159 577 212 mv.
598 157 878 211 Διοιοωοεαονιι

132 2568 158 2610 ω
605 2550 742 2604 ΝΟΜΟΣ.

261 2657 353 2739 Μηόὲ
379 2659 447 2742 περί
474 2669 533 2722 τῶν
560 2657 688 2740 ὀτίμων,
715 2657 795 2734 ὅπως
822 2658 877 2742 χρη
900 2658 1050 2740 ἐπιτίμους
1073 2657 1185 2734 αὐτοὺς

215 2748 302 2835 εἶναι,
324 2754 398 2836 μηδὲ
421 2754 488 2838 περί
509 2765 569 2818 τῶν
591 2753 773 2835 ὀφειλόντων
794 2763 856 2831 τοῖς
879 2763 963 2830 θεοῖς
982 2754 1003 2836 ἢ
1022 2762 1061 2842 τῷ
1081 2758 1232 2837 &wo-⁷1⁶

215 2852 269 2937 σίφ
290 2857 330 2937 τῷ
346 2847 517 2932 Ἀθηναίων
534 2852 601 2934 περὶ
619 2851 750 2932 ἀφέσεως
767 2864 821 2916 τοῦ
839 2852 1010 2933 ὀφλήματος
1027 2851 1048 2933 ἢ
1065 2853 1185 2934 τάξεως,

214 2947 268 3011 ἐὰν
295 2948 336 3030 μη
362 2947 582 3031 ψηφισαμένων
602 2945 773 3030 Ἀθηναίων
799 2949 853 3031 την
875 2947 979 3012 άὸειαν
1001 2959 1118 3031 πρῶτον
1142 2949 1184 3031 μὴ

214 3043 332 3109 ἔλαττον
354 3045 564 3129 ἑξακισχιλίων,
587 3041 632 3122 οἷς
655 3046 693 3111 ἂν
712 3047 783 3135 δόξη
801 3049 938 3132 κρύβδην
955 3045 1183 3127 ψηφιζομένοις.

213 3143 277 3207 τότε
305 3138 333 3205 θ’
358 3142 465 3220 ἐξεῖναι
491 3145 675 3228 χρηματίζειν
701 3141 774 3208 καθ’
799 3144 817 3208 ὀ
842 3167 871 3207 τι
896 3142 936 3206 ὀιν
957 3152 994 3230 τῇ
1015 3145 1111 3230 βουλῇ
1133 3143 1184 3206 καί

215 3246 255 3326 τῷ
279 3241 363 3328 δήμῳ
386 3242 469 3328 δοκῇ.

133 3399 157 3437 ιε
252 3375 371 3455 ’Ἄλλος
404 3373 502 3456 οὗτος
530 3382 647 3465 νόμος,
680 3377 742 3445 ούιι
769 3378 832 3445 έθν
859 3376 935 3465 περὶ
961 3389 1030 3444 τῶν
1057 3377 1182 3463 ἀτίμων

172 3479 253 3550 οὐδὲ
270 3495 338 3550 τῶν
356 3483 561 3558 ὀφειλόντων
576 3484 685 3565 λέγειν
699 3481 779 3551 οὐδὲ
791 3489 999 3570 χρηματίζειν
1013 3483 1088 3571 περὶ
1103 3484 1181 3570 ὀφέ-
