2614 3904
153 147 218 210 392
431 147 555 200 xxxm.
580 144 882 216 [Δεωουωευονε]

152 305 362 390 ἀπολυθῆναι
383 315 442 390 τῆς
464 303 584 389 ἐγγύης
605 315 663 390 τῆς
685 307 767 391 πρὸς
789 305 850 388 τὴν
872 305 1049 389 τράπεζαν,
1077 304 1166 370 ἀλλὰ

151 409 207 476 καὶ
238 407 320 496 ὑπὲρ
351 421 412 476 τοῦ
444 412 607 494 ἀργυρίου
635 420 697 478 τοῦ
725 409 960 495 Παρμένοντος
986 410 1048 493 την
1074 419 1165 476 ναῦν

151 528 319 599 κατεγγυῶ
342 514 397 581 καί
419 519 498 593 τοὺς
520 519 650 598 παῖδας,
673 514 728 582 καί
750 512 834 601 ὑπὲρ
852 515 1036 598 ἀνθρώπου
1054 517 1163 600 φυγοί-

112 640 138 680 εε
152 621 211 698 δος
241 621 492 706 ἀπεχθανοίμην
523 622 620 709 αὐτῷ.
675 622 738 706 ἐγὼ
771 619 808 688 δέ
838 623 898 688 τὸν
929 623 1152 687 πιστεύσαντα
1163 635 1221 683 896

151 723 280 814 ἐμαυτῷ
302 728 449 816 τοσούτω
473 729 559 811 ἐφην
581 723 681 811 ἧττον
705 727 747 792 ἀν
769 729 940 809 περιιδεῖν,
965 727 1032 816 ὅσω
1052 729 1163 812 φυγὰς

149 829 199 896 δν
222 829 277 898 καὶ
300 831 430 918 ἀτυχῶν
452 833 597 916 ἠδικεῖτο
621 833 685 898 ὑπὸ
708 834 837 899 τούτου.
875 833 982 898 πάντα
1006 830 1043 899 δέ
1065 837 1160 918 ποιη·

151 951 212 1013 σας
242 935 298 1002 καί
329 939 376 1014 είς
407 947 518 1004 πᾶσαν
550 937 731 1023 ἀπέχθειαν
763 940 869 1026 τούτῳ
903 938 1028 1020 ἐλθών,
1065 943 1163 1023 μόλις

150 1041 325 1128 εἰσέπραξα
349 1043 386 1107 τὸ
410 1043 588 1129 ἀργύριον,
615 1047 800 1130 πραθείσης
822 1054 880 1127 της
901 1047 985 1121 νεὼς
1008 1046 1161 1126 τετταρά-

149 1169 250 1214 κοντα
282 1157 390 1230 μνῶν,
424 1149 568 1231 ὅσουπερ
594 1149 615 1232 ἡ
642 1148 738 1226 θέσις
764 1144 814 1232 ἦν.
861 1150 1094 1216 ἀποδοθεισῶν
1122 1147 1161 1214 δὲ

148 1264 216 1319 τῶν
243 1254 418 1336 τριάκοντα
445 1266 538 1339 μνῶν
565 1253 618 1320 ἐπὶ
645 1255 707 1338 την
729 1255 890 1339 τράπεζαν
912 1255 1057 1322 καὶτῶν
1081 1255 1161 1320 δέκα

148 1365 194 1445 τῷ
223 1358 448 1443 Παρμένοντι,
481 1360 634 1426 ἐναντίον
665 1365 798 1427 πολλῶν
829 1362 1007 1447 μαρτύρων
1039 1363 1097 1438 τός
1124 1385 1160 1428 τε

150 1467 344 1549 συγγραφὰς
376 1465 590 1550 ἀνειλόμεθα,
622 1463 701 1531 καθ’
733 1465 771 1543 ἃς
803 1466 983 1550 ἐδανείσθη
1015 1468 1055 1532 τά
1082 1469 1160 1552 χρη-

150 1593 250 1654 ματα,
281 1569 336 1636 καλ
363 1582 430 1636 τῶν
457 1572 739 1655 συναλλαγμάτων
767 1571 906 1656 ἀφεῖμεν
933 1571 988 1637 καὶ
1015 1573 1160 1655 ἀπηλλά-

151 1676 251 1759 ξαμεν
273 1676 447 1760 ἀλλήλους,
471 1677 554 1742 ὥστε
577 1679 657 1760 μήτε
679 1677 785 1764 τούτῳ
808 1678 891 1760 πρὸς
913 1673 969 1761 ἐμὲ
990 1676 1063 1760 μήτ’
1086 1676 1160 1762 ἐμοὶ

141 1782 232 1862 πρὸς
254 1791 375 1847 τοῦτον
397 1779 519 1867 πρᾶγμ’
542 1777 628 1848 εἶναι
650 1781 764 1866 μηδέν.
795 1781 851 1846 καὶ
869 1782 913 1858 ὡς
932 1781 1042 1866 ἀληθῆ
1061 1781 1159 1867 λέγω,

149 1886 310 1952 ἀκούσατε
333 1898 400 1952 τῶν
423 1899 622 1973 μαρτυριῶν.

550 2099 754 2152 ΜΑΡΓΤΡΙΑΙ.

110 2225 135 2264 ιι
238 2207 334 2271 Μετὰ
364 2215 467 2272 ταῦτα
497 2208 613 2271 τοίνυν
646 2205 718 2291 ἐμοὶ
750 2203 811 2290 μέν
844 2207 919 2272 οὔτε
947 2209 1057 2290 μεῖζον
1085 2207 1158 2271 οὔτ’

149 2311 285 2376 ἔλαττον
306 2314 390 2396 πρὸς
412 2311 514 2376 αὐτὸν
533 2315 739 2396 συμβόλαιον
756 2311 908 2396 γέγονεν·
931 2311 950 2377 ό
969 2307 1006 2376 δέ
1025 2311 1157 2394 Παρμέ-

149 2440 218 2480 νων
246 2416 408 2496 ἐδικάζετο
435 2417 542 2504 τούτῳ
570 2429 636 2482 τῶν
663 2439 698 2482 τε
721 2422 857 2500 πληγῶν
880 2412 929 2482 ὧν
952 2419 1070 2498 ἐλαβεν
1091 2417 1158 2483 ὑπὸ

148 2523 284 2605 τούτου,
317 2523 370 2588 ὅτε
398 2533 465 2587 τῶν
492 2523 622 2587 παίδων
649 2521 856 2606 ἐξαγομένων
883 2522 1072 2606 ἐπελάβετο,
1102 2521 1158 2588 καί

149 2627 199 2692 ὅτι
230 2638 291 2693 τοῦ
323 2630 370 2705 είς
396 2631 555 2693 Σικελίαν
586 2633 671 2692 πλοῦ
704 2629 760 2692 διὰ
786 2637 906 2694 τοῦτον
933 2630 1157 2711 κατεκωλύθη.

148 2731 360 2817 ἐνεστηκυίας
383 2730 419 2799 δέ
441 2741 499 2818 τῆς
522 2734 625 2818 δίκης,
650 2735 788 2799 δίδωσιν
811 2733 829 2799 ὁ
848 2732 1035 2818 Παρμένων
1055 2732 1159 2816 ὅρκον

148 2839 254 2926 τούτῳ
277 2841 356 2924 περί
372 2862 474 2904 τινων
493 2839 715 2924 ἐγκλημάτων,
733 2837 788 2903 καὶ
807 2832 905 2915 οὗτος
923 2837 1065 2921 ἐδέξατο,
1089 2839 1158 2904 ἐπι-

149 2943 346 3027 διαθέμενος
373 2945 548 3029 ἀργύριον,
577 2944 635 3009 ἐὰν
663 2945 706 3028 μη
735 2943 839 3028 ὀμόση
864 2945 923 3008 τὸν
946 2944 1056 3028 ὅρκον.
1101 2945 1158 3010 καὶ

149 3051 201 3116 ὅτι
224 3051 332 3135 ἀληθῆ
356 3049 455 3133 λέγω,
479 3049 561 3134 λαβέ
581 3073 637 3134 μοι
659 3051 720 3133 την
743 3053 935 3133 μαρτυρίαν.

154 3287 156 3292 ·
287 3282 288 3286 ’
555 3261 744 3312 ΜΑΡΤΤΡΙΔ.

112 3385 136 3422 ιε
239 3367 425 3450 Δεξάμενος
455 3370 571 3432 τοίνυν
602 3368 661 3432 τὸν
691 3367 806 3451 ὅρκον,
839 3369 934 3444 είδὼς
961 3369 1012 3435 ότι
1038 3370 1157 3436 πολλοὶ

150 3467 239 3553 αὐτῷ
258 3476 468 3537 συνείσονται
487 3472 729 3557 ἐπιορκήσαντι,
752 3471 804 3538 ἐπὶ
822 3469 882 3556 μέν
900 3475 938 3538 τὸ
957 3473 1075 3558 ὀμόσαι
1095 3475 1157 3541 οὐκ
