2614 3904
505 159 603 210 ΠΡΟΣ
622 159 778 210 ΔΦΟΒΟΝ.
1078 153 1143 221 353

9 383 12 407 ι
133 337 182 392 τις
205 313 248 380 διν
271 320 397 400 μᾶλλον
421 315 614 401 ἐξελέγξειεν
636 319 803 400 εἰρηκότας
835 315 918 382 ἀλλὰ
940 315 995 383 καί
1019 318 1144 382 δοῦλον

134 417 221 486 εἶναι
247 423 306 487 τὸν
334 425 515 508 άνδροιπον
540 431 586 512 τῷ
609 424 688 488 δντι.
735 425 897 507 βούλομαι
921 424 962 508 δή
986 424 1042 488 διὰ
1065 425 1144 507 βρα-

133 527 218 613 χέων
237 529 339 592 είπὼν
356 530 438 611 πρὸς
456 528 541 613 ὑμᾶς
555 527 716 611 ἐξελέγξαι
729 527 784 594 καὶ
798 525 888 594 ταῦτ’
907 530 1008 595 αὐτὸν
1021 530 1144 607 ύευδύ·

133 657 244 718 μενον.
289 632 353 716 ἐγὼ
380 635 443 718 γάρ
470 629 497 698 ὦ
524 634 644 718 ἄνδρες
668 634 817 700 δικασταὶ
840 633 895 701 καὶ
917 633 993 716 περί
1015 636 1143 701 τούτων

133 738 283 823 ήδέλησα
314 740 420 827 τούτφ
447 740 657 822 παραδοῦναι
684 743 872 823 βασανίζειν
899 743 957 818 τάς
983 741 1143 826 θεραπαί-

133 870 208 927 νας,
240 848 278 911 αλ
306 849 522 923 τελευτῶντος
552 854 612 910 τοῦ
639 847 761 930 πατρὸς
788 844 1031 931 μνημονεύουσ’
1063 846 1143 927 ἀφε·

93 967 121 1008 26
134 951 238 1018 θέντα
260 961 381 1017 τοῦτον
404 951 584 1037 ἐλεύθερον
607 947 692 1017 εἶναι
714 955 796 1018 τότε.
831 950 887 1018 καί
909 955 991 1039 πρὸς
1013 954 1144 1030 τούτοις

134 1059 154 1141 ἡ
178 1060 284 1142 μήτηρ
306 1052 376 1124 κατ’
403 1057 483 1142 ἐμοῦ
506 1056 561 1123 καὶ
584 1068 641 1142 τής
664 1058 824 1143 άδελφῆς,
853 1061 889 1124 οἳ
908 1063 1005 1144 μόνοι
1029 1059 1145 1136 παῖδές

134 1165 233 1248 ἐσμεν
265 1162 363 1249 αὐτή,
400 1161 444 1229 δι’
480 1163 539 1241 οῦς
570 1167 787 1249 κατεχήρευσε
818 1166 878 1230 τὸν
908 1167 999 1248 βίον,
1031 1169 1143 1231 πίστιν

134 1267 272 1354 ήῦέλησ
294 1268 460 1334 ἐπνῦεῐναι
477 1268 766 1354 παραστησαμένη,
789 1271 849 1335 τὸν
867 1271 1049 1355 ἄνθρωπον
1068 1279 1143 1336 τοῦ-

134 1399 193 1442 τον
217 1375 350 1459 άφελναι
372 1375 432 1441 τὸν
452 1371 564 1459 πατέρ’
585 1369 671 1458 ἡνίκ’
693 1373 853 1457 ἐτελεύτα,
876 1373 931 1440 καί
949 1380 1144 1460 νομίζεσθαι

134 1479 209 1565 παρ’
240 1479 320 1563 ἡμῖν
349 1490 469 1547 τοῦτον
496 1479 690 1564 ἐλεύθερον·
718 1479 762 1563 ἣν
789 1479 903 1565 μηδεὶς
929 1480 1023 1565 ὑμῶν
1050 1506 1143 1567 νομι-

135 1584 211 1665 ζέτω
234 1583 311 1651 καθ’
333 1584 427 1669 ήμῶν
450 1581 522 1650 ποτ’
544 1585 587 1650 δν
610 1585 753 1670 ὀμνύναι
773 1584 863 1651 ταῦτ’
887 1584 1028 1671 έδέλειν,
1050 1590 1082 1653 εί
1098 1589 1142 1672 μὴ

134 1704 249 1777 σαφῶς
271 1691 344 1779 ήδει
367 1693 408 1756 τά
430 1686 540 1776 εὔορκ’
562 1691 739 1776 ὀμουμένη.
776 1691 859 1757 άλλδ
882 1692 947 1776 μήν
971 1692 1015 1769 ὡς
1033 1692 1143 1777 άληδή

134 1798 218 1882 λέγω
237 1796 292 1864 καὶ
310 1792 401 1863 ταῦτ’
423 1793 506 1882 ήμεν
524 1795 650 1882 ἕτοιμοι
668 1807 787 1880 ποιεῖν,
809 1799 902 1863 κάλει
919 1798 1047 1864 τούτων
1064 1802 1144 1875 τοὺς

133 1906 310 1990 μάρτυρας.

538 2097 739 2151 ΜΑΡΤΤΡΕΣ.

94 2239 120 2280 ετ
228 2225 379 2286 Τοσαῦτα
400 2224 518 2288 τοίνυν
541 2223 652 2287 δίκαια
672 2221 781 2305 λέγειν
799 2220 943 2306 ἐχόντων
960 2221 1065 2306 ἡμῶν,
1088 2220 1143 2289 καὶ

134 2328 354 2410 καταφεύγειν
386 2329 433 2404 είς
464 2330 543 2404 τοῦς
574 2330 748 2412 μεγίστους
775 2326 928 2411 ἐλέγχους
955 2326 1149 2394 ἐθελόντων

133 2430 300 2518 περὶτῶν
322 2431 634 2518 μεμαρτυρημένων,
657 2434 764 2498 πάντα
786 2442 889 2497 ταῦτα
909 2435 1027 2518 φυγὼν
1046 2428 1143 2512 οὗτος

134 2546 248 2621 οίεται,
267 2535 343 2622 περὶ
361 2547 418 2622 τῆς
433 2538 653 2622 γεγενημένης
667 2539 760 2622 δίκης
774 2539 963 2622 διαβάλλων
976 2537 1031 2604 καὶ
1045 2564 1143 2622 κατη-

133 2657 245 2730 γορῶν
277 2643 373 2728 ἐμοῦ,
405 2652 466 2708 τοῦ
498 2644 663 2728 μάρτυρος
694 2643 780 2728 ὑμᾶς
805 2648 932 2710 πείσειν
957 2650 1144 2731 καταψηφί-

134 2756 274 2833 σασθαι,
306 2750 441 2814 πάντων
473 2743 565 2832 οἶμαι
591 2759 725 2834 πρᾶγμα
752 2751 997 2828 κατασκευάσας
1024 2750 1143 2817 ἀδικώ-

93 2875 120 2916 28
133 2878 233 2922 τατον
262 2853 318 2921 καί
344 2857 671 2922 πλεονεκτικώτατον.
717 2855 816 2932 αὐτὸς
843 2853 904 2940 μὲν
931 2857 994 2942 γὰρ
1021 2858 1143 2942 μάρτυ-

134 2986 194 3047 ρας
218 2962 352 3039 ψευδεῖς
374 2962 634 3045 παρεσκεύασται
657 2960 732 3047 περὶ
755 2962 898 3045 τούτων,
925 2965 1135 3048 συγχορηγὸν
1144 2977 1196 3027 85³

133 3068 219 3153 ἔχων
248 3065 405 3149 Ὀνήτορα
432 3067 494 3131 τὸν
522 3067 686 3150 κηδεστήν
713 3065 768 3132 καὶ
799 3069 1018 3154 Τιμοκράτην·
1051 3068 1144 3153 ήμεῑς

134 3172 165 3238 δ’
197 3171 271 3258 οὐχὶ
301 3174 505 3258 προειδότες,
537 3167 608 3238 ἀλλ’
638 3169 721 3257 ὑπὲρ
749 3173 850 3257 αὐτῆς
877 3184 935 3259 τής
962 3179 1145 3259 μαρτυρίας

133 3278 314 3363 ἡγούμενοι
341 3280 400 3344 τὸν
428 3275 529 3362 ἀγῶν’
556 3281 707 3362 ἔσεσθαι,
735 3281 814 3355 τοῦς
841 3277 1004 3363 περὶτῶν
1028 3280 1145 3363 ἕκτης

134 3385 311 3469 ἐπιτροπῆς
328 3385 505 3470 χρημάτων
522 3385 690 3470 μάρτυρας
706 3385 747 3450 οῦ
761 3386 1057 3469 παρεσκευάσμεθα
1070 3393 1142 3449 νῦν.

132 3491 222 3575 ὅμως
250 3487 287 3557 δὲ
314 3494 429 3575 καίπερ
458 3490 544 3556 οὕτω
567 3492 688 3556 τούτου
712 3489 970 3574 σεσοφισμένου,
997 3491 1038 3555 τὰ
1060 3489 1142 3572 πρά-

186 3605 311 3646 Βιιιοετιτ.
327 3605 378 3646 Vol.
391 3606 423 3646 11.
947 3598 981 3646 23
