2616 3910
179 133 246 199 480
472 139 593 191 xxm.
617 137 897 188 Δκκοεοεκουε

179 305 333 362 τεθεῖσθαι
355 297 495 382 τούνομα.
534 299 664 362 αύιόθεν
686 299 740 381 μὲν
763 291 819 363 σύν
843 300 954 376 δόξειεν
976 297 1015 360 όν
1039 323 1081 372 τις
1105 305 1205 378 φιλο·

179 397 322 478 πρόγμονν
345 396 396 459 καί
418 398 572 476 φιλόνικος
595 396 668 478 ὑπὲρ
690 405 895 478 προσηγοριῶν
918 396 1148 477 διαφερόμενος·
1185 396 1203 459 ὅ

180 491 278 572 μέντοι
306 493 391 574 λόγος
419 494 523 569 ίιιανδις
550 493 713 570 δτιοδείξεις
739 493 893 574 παρέχεται
915 503 967 558 τοῦ
989 493 1039 556 καί
1063 494 1205 580 δημοσίᾳ

179 588 230 651 καί
252 589 314 674 ίδίμ
336 591 484 674 βλαβερὰν
506 585 584 653 είναι
605 591 659 670 τὴν
683 589 866 672 ὁμωνυμίαν.
1270 557 1271 632 δ

271 823 418 910 Ούδεμιᾷ
447 825 744 910 φιλοπραγμοσύνῃ
772 827 816 910 μδ
842 826 922 902 τοὺς
948 826 1052 902 θεοὺς
1079 818 1105 890 ὦ
1134 825 1201 888 ἄυ-

180 928 257 1011 δρες
280 925 431 994 δικασταὶ
454 931 514 1012 την
538 932 635 1014 δίκην
653 930 777 1012 ταύτην
795 933 914 1014 ἔλαχον
933 933 1080 1015 Βοιωτῷ,
1104 927 1184 995 οὐδ’
1200 939 1248 988 9νὸ

180 1033 327 1116 ἠγνόουν
349 1035 400 1100 ὅτι
421 1041 556 1112 πολλοῖς
574 1037 698 1100 άτοιτον
717 1035 806 1114 δόξει
824 1037 860 1102 τὸ
880 1035 978 1118 δίκην
996 1031 1051 1119 ἐμὲ
1070 1037 1197 1118 λαγχά-

181 1161 266 1220 νειν,
294 1145 328 1204 εῖ
349 1161 399 1216 τις
427 1138 499 1224 ἐμοὶ
527 1137 618 1206 ταῦτ’
646 1134 739 1224 ὄνομ’
766 1147 869 1206 οῖεται
892 1141 965 1205 δεῖν
988 1143 1086 1224 ἔχειν·
1114 1138 1193 1204 ἀλλ’

181 1243 361 1327 ἀναγκαῖον
377 1242 420 1329 ἣν
439 1245 559 1312 ἐκτῶν
578 1245 851 1329 συμβησομένων,
870 1247 902 1310 εί
918 1248 962 1330 μὴ
981 1255 1080 1311 τοῦτο
1099 1247 1195 1330 διορ·
1270 1251 1271 1328 λ

153 1353 345 1435 τθώσομαι,
368 1350 405 1417 έν
427 1351 507 1436 ὑμῖν
529 1360 696 1436 κριθῆναι.
742 1347 855 1436 εἰμὲν
877 1346 940 1417 οὖν
964 1350 1077 1434 έτέρου
1100 1353 1194 1427 τινὸς

181 1451 278 1534 οὗτος
301 1459 365 1540 ἔφη
388 1459 511 1542 πατρὸς
534 1453 620 1524 εἶναι
642 1456 697 1524 καί
719 1458 763 1542 μὴ
785 1457 927 1542 τούμοῦ,
952 1461 1126 1541 περίεργος
1148 1455 1194 1521 διν

181 1565 314 1640 εἰκότως
337 1563 478 1630 ἐδόκουν
500 1559 586 1629 εἶναι
610 1567 795 1649 φροντίζων
816 1564 834 1628 ό
853 1587 885 1629 τι
903 1563 1058 1646 βούλεται
1076 1567 1191 1628 καλεῖν

179 1669 280 1746 αὐτὸς
307 1666 433 1734 ἑαυτόν.
479 1678 543 1735 νῦν
571 1666 607 1735 δὲ
635 1671 745 1754 λαχὼν
772 1670 869 1753 δίκην
896 1678 941 1757 τῷ
970 1666 1069 1750 πατρί
1090 1668 1189 1756 τώμῷ
1270 1727 1271 1734 ,

178 1773 235 1842 καλ
262 1773 339 1860 μεθ’
366 1774 485 1842 ἑαυτοῦ
513 1777 758 1853 κατασκευάσας
781 1775 998 1861 ἐργαστήριον
1021 1793 1187 1859 συκοφαν-

181 1892 262 1964 τῶν,
290 1880 486 1964 Μνησικλέα
510 1877 560 1962 θ’,
588 1882 628 1948 ὃν
651 1888 731 1959 ἴσως
752 1883 949 1966 γιγνώσκετε
972 1883 1108 1964 πάντες,
1133 1877 1188 1944 καί

181 1985 353 2054 Μενεκλέα
371 1989 430 2054 τὸν
448 1990 510 2071 τὴν
527 1991 637 2053 Νῖνον
656 1983 760 2054 ἑλόντ’
783 1988 921 2070 ἐκεῖνον,
944 1985 1000 2052 καὶ
1017 1988 1189 2062 τοιούτους

180 2094 287 2176 τινάς,
315 2091 476 2172 ἐδικάζεθ’
502 2094 575 2170 υίὸς
600 2088 686 2159 είναι
708 2094 846 2176 φάσκων
869 2092 904 2158 ἐκ
926 2102 984 2176 τῆς
1007 2095 1188 2178 Παμφίλου

180 2200 349 2282 θυγατρὸς
380 2198 435 2264 καὶ
467 2201 561 2265 δεινά
593 2201 730 2284 πάσχειν
759 2197 898 2282 καὶτῆς
924 2200 1083 2282 πατρίδος
1110 2199 1188 2264 άπο-

153 2313 378 2387 οστερεῖσθαι.
424 2304 443 2370 ό
470 2307 576 2391 πατὴρ
604 2303 640 2371 δὲ
668 2307 772 2383 (πᾶσα
794 2306 857 2388 γάρ
881 2306 1045 2388 εἰρήσεται
1067 2304 1088 2387 ἡ
1112 2304 1187 2388 άλη-

180 2409 246 2476 θει’
269 2407 294 2476 ὦ
318 2412 438 2495 ἄνδρες
457 2412 623 2497 δικασταί)
642 2411 708 2495 άμα
727 2408 787 2495 μὲν
805 2411 1016 2495 φοβούμενος
1034 2413 1081 2486 είς
1099 2413 1186 2476 δικα-

181 2521 317 2602 στήριον
340 2517 492 2598 εἰσιέναι,
516 2519 560 2599 μη
583 2539 642 2598 τις,
667 2507 712 2580 οἷ’
739 2516 803 2580 ὑπὸ
826 2513 1100 2598 πολιτευομένου,
1123 2513 1186 2580 ἑτέ-

181 2627 272 2710 ρωθί
286 2645 352 2688 που
372 2621 595 2706 λελυπημένος
613 2619 747 2687 ἐνταῦθ’
767 2620 985 2704 ἀπαντήσειεν
1004 2621 1103 2709 αὐτῷ,
1122 2622 1185 2705 ἅμα

180 2727 211 2795 δ’
247 2725 462 2812 ἐξαπατηθεὶς
499 2727 562 2792 ὑπὸ
595 2737 651 2810 τῆς
682 2724 817 2792 τουτουὶ
850 2729 986 2811 μητρός,
1023 2726 1186 2812 ὀμοσάσης

180 2833 280 2918 αὐτῆς
302 2830 323 2917 η
348 2835 429 2918 μην,
458 2833 516 2898 ἐάν
540 2833 641 2916 όρκον
664 2832 746 2916 αὐτῇ
770 2833 853 2918 διδῷ
875 2830 951 2916 περί
973 2834 1116 2916 τούτων,
1144 2835 1183 2918 μη

179 2939 350 3023 ὀμεῖσθαι,
382 2940 510 3003 τούτων
539 2935 576 3002 δὲ
603 2937 822 3022 πραχθέντων
850 2935 950 3002 οὐδὲν
978 2941 1114 3003 ἔσεσθαι
1141 2936 1180 3004 ἔτ’

179 3045 307 3127 αὐτοῖς,
340 3043 394 3109 καί
426 3043 735 3128 μεσεγγυησαμένης
768 3043 945 3127 ἀργύριον,
977 3042 1030 3108 ἐπὶ
1059 3047 1184 3122 τούτοις
1267 3077 1271 3084 ·*

150 3152 299 3216 ιδίδωσι
326 3151 385 3214 τὸν
412 3150 522 3234 ὅρκον.
567 3148 587 3233 ἡ
612 3145 648 3214 δὲ
672 3148 842 3232 δεξαμένη,
867 3149 907 3214 οὐ
930 3151 1035 3234 μόνον
1058 3159 1182 3233 τοῦτον,

180 3258 262 3322 άλλά
285 3254 339 3320 καὶ
362 3257 421 3320 τὸν
442 3255 590 3340 άδελφὸν
607 3256 667 3319 τὸν
685 3253 800 3337 ἕτερον
818 3257 901 3340 πρὸς
918 3256 1025 3343 τούτῳ
1043 3259 1183 3341 κατωμύ

181 3361 249 3427 σατ’
277 3362 312 3427 ἐκ
339 3366 546 3446 τοῦπατρὸς
570 3357 656 3425 εἶναι
678 3361 813 3443 τούμοῦ.
859 3361 904 3438 ὡς
927 3357 963 3426 δὲ
985 3357 1076 3426 τοῦτ’
1102 3363 1183 3428 ἐκοί-

180 3483 274 3549 ησεν,
303 3467 449 3547 εἰσάγειν
476 3470 522 3544 εἰς
548 3469 627 3543 τοὺς
650 3467 815 3551 φράτερας
837 3462 879 3550 ἦν
902 3465 1026 3551 ἀνάγκη
1049 3469 1183 3546 τούτους
