2612 3918
190 199 235 265 52
504 202 578 255 XXI.
601 199 881 254 ΔΗΜΟΣΘΕΝΟΤΣ

649 471 737 542 XXI.

198 613 343 692 ΚΑΤΑ
367 614 588 691 ΜΕΙΔΙΟΤ
610 615 738 690 ΠΕΡΙ
761 613 866 690 ΤΟΤ
889 613 1192 692 ΚΟΝΔΤΛΟΤ.

593 799 794 855 ΤΠΟΘΕΣΙΣ.

272 911 398 996 Ἐορτήν
419 909 494 997 ἦγον
517 915 549 977 οί
570 908 729 993 Ἀθηναῖοι
751 913 904 1000 Διονύσῳ,
929 911 969 993 ἣν
992 913 1118 977 έκάλουν
1142 913 1201 978 άπὸ

187 1019 240 1073 τού
262 1017 338 1073 θεοῦ
361 1013 519 1075 Διονύσια·
548 1009 582 1073 έν
605 1007 637 1072 δέ
659 1010 751 1096 ταύτη
774 1009 907 1092 τραγικοί
929 1010 979 1073 καλ
1001 1011 1126 1092 κωμικολ
1150 1011 1202 1074 καλ

187 1106 323 1187 αὐλητῶν
349 1107 431 1189 χορολ
459 1109 676 1190 διηγωνίζοντο.
721 1107 905 1168 καθίστασαν
934 1105 966 1170 δέ
994 1109 1062 1181 τοὺς
1093 1110 1200 1190 χορούς

187 1205 222 1265 αί
241 1203 334 1281 φυλαί
356 1204 427 1267 δέκα
448 1205 658 1287 τυγχάνουσαι·
685 1203 810 1286 χορηγός
833 1199 861 1265 δ’
885 1197 924 1285 ἦν
947 1203 1070 1284 ἑκάστης
1092 1211 1191 1286 φυλῆς
1202 1217 1255 1266 509

188 1297 204 1361 6
227 1300 262 1362 τδι
285 1298 460 1382 ἀναλώματα
482 1300 616 1384 παρέχων
637 1299 672 1362 τδι
691 1300 758 1382 περλ
776 1299 828 1362 τόν
846 1301 942 1382 χορόν.
979 1298 996 1362 6
1014 1302 1118 1363 τοίνυν
1137 1308 1200 1382 Δη-

187 1396 338 1478 μοσθένης
366 1408 417 1479 της
446 1397 553 1461 ἑαυτοῦ
576 1404 692 1478 φυλῆς,
720 1407 772 1478 τῆς
795 1397 1013 1478 Πανδιονίδος,
1040 1397 1200 1478 ἐθελοντὴς

161 1493 298 1576 εύπέστη
329 1496 461 1578 χορηγός.
506 1495 604 1582 έχθρῷ
637 1492 669 1556 δέ
701 1493 877 1576 κεχρημένος
896 1501 948 1581 Ιτῷ
979 1495 1109 1580 Μειδία,
1139 1505 1200 1558 τῶν

186 1593 337 1656 πλουσίων
364 1592 424 1671 ἐνί,
453 1591 528 1672 φησί
556 1589 609 1672 μέν
634 1589 686 1653 καλ
706 1589 780 1652 ύλλα
801 1590 881 1672 παρὰ
903 1590 958 1671 την
980 1593 1120 1674 χορηγίαν
1144 1589 1198 1654 ύπ’

186 1687 281 1752 αὐτοῦ
308 1688 493 1751 πεπονθέναι
520 1697 633 1767 κακῶς,
659 1687 692 1750 τὸ
721 1685 753 1750 δέ
780 1692 944 1750 τελευταῖον
967 1687 1016 1752 ίπλ
1038 1698 1090 1768 τῆς
1112 1686 1201 1771 ὀρχη-

187 1802 277 1867 στρας
299 1787 465 1860 κονδύλους
487 1785 592 1866 ἐλαβεν
614 1784 751 1848 ἐναντίον
773 1786 893 1848 πάντων
913 1794 972 1847 τῶν
990 1792 1116 1847 θεατῶν.
1151 1786 1201 1849 έπλ

188 1883 281 1970 τούτῳ
304 1882 503 1965 κατηγόρησεν
526 1881 559 1945 ἐν
582 1889 621 1968 τῷ
646 1882 730 1968 δήμῳ
751 1892 805 1945 τοῦ
827 1883 970 1962 Μειδίου,
993 1880 1033 1956 ὡς
1055 1881 1201 1964 ἠσεβηκό-

186 2000 236 2054 τος
258 1980 301 2054 είς
324 1979 379 2060 τὴν
397 1978 502 2061 ἑορτὴν
521 1977 572 2040 καλ
590 1979 641 2042 τόν
659 1979 823 2042 Διόνυσον·
845 1978 972 2043 ἐκαλεῖτο
991 1975 1020 2042 δ’
1040 1976 1059 2058 ἡ
1078 1983 1200 2062 τοιαύτη

185 2077 346 2159 κατηγορία
368 2075 509 2157 προβολή.
547 2073 563 2137 δ
587 2072 641 2156 μέν
664 2067 721 2138 οὖν
744 2075 837 2156 δῆμος
859 2075 1021 2158 κατέγνωκε
1044 2085 1096 2138 τοῦ
1120 2079 1200 2138 Μει-

188 2173 255 2236 δίου
277 2172 332 2253 τὴν
356 2171 504 2254 ἀσέβειαν,
527 2171 721 2256 ἀγωνίζονται
743 2170 775 2235 δέ
798 2183 856 2235 νῦν
878 2172 911 2234 έν
935 2173 1111 2260 δικαστηρίῳ
1133 2173 1201 2256 περί

187 2279 239 2351 της
266 2279 319 2334 τοῦ
348 2270 445 2350 δήμου
472 2271 736 2352 καταχειροτονίας·
767 2268 827 2332 ἔδει
847 2268 904 2352 γόιρ
926 2269 1123 2351 καταγνόντος
1146 2282 1200 2334 τοῦ

187 2367 285 2448 δήμου
308 2367 497 2451 δικαστήριον
520 2374 619 2449 κρῖναι
641 2367 787 2448 δεύτερον.
822 2365 901 2429 ἔστιν
922 2358 978 2428 ούν
998 2363 1014 2427 6
1033 2364 1114 2449 διγὼν
1132 2367 1201 2448 περί

186 2463 405 2545 ύποτιμήσεως·
440 2463 479 2528 ού
505 2464 561 2546 γὰρ
589 2462 656 2545 περί
682 2471 734 2525 τοῦ
762 2460 859 2542 μηδέν’
882 2461 994 2526 ἀδικεῖν
1022 2461 1038 2525 δ
1067 2465 1200 2538 Μειδίας

187 2559 372 2642 δηωνίζεται,
403 2558 476 2622 ἀλλὰ
506 2560 573 2643 περλ
603 2569 657 2622 τοῦ
684 2560 858 2639 τιμήματος,
888 2561 1012 2642 πότερον
1039 2561 1153 2642 ύβρεως
1180 2560 1201 2642 ἢ

161 2655 322 2737 τάσεβείας
344 2654 455 2735 δφείλει
478 2657 574 2737 δίκην.
611 2655 710 2738 δρικδς
733 2649 790 2720 οὖν
813 2654 830 2718 6
853 2656 938 2739 λόγος
961 2667 998 2744 τῇ
1016 2659 1123 2739 στάσει,
1146 2671 1201 2723 τοῦ

187 2751 242 2833 μέν
260 2754 393 2817 Μειδίου
415 2753 550 2837 λέγοντος
573 2755 662 2837 ύβριν
685 2748 761 2816 εἶναι
783 2753 815 2816 τό
833 2753 978 2835 πραχθέν,
999 2752 1101 2834 ἐπειδὴ
1119 2759 1201 2819 τετύ-

186 2871 297 2929 πτηκεν
327 2845 417 2932 άνδρ’
449 2850 623 2933 ἐλεύθερον,
653 2860 707 2915 τού
739 2849 771 2914 δέ
803 2851 1021 2931 Δημοσθένους
1052 2851 1200 2935 ἀσέβειαν,

186 2945 288 3026 ἐπειδὴ
310 2945 435 3028 χορηγὸς
458 2943 474 3007 6
498 2946 713 3028 τετυπτημένος
730 2946 780 3010 καλ
797 2947 831 3009 έν
850 2949 1021 3023 Διονυσίοις
1040 2949 1089 3012 καὶ
1107 2949 1140 3013 έν
1159 2957 1199 3038 τῷ

185 3045 316 3131 θεάτρῳ·
335 3044 385 3105 διδι
403 3042 459 3126 γδιρ
478 3045 591 3107 τούτων
608 3044 658 3107 καλ
675 3044 853 3126 ἠσεβηκέναι
871 3045 922 3107 τὸν
939 3048 1073 3109 Μειδίαν
1092 3049 1200 3128 φησίν·

186 3139 227 3215 ὡς
249 3135 325 3203 εἶναι
349 3140 474 3204 διπλοῦν
495 3140 568 3222 δρον
586 3140 660 3204 κατὰ
679 3144 836 3221 σύλληψιν.
873 3141 933 3206 ἔστι
951 3141 983 3206 δέ
1001 3145 1075 3206 κατὰ
1093 3147 1200 3216 σύλλη·

185 3252 254 3318 ψιν,
272 3236 344 3300 όταν
362 3237 403 3319 μὴ
421 3238 609 3319 έκβάλλοντες
626 3238 658 3301 τὸ
678 3238 737 3301 ὑπὸ
756 3250 815 3301 τῶν
833 3237 994 3304 ἀντιδίκων
1008 3242 1199 3325 εἰσαγόμενον

186 3333 292 3415 δνομα,
312 3335 362 3398 καί
379 3334 477 3418 ἕτερον
496 3335 581 3398 αύτολ
599 3342 817 3417 προστιθῶμεν,
840 3337 936 3420 ὥσπερ
955 3334 1080 3400 ἐνταῦθ’
1101 3336 1118 3401 6
1136 3344 1200 3419 Δη-

186 3431 348 3512 μοσθένης,
366 3443 419 3495 τού
433 3433 566 3496 Μειδίου
585 3432 721 3516 λέγοντος
739 3432 903 3514 ύβρικέναι,
921 3434 978 3496 ούκ
994 3433 1128 3515 έκβολλλει
1146 3434 1201 3518 μὲν

187 3525 257 3590 ούδέ
279 3527 335 3608 τὴν
358 3530 462 3611 ύβριν,
485 3530 664 3611 προστίθησι
687 3524 715 3591 δ’
741 3528 815 3615 αὐτῇ
838 3530 889 3593 καλ
910 3530 965 3610 την
988 3529 1132 3610 ἀσέβειαν.
