2590 3900
127 143 194 210 264
430 149 526 201 xm.
549 148 828 202 Δωωοεωωαουε

125 310 240 394 τήρίας
262 304 356 391 ὄνομ’
383 309 447 392 ἔχῃ.
486 307 522 373 οἴ
541 331 575 373 τε
598 309 661 392 γάρ
684 305 842 396 σῴζοντες
864 308 926 391 τήν
948 311 1048 374 πόλιν
1072 307 1135 375 εἰσὶ

126 417 239 498 νόμοι,
263 409 360 478 ὄνθ’
388 407 485 490 οὗτος
508 414 629 496 έθηκεν
653 411 754 479 οὐδὲν
776 413 914 492 ἐκείνοις
935 425 1003 480 τῶν
1025 415 1136 480 αὐτῶν

126 521 258 604 ἔχοντα,
290 521 401 603 νόμος.
446 519 508 602 τήν
535 516 596 602 μὲν
622 513 686 584 οὖν
711 519 914 603 τούνόματος
942 526 1136 605 φιλανθρω-

125 629 221 707 πίαν,
245 624 295 689 ὅτι
318 625 441 707 ταύτην
464 622 506 689 ἂν
528 625 669 708 μάλιστα
692 629 887 708 προσεῖσθε,
910 626 1052 692 κατεῖδε·
1074 627 1135 710 τήν

127 726 164 795 δὲ
191 732 319 815 χρείαν,
347 730 398 795 ὅτι
424 727 574 794 τάναντί’
605 731 726 814 ἔχουσα
753 733 953 814 φανήσεται,
981 732 1192 814 παρεῖδε.749

74 858 112 898 ιω
127 834 209 921 φέρε
229 837 292 919 γάρ
315 834 399 917 πρὸς
423 835 521 917 Διὸς,
544 838 634 900 ἔστιν
657 834 746 913 ὅστις
769 833 811 902 άν
833 834 854 920 ή
876 836 1038 921 πρόεδρός
1059 831 1134 903 ποτ’

127 941 331 1026 ἐπεψήφισεν
353 939 373 1024 ή
396 942 555 1026 πρύτανις
573 941 700 1006 τούτων
718 953 836 1006 τιτῶν
854 941 891 1008 ἐν
908 950 953 1030 τῷ
972 945 1064 1032 νόμφ
1083 966 1135 1025 γε·

125 1047 338 1133 γραμμένων;
363 1046 426 1130 ἐγὼ
450 1043 511 1131 μὲν
534 1043 644 1113 οὐδέν’
667 1045 709 1112 δν
730 1043 829 1132 οίμαι.
865 1057 934 1124 πῶς
953 1042 1016 1113 οὖν
1034 1046 1132 1114 τοῦθ’

126 1152 248 1230 δαίδας
271 1155 377 1234 νόμον
400 1147 486 1216 ἔθετ’
511 1153 616 1236 ὄνομα
639 1163 708 1230 τοῖς
731 1153 835 1218 αὑτοῦ
856 1156 1136 1238 κακουργήμασιν.

127 1259 168 1324 ού
186 1260 249 1341 γάρ
267 1257 387 1339 άπλῶς,
411 1255 484 1324 οὐδ’
507 1259 596 1335 ὅπως
615 1261 742 1343 ἔτυχον,
763 1267 897 1324 ποιοῦσι
915 1269 1022 1336 κακῶς
1040 1259 1136 1344 ὑμᾶς,

127 1361 197 1430 ἀλλ’
220 1363 425 1448 ἐσκεμμένως
442 1361 497 1429 καὶ
515 1361 603 1429 τοῦτ’
627 1363 707 1429 αύτὸ
725 1365 934 1449 πράττοντες,
959 1365 1020 1449 οὐχ
1040 1359 1137 1443 οὗτος

127 1472 244 1555 μόνον,
267 1469 349 1535 ἀλλά
371 1468 489 1536 πολλοὶ
511 1480 579 1535 τῶν
600 1469 876 1556 πολιτευομένων,
901 1473 936 1536 οἲ
951 1472 1057 1558 τούτῳ
1075 1493 1137 1535 πα-

127 1578 254 1662 ριόντες
277 1575 393 1640 αὐτίκα
417 1576 458 1658 δή
482 1576 569 1659 μάλα
588 1579 926 1660 συναπολογήσονται,
952 1576 995 1642 ού
1011 1578 1055 1660 μά
1073 1575 1132 1641 Δί’

128 1681 169 1748 ού
202 1682 396 1766 Τιμοκράτει
427 1685 629 1766 χαρίσασθαι
661 1683 874 1765 βουλόμενοι,
906 1685 1027 1762 πόθεν;
1060 1679 1132 1748 ἀλλ’

127 1789 216 1874 αὐτῷ
240 1787 422 1872 συμφέρειν
443 1786 579 1863 ἕκαστος
596 1786 781 1872 ἡγούμενος
799 1790 858 1854 τὸν
876 1789 990 1872 νόμον.
1027 1789 1136 1874 ὥσπερ

127 1899 243 1959 τοίνυν
267 1888 359 1959 οὗτοι
384 1896 500 1976 σφίσιν
519 1892 631 1970 αὐτοῖς
649 1897 836 1977 βοηθοῦσιν
855 1887 908 1977 ἐφ’
929 1893 1024 1978 ὑμᾶς,
1048 1893 1135 1960 οὕτω

74 2022 114 2063 ιιε
129 2001 181 2065 δεῖ
204 1997 258 2064 καὶ
280 1999 364 2084 ὑμᾶς
386 1999 466 2083 ὑμῖν
489 1998 602 2076 αὐτοῖς
624 2001 772 2082 βοηθεῖν.
817 2003 924 2065 καίτοι
947 2000 1133 2085 ἀνερωτῶν-

126 2109 183 2181 τός
205 2129 295 2181 τινος
318 2105 432 2188 αὐτόν,
454 2105 534 2170 ὅτου
557 2103 653 2170 ἕνεκα
673 2099 797 2170 τοιαῦτ’
819 2105 964 2189 ήθέλήσε
982 2106 1136 2190 γράφειν,

127 2211 182 2277 καὶ
218 2210 396 2288 διεξιόντος
427 2210 472 2286 ὡς
503 2211 645 2295 χαλεπὸν
679 2212 739 2276 τὸν
771 2208 872 2293 ἀγῶν’
906 2211 1136 2295 ὑπολαμβάνοι

127 2319 240 2397 τόνδε,
267 2321 480 2400 τετυφῶσθαι
507 2317 566 2381 τὸν
593 2311 720 2399 λέγοντ’
750 2319 827 2401 ἔφη·
864 2316 1135 2402 συμπαρέσεσθαι

127 2424 191 2508 γάρ
211 2419 420 2507 Ἀνδροτίων’
448 2420 652 2510 ἑαυτῷ,“καὶ
675 2423 846 2499 τοιούτους
869 2426 990 2505 λόγους
1012 2424 1137 2508 σχολὴ-α

128 2526 239 2612 ἄγοντ’
271 2527 433 2612 ἐσκέφθαι
464 2526 540 2614 περὶ
571 2529 720 2612 πάντων,
754 2524 829 2593 ὥστ’
861 2522 900 2592 εὖ
932 2527 1056 2594 είδέναι
1086 2529 1137 2622 ὅτι

129 2630 229 2700 οὐδὲν
252 2634 340 2722 αὐτῷ
359 2637 531 2718 γενήσοιτο
552 2638 705 2719 φλαῦρον
723 2633 787 2698 ἀπὸ
806 2643 864 2717 τής
880 2643 1011 2718 γραφῆς
1028 2623 1136 2717 τῆσδε.

75 2761 115 2805 ιιι
128 2738 183 2806 καὶ
207 2741 288 2824 δήτα
310 2738 366 2805 καί
388 2741 580 2824 τεθαύμακα
602 2741 663 2822 τήν
682 2739 919 2824 ἀναισχυντίαν
937 2741 998 2833 τήν
1015 2742 1136 2806 τούτου

127 2871 162 2912 τε
185 2847 351 2930 κάκείνου,
374 2857 434 2912 τοῦ
456 2844 527 2930 μὲν,
551 2848 582 2910 εί
602 2851 704 2928 καλεῖ,
727 2857 788 2912 τοῦ
811 2844 856 2929 δ’,
880 2848 911 2911 εί
931 2847 1063 2928 πάρεισι
1080 2846 1137 2913 καὶ

129 2954 441 3034 συναπολογήσεται.
486 2955 649 3036 μαρτυρία
672 2953 735 3037 γάρ
759 2953 868 3035 δήπου
890 2953 1020 3037 φανερά
1041 2955 1137 3036 γενή-

130 3077 220 3125 σεται
243 3068 344 3124 πᾶσιν
366 3059 457 3142 ὑμῖν,
481 3059 531 3123 ὅτι
554 3060 613 3124 τὸν
635 3062 741 3144 νόμον
763 3060 891 3124 τούτων
913 3057 996 3124 ἕνεκ’
1022 3059 1135 3142 ἐτίθει,

131 3165 201 3230 ἀλλ’
229 3165 290 3230 οὐκ
313 3163 365 3230 ἐπὶ
387 3173 467 3229 πᾶσι
490 3167 549 3230 τὸν
572 3165 682 3230 αὐτόν.
724 3167 812 3249 ὅμως
835 3161 872 3230 δὲ
894 3164 949 3230 καί
971 3163 1047 3250 περὶ
1069 3177 1136 3230 τῶν

13 3315 14 3356 ρ
130 3270 244 3358 ἐκείνφ
259 3269 545 3354 πεπολιτευμένων
563 3272 648 3355 ὑμᾶς
666 3272 766 3355 μικρά
784 3270 914 3355 βέλτιόν
934 3270 1024 3336 ἐστιν
1040 3271 1137 3338 άκοῦ-

131 3392 202 3458 σαι,
229 3373 283 3440 καί
310 3377 438 3440 τούτων
466 3373 578 3459 ταῦθ’,
607 3371 654 3441 ὧν
681 3378 920 3460 κεκοινώνηκεν
943 3372 1055 3460 οὗτος,
1082 3375 1137 3443 καὶ

16 3566 19 3575 Δ
133 3477 175 3538 δι’
202 3477 222 3541 ἃ
245 3489 364 3543 τοῦτον
388 3477 487 3545 οὐδὲν
509 3477 609 3562 ήττον
632 3482 762 3548 ἐκείνου
785 3484 919 3559 δικαίως
942 3480 983 3548 άν
1001 3496 1136 3567 μισοῖτε.
