2590 3900
144 176 209 242 276
448 180 546 231 xxlv,
568 176 850 231 Δενοεουωουε

143 337 365 422 ἀπεχθάνεται
387 335 442 405 καὶ
465 341 589 424 νόμους
613 336 759 422 εἰσφέρει
782 346 883 402 πᾶσιν
906 334 1094 422 ἐναντίους,
1118 339 1155 403 τὸ
1284 323 1285 368 ³

142 449 333 510 τελευταῖον
366 442 402 511 δὲ
434 443 489 511 καί
520 445 624 512 αὑτοῦ
655 448 747 533 νόμφ
777 442 942 531 προτέρφ,
976 441 995 509 δ
1022 444 1067 528 μθ
1095 444 1156 527 την

139 547 288 634 Ἀθηνᾶν
311 548 383 617 οὐδ’
410 552 496 637 ὑμᾶς
520 546 612 636 οἶμαι
633 551 826 618 λανθάνειν.

91 677 130 717 ιω
224 654 266 722 Ὃ
287 660 404 722 τοίνυν
426 659 536 741 ἔμοιγε
560 659 655 722 δοκεῖ
674 651 803 741 μάλιστ’
824 656 924 742 ὀργῆς
947 658 1041 736 ἀξιον
1059 651 1155 739 εἰναι,

144 762 263 848 φράσω
281 759 336 826 καί
355 762 417 828 οὐκ
435 761 680 847 ἀποκρύψομαι,
700 763 750 828 ὅτι
768 757 860 827 ταῦτ’
878 757 904 828 ὦ
923 763 1044 848 ἀνδρες
1058 759 1156 846 Ἀθη-
1285 843 1286 860 ρ

143 879 234 935 ναῖοι
256 868 409 952 πράττων
432 866 481 936 ἐπ’
505 868 664 957 ἀργυρίφ,
687 866 743 934 καί
765 868 995 954 προῃρημένος
1014 870 1058 946 ὡς
1080 869 1157 952 ἀλη-

143 978 215 1051 θῶς
243 979 458 1058 μισθαρνεῖν,
489 973 551 1041 οὐκ
578 975 625 1051 εἰς
652 972 674 1039 ἀ
699 972 756 1041 καί
783 975 986 1059 συγγνώμην
1013 973 1158 1052 ἀκούσας

145 1079 187 1144 ἀν
217 1102 267 1156 τις
298 1081 388 1165 ἐσχε,
420 1077 511 1146 ταῦτ’
542 1079 720 1146 ἀναλίσκει.
765 1089 869 1146 ταῦτα
901 1075 932 1145 δ’
956 1077 1048 1147 έστίν
1068 1079 1157 1160 τίςὸ

143 1186 252 1269 πατὴρ
275 1180 301 1252 ἀ
325 1185 445 1272 ἀνδρες
468 1184 620 1252 δικασταὶ
643 1185 661 1252 δ
683 1187 806 1252 τούτου
827 1194 873 1275 τῷ
898 1187 1047 1276 δημοσίῳ
1066 1187 1158 1271 ἀφεί-

144 1296 207 1358 λει·
234 1289 289 1358 καί
317 1291 379 1358 ούιι
405 1292 577 1372 ὀνειδίζων
605 1292 719 1382 ἐκείνφ
747 1292 846 1376 λέγω,
876 1291 947 1359 ἀλλ’
979 1293 1158 1377 ἀναγκαζό-

91 1418 129 1459 ιοι
144 1419 257 1482 μενος·
289 1395 345 1464 καί
377 1392 476 1476 οὗτος
507 1396 526 1463 ὁ
558 1400 700 1484 χρηστὸς
730 1407 878 1487 περιορᾷ.
928 1405 1035 1466 καίτοι
1067 1401 1158 1476 ὅστις

144 1501 274 1587 μέλλων
292 1507 556 1589 κληρονομήσειν
574 1513 632 1587 τῆς
650 1503 790 1589 ἀτιμίας,
810 1502 852 1570 ἀν
868 1503 994 1583 ἐκεῖνός
1006 1528 1039 1571 τι
1052 1507 1157 1592 πάθη,

144 1609 189 1693 μὴ
218 1616 322 1676 οἰεται
350 1611 422 1676 δεῖν
445 1609 602 1695 ἐκτεῖσαι,
631 1610 714 1676 ἀλλὰ
736 1612 941 1695 κερδαίνειν,
969 1609 1009 1676 δν
1033 1610 1158 1688 ἐκεῖνος

146 1717 182 1801 ζῇ
204 1719 340 1801 χρόνον,
364 1715 453 1794 ἀξιοῖ
472 1725 571 1783 τοῦτο
593 1719 631 1782 τὸ
655 1715 783 1803 κέρδος,
806 1719 899 1794 τίνος
918 1717 999 1802 ὑμῖν
1017 1715 1059 1783 ἀν
1078 1717 1158 1782 ἀπο-

146 1820 286 1906 σχέσθαι
314 1825 417 1901 δοκεῖ;
450 1821 506 1888 καὶ
532 1824 592 1889 τὸν
619 1820 680 1908 μὲν
706 1820 819 1906 πατέρ’
852 1817 922 1888 οὔτ’
949 1821 1050 1902 ἐλεεῖς
1073 1825 1213 1890 ούτεῖεα

145 1929 239 1994 δεινά
262 1945 316 1995 σοι
339 1930 432 1995 δοκεῖ
451 1929 602 2014 πάσχειν,
625 1930 657 1994 εἰ
678 1937 741 1994 σοῦ
759 1929 988 2014 λαμβάνοντος
1005 1927 1061 1995 καὶ
1079 1954 1157 2014 χρη-

145 2032 380 2119 ματιζομένου,
407 2033 471 2101 ἀπὸ
495 2046 563 2100 τῶν
585 2036 754 2119 εἰσφορῶν
778 2029 826 2100 ὧν
848 2035 1069 2120 εἰσέπραττες,
1093 2035 1157 2100 ἀπὸ

145 2151 212 2206 τῶν
230 2141 454 2225 ψηφισμάτων
472 2134 520 2205 ὧν
537 2142 688 2224 γράφεις,
707 2137 765 2225 ἀφ’
785 2135 833 2207 ὧν
852 2140 1016 2226 εἰσφέρεις
1033 2143 1156 2225 νόμων,

147 2247 203 2312 διὰ
230 2249 349 2332 μικρὸν
376 2245 538 2330 ἀργύριον
561 2248 604 2331 μὴ
629 2245 755 2332 μετέχει
776 2255 835 2330 της
856 2250 997 2330 πόλεως,
1025 2245 1159 2332 ἐτέρους

93 2373 133 2414 τοι
147 2350 177 2419 δ’
196 2351 330 2438 ἐλεῆσαί
344 2376 438 2429 τινας
455 2349 535 2440 φῄς;
561 2351 644 2419 ἀλλὰ
662 2355 704 2437 νὴ
719 2355 787 2418 Δία
804 2354 867 2437 την
886 2352 1036 2438 ἀδελφὴν
1051 2360 1158 2431 καλῶς

147 2457 317 2547 διῴκηκεν.
363 2456 434 2524 ἀλλ’
462 2461 493 2524 εἰ
512 2457 568 2525 καί
592 2455 696 2544 μηδὲν
720 2457 790 2526 ἀλλ’
817 2459 936 2544 ἠδίκει,
961 2461 1043 2526 κατδι
1065 2457 1153 2528 τοῦτ’

146 2566 237 2645 ἀξιός
264 2563 330 2630 ἐστ’
361 2564 581 2632 ἀπολωλέναι·
609 2564 753 2651 πέπρακε
779 2567 843 2651 γάρ
871 2565 991 2651 αὐτην,
1019 2567 1081 2633 ούιι
1107 2566 1158 2632 ἐκ·

147 2669 280 2738 δέδωκε.
324 2683 391 2737 τῶν
418 2672 482 2757 γὰρ
510 2669 679 2755 ὑμετέρων
706 2669 839 2755 ἐχθρῶν
867 2669 932 2755 ἑνί,
963 2675 1157 2761 Κερκυραίφ

147 2775 214 2843 τινί
244 2787 312 2842 τῶν
342 2787 407 2843 νῦν
438 2777 583 2863 ἐχόντων
614 2779 675 2862 την
706 2779 820 2859 πόλιν,
852 2779 1050 2844 καταλύοντι
1077 2775 1154 2862 παρ’

146 2884 251 2972 αύτῷ,
284 2884 338 2949 ὅτε
370 2884 470 2968 δεῦρο
503 2883 695 2968 πρεσβεύοι,
727 2880 782 2948 καί
813 2883 1017 2966 βουληθέντι
1043 2886 1159 2968 λαβεῖν

146 2989 252 3075 αὐτην
278 2987 325 3071 (ἐξ
349 2982 390 3055 οὗ
413 2986 450 3054 δέ
473 2991 609 3074 τρόπον,
633 2986 839 3074 παραλείψω)
863 2990 974 3073 λαβὼν
998 2989 1160 3075 ἀργύριον

94 3116 133 3156 ωε
148 3095 285 3161 δέδωκε·
313 3091 368 3160 καί
394 3105 459 3162 νῦν
486 3093 577 3161 ἐστὶν
601 3095 637 3161 ἐν
660 3094 824 3180 Κερκύρᾳ.
870 3094 906 3172 ὃς
929 3089 992 3162 οὖν
1013 3097 1076 3180 την
1099 3094 1159 3182 μὲν

148 3202 299 3287 ἀδελφὴν
324 3198 374 3268 ἐπ’
396 3202 543 3288 ἐξαγωγῇ
567 3200 649 3286 φησί
667 3197 729 3286 μέν
748 3200 915 3285 ἐκδοῦναι,
937 3201 1104 3288 πέπρακεν
1123 3199 1160 3268 δὲ

147 3316 193 3395 τῷ
217 3310 318 3395 ἐργφ,
345 3307 405 3372 τὸν
428 3304 458 3372 δ’
486 3307 589 3374 αὑτοῦ
612 3305 724 3393 πατέρ’
752 3306 838 3374 οὕτω
861 3320 1077 3395 γηροτροφεῖ,
1105 3334 1160 3376 κο·

149 3413 279 3476 λακεύει
303 3409 340 3478 δὲ
361 3410 416 3476 καί
440 3418 567 3497 μισθοῦ
586 3413 709 3498 γράφει
726 3411 781 3478 καί
800 3414 1016 3499 πολιτεύεται,
1039 3425 1160 3483 τοῦτον

149 3514 243 3596 ὑμεῖς
265 3518 422 3599 λαβόντες
445 3519 506 3584 οὐκ
529 3518 750 3598 άποκτενεῖτε;
781 3517 884 3597 δόξετ’
907 3516 963 3604 ἀρ’
990 3516 1016 3586 ὦ
1040 3523 1161 3605 ἀνδρες
