2616 3910
502 185 602 237 ΠΡΟΣ
620 187 812 240 AAKPITON.
1096 183 1162 248 427

198 347 441 429 παραπλέουσαν,
472 348 523 410 καλ
551 343 772 428 Ἀπολλοδώρου
800 347 894 412 αύτού
921 358 974 411 τοῦ
1001 349 1165 430 φεύγοντος

199 445 270 507 νυνί
292 445 346 525 τὴν
370 447 457 525 δίκην
481 444 522 525 μὴ
545 440 621 506 εἶναι
644 439 728 508 οἶνον
747 445 837 532 ἐντῷ
855 447 958 532 πλοίῳ,
981 445 1053 508 ἀλλά
1070 446 1164 524 παρά-

198 549 305 622 γεσθαι
330 551 389 604 τῶν
415 542 448 605 ἐκ
473 543 634 616 Θεοδοσίας
660 541 719 604 τινλ
746 542 831 604 οἴνου
855 545 928 626 Κῷα
953 542 1077 623 κεράμια
1099 540 1166 622 περὶ

199 635 391 720 ὀγδοήκοντα.

242 736 356 810 Ἱππίας
379 731 569 816 Ἀθηνίππου
591 734 836 818 Ἁλικαρνασσεύς
861 742 1004 817 μαρτυρεῖ
1022 739 1166 815 συμπλεῖν

195 826 339 919 ’Ἰβλησίῳ
367 834 515 896 διοπεύων
542 833 597 913 τὴν
624 845 717 913 ναῦν,
744 832 794 896 καλ
819 833 865 895 ὅτε
888 830 1028 914 παρέπλει
1048 829 1068 912 ἡ
1091 841 1167 904 ναύς

200 927 242 1000 εἰς
268 930 430 992 Θεοδοσίαν
455 931 488 992 ἐκ
510 931 752 1010 Παντικαπαίου,
780 927 926 991 ἐνθέσθαι
945 923 1166 1010 Ἀπολλόδωρον

200 1025 243 1097 είς
269 1024 324 1104 τὴν
351 1035 429 1088 ναῦν
456 1026 544 1108 ἐρίων
572 1026 689 1110 ἀγγεῖον
708 1029 745 1090 ἓν
767 1025 788 1107 ἢ
810 1028 866 1089 δύο
888 1025 939 1088 καί
960 1027 1097 1108 ταρίχους
1119 1047 1167 1087 κε-

200 1122 291 1201 ράμια
318 1120 423 1184 ἕνδεκα
445 1121 466 1203 ἢ
490 1123 605 1185 δώδεκα
625 1123 676 1185 καλ
699 1116 816 1205 δέρματ’
841 1123 951 1205 αἴγεια,
978 1123 1034 1184 δύο
1058 1121 1166 1202 δέσμας

200 1216 221 1298 ἢ
243 1224 334 1299 τρεῖς,
356 1217 426 1282 άλλο
450 1213 479 1279 δ’
505 1218 602 1282 οὐδέν.

245 1315 328 1396 Πρὸς
368 1310 470 1377 τούσδ’
512 1315 742 1398 ἐξεμαρτύρησεν
780 1315 954 1396 Εὐφίλητος
994 1316 1166 1396 Δαμοτίμου

197 1406 383 1491 Ἀφιδναῖος·
414 1409 530 1487 Ἱππίας
563 1412 725 1494 Τιμοξένου
758 1414 962 1493 Θυμαιτάδης,
993 1413 1166 1493 Σώστρατος

203 1511 355 1572 Φιλίππου
373 1505 559 1589 Ἱστιαιόθεν,
578 1505 785 1592 Ἀρχενομίδης
808 1511 983 1592 Στράτωνος
1007 1512 1157 1593 Θριάσιος,
1166 1521 1218 1570 935

203 1606 364 1684 Φιλτιάδης
386 1605 585 1684 Κτησικλέους
607 1604 787 1672 Ξυπεταιών.

114 1732 142 1775 ιε
241 1714 289 1782 Ἡ
311 1712 372 1800 μέν
398 1715 549 1781 ἀναίδεια
576 1717 712 1802 τοιαύτη
736 1729 802 1784 τῶν
825 1717 1016 1802 ἀνθρώπων
1037 1718 1166 1783 τούτων

155 1823 254 1890 ἐστίν.
299 1821 393 1905 ύμείς
420 1818 451 1886 δ’
478 1817 504 1886 ὦ
532 1823 652 1906 ἄνδρες
680 1822 830 1888 δικασταὶ
858 1823 1062 1907 ἐνθυμεῖσθε
1084 1825 1167 1908 πρὸς

155 1929 241 2013 ὑμᾶς
268 1928 403 2009 αὐτούς,
432 1933 466 1993 εί
484 1950 577 2005 τινας
599 1925 723 1994 πώποτ’
750 1935 820 1994 ίστε
842 1929 863 2012 ἢ
886 1928 1048 2012 ἠκούσατε
1072 1923 1166 1994 οἶνον

151 2032 312 2118 Ἀθήναζε
339 2033 375 2099 έν
397 2041 458 2098 τοῦ
482 2036 617 2099 Πόντου
640 2028 710 2099 κατ’
737 2033 898 2119 ἐμπορίαν
920 2036 1166 2118 εἰσαγαγόντας,

155 2141 264 2217 άλλως
290 2163 324 2204 τε
352 2137 407 2205 καλ
430 2142 540 2226 Κῷον.
585 2148 651 2206 πᾶν
677 2142 741 2224 γὰρ
769 2142 877 2223 δήπου
899 2139 1098 2206 τούναντίον
1120 2143 1168 2218 εἰς

156 2248 216 2311 τὸν
235 2248 369 2311 Πόντον
391 2244 409 2311 ὁ
434 2241 526 2323 οἶνος
549 2247 714 2330 εἰσάγεται
736 2245 773 2312 ἐκ
792 2256 860 2310 τῶν
877 2248 989 2311 τόπων
1007 2256 1075 2311 τῶν
1091 2244 1168 2329 περὶ

156 2351 249 2436 ἡμᾶς,
273 2351 310 2417 ἐκ
327 2353 537 2434 Πεπαρήθου
559 2350 614 2418 καλ
633 2355 691 2416 Κῶ
709 2348 763 2416 καλ
784 2351 907 2429 Θάσιος
923 2348 979 2417 καλ
997 2353 1167 2429 Μενδαῖος

155 2455 211 2521 καλ
233 2455 267 2534 ἐξ
290 2458 401 2522 ἄλλων
422 2458 553 2521 πόλεων
575 2456 799 2531 παντοδαπός·
830 2455 866 2522 ἐκ
890 2453 926 2521 δὲ
948 2465 1009 2522 τοῦ
1031 2460 1167 2522 Πόντου

116 2577 143 2617 νο
157 2560 251 2646 έτερά
284 2560 373 2625 ἐστιν
405 2559 426 2626 δ
456 2559 622 2642 εἰσάγεται
649 2561 758 2645 δεῦρο.
804 2563 1016 2646 κατεχόμενοι
1043 2558 1073 2628 δ’
1103 2560 1163 2646 ὑφ’

156 2666 252 2751 ἡμῶν
273 2663 329 2731 καλ
352 2665 560 2751 ἐλεγχόμενοι
583 2671 617 2731 εί
631 2688 663 2731 τι
680 2665 886 2750 περιγένοιτο
904 2678 972 2732 τῶν
990 2669 1166 2753 χρημάτων

157 2771 194 2837 ἐν
211 2779 257 2861 τῷ
277 2774 408 2860 Πόντῳ,
432 2771 630 2855 ἀπεκρίνατο
648 2772 814 2855 Λάκριτος
832 2771 958 2854 οὑτοσί,
982 2773 1032 2837 ὅτι
1050 2772 1167 2840 ἑκατὸν

156 2885 314 2962 στατῆρες
328 2873 508 2960 Κυζικηνοὶ
525 2876 763 2962 περιγένοιντο,
780 2876 836 2944 καὶ
854 2888 952 2944 τοῦτο
970 2879 1009 2943 τδ
1026 2883 1166 2964 χρυσίον

157 2983 354 3060 δεδανεικὼς
372 2989 422 3066 εἴη
441 2981 586 3067 ἁδελφὸς
604 2983 709 3050 αὐτοῦ
726 2982 763 3050 έν
780 2993 826 3071 τῷ
841 2987 962 3072 Πόντῳ
980 2988 1173 3074 ναυκλήρῳ,

155 3087 222 3155 τινλ
248 3093 432 3174 Φασηλίτῃ,
459 3092 577 3174 πολίτη
605 3085 660 3155 καὶ
687 3089 860 3179 ἐπιτηδείῳ
884 3089 1019 3172 ἑαυτοῦ,
1047 3089 1103 3156 καλ
1125 3092 1166 3157 οὐ

156 3195 293 3262 δύναιτο
316 3197 531 3279 κομίσασθαι,
555 3194 639 3261 ἀλλὰ
661 3197 781 3280 σχεδόν
803 3220 834 3261 τι
853 3196 1025 3273 ἀπολωλὸς
1042 3203 1093 3280 είη
1111 3195 1167 3262 καλ

114 3319 141 3361 ετ
155 3310 262 3366 τοῦτο.
294 3296 386 3365 ταῦτ’
403 3293 495 3365 ἐστὶν
514 3299 535 3365 ά
553 3303 643 3385 ἔλεγε
657 3303 822 3387 Λάκριτος
840 3302 963 3369 οὑτοσί.
995 3303 1016 3385 ἡ
1036 3298 1074 3366 δὲ
1088 3318 1167 3384 συγ-

154 3407 267 3490 γραφὴ
293 3404 334 3471 ού
355 3414 463 3470 ταῦτα
482 3404 569 3488 λέγει
593 3402 619 3473 ὦ
642 3408 761 3490 ἄνδρες
785 3409 951 3492 δικασταί,
979 3405 1050 3472 ἀλλ’
1077 3405 1166 3471 άντι-

155 3509 420 3595 ῳορτισαμένονς
443 3511 582 3594 ἀπάγειν
605 3513 730 3577 κελεύει
751 3511 920 3596 Ἀθήναζε,
943 3511 985 3577 ού
1005 3512 1166 3589 δανείζειν
