2590 3900
374 179 458 232 Κατ’
476 181 792 234 Αειετονειτοαοε
810 181 841 234 A.
1046 175 1110 241 303

103 326 271 418 ὑμετέρων
298 342 492 422 βουλήσεων
520 338 590 423 ἐξῇ,
619 340 700 404 ὅταν
726 338 747 422 ἡ
769 335 831 424 μὲν
853 342 997 423 πονηρία
1018 346 1111 422 τιμᾶ-

101 456 169 520 ται,
192 442 232 504 τά
255 446 379 528 χρηστά
403 442 434 509 δ’
462 445 715 530 ἀπορρίπτηται,
740 445 820 510 ὅταν
842 445 880 509 τὸ
904 445 1034 508 δίκαιον
1057 441 1111 508 καί

101 543 137 606 τὸ
157 551 331 634 συμφέρον
349 551 482 634 ἡττᾶται
496 559 557 616 τοῦ
570 553 718 635 φθόνου,
736 547 802 616 τότ’
821 551 890 615 άνω
904 550 990 614 κάτω
1005 548 1111 614 πάντα

101 650 162 734 χρὴ
186 659 334 738 νομίζειν
357 656 553 742 ἐστράφδαι.

66 766 89 808 ⁷⁶
180 757 270 844 Ἤδη
302 765 420 828 τοίνυν
446 764 538 840 τινάς
566 758 659 828 εἶδον
685 773 752 828 τῶν
780 762 1046 847 ἀγωνιζομένων,
1078 763 1114 826 οἳ

101 872 169 940 τοῖς
196 867 387 953 πράγμασιν
415 867 528 944 αὐτοῖς
555 867 780 952 ἁλισκόμενοι,
811 866 866 933 καὶ
894 868 955 932 οὐκ
982 869 1111 951 ἔχοντες

102 965 145 1043 ὡς
168 971 231 1038 οὐκ
254 973 407 1038 ἀδικοῦσι
431 972 550 1056 δεῖξαι,
574 973 610 1038 οί
630 969 690 1056 μὲν
714 975 760 1050 είς
781 974 843 1056 τὴν
865 981 926 1038 τοῦ
948 976 1025 1057 βίου
1048 985 1163 1057 με-τεε

102 1078 255 1162 τριότητα
278 1077 334 1144 καὶ
353 1078 577 1163 σωφροσύνην
595 1078 794 1161 κατέφυγον,
819 1079 855 1143 οί
870 1075 901 1142 δ’
923 1080 970 1155 είς
987 1079 1027 1142 τά
1044 1089 1111 1143 τῶν

101 1189 278 1266 προγόνων
305 1188 385 1270 ἔργα
413 1183 468 1249 καὶ
496 1188 708 1269 λῃτουργίας,
737 1185 773 1250 οί
798 1181 828 1248 δ’
855 1187 902 1261 είς
929 1184 1023 1270 ἕτερα
1045 1207 1111 1250 τοι-

102 1295 197 1374 αῦτα,
227 1289 272 1356 δι’
300 1286 349 1356 ὧν
376 1291 423 1367 εἰς
446 1292 540 1355 ἔλεον
563 1287 617 1355 καὶ
641 1293 899 1374 φιλανθρωπίαν
920 1291 999 1366 τοὺς
1022 1290 1111 1355 δικά-

103 1394 216 1475 ζοντας
238 1398 374 1480 ἤγαγον.
409 1396 516 1484 τούτῳ
540 1393 570 1460 δ’
594 1393 705 1461 οὐδέν’
729 1395 795 1480 ὁρῶ
817 1405 885 1460 τῶν
907 1397 1018 1462 τόπων
1036 1396 1111 1461 τού-

101 1521 167 1565 των
190 1503 333 1588 βάσιμον
357 1503 477 1584 [όντα],
501 1501 584 1567 ἄλλά
607 1484 701 1566 πάντ’
725 1501 920 1586 ἀπόκρημνα
939 1501 1112 1586 φάραγγας

65 1620 89 1662 ιι
102 1606 266 1693 βάραθρα.
302 1610 338 1672 τί
358 1609 421 1693 γάρ
444 1607 488 1683 ὡς
511 1607 646 1690 άληθῶς
668 1605 750 1689 ἐρεῖς
775 1601 823 1671 ὧν
846 1605 989 1691 ὑπατηρ
1007 1630 1039 1671 τι
1056 1629 1111 1672 πε-

101 1715 216 1796 ποίηκε
242 1712 283 1795 νὴ
308 1715 384 1776 Δία.
431 1711 514 1776 ἀλλὰ
537 1709 762 1794 κατεγνώκαθ’
788 1710 883 1794 ὑμεῖς
905 1711 942 1776 ἐν
964 1710 1111 1777 τουτοισὶ

101 1830 169 1895 τοῖς
195 1821 417 1902 δικαστηρίοις
441 1817 545 1882 αὐτοῦ
566 1817 727 1899 θάνατον,
751 1817 796 1893 ὠς
818 1826 968 1902 πονηροῦ
992 1819 1111 1901 δηλον-

103 1924 152 1988 ότι
175 1923 230 1989 καὶ
254 1922 347 2001 ἀξίου
373 1922 541 1988 τεθνάναι.
579 1922 662 1987 άλλδι
684 1923 725 2005 νὴ
749 1925 829 2006 Δία,
852 1924 884 1988 εί
904 1919 994 1988 ταῦτ’
1021 1921 1112 1987 ἐστὶν

103 2029 191 2118 αὐτῷ
211 2031 354 2114 δυσχερῆ
373 2031 413 2093 τά
430 2026 506 2112 περὶ
523 2029 584 2094 τὸν
601 2025 736 2113 πατέρα,
755 2030 802 2104 είς
819 2029 879 2092 τὸν
898 2026 1017 2094 ἑαυτοῦ
1035 2030 1112 2111 βίον

13 2187 14 2228 3
102 2135 348 2220 καταφεύξεται,
368 2135 412 2210 ὡς
430 2135 590 2218 σώφρονα
607 2131 663 2198 καὶ
680 2131 824 2217 μέτριον.
858 2145 970 2212 ποίους
990 2132 1030 2198 ὃν
1045 2143 1112 2199 ποῦ

13 2243 14 2250 '
102 2245 274 2325 βεβίωκεν;
309 2240 349 2306 δν
380 2237 441 2323 μὲν
468 2243 531 2324 γάρ
560 2240 700 2316 ἅπαντες
726 2239 820 2324 ὑμεῖς
848 2237 1018 2324 ἑοράκατε,
1051 2239 1113 2305 οὐκ

13 2405 14 2434 ,
65 2364 89 2406 ιι
103 2351 172 2414 ἔστι
198 2355 357 2423 τοιοῦτος.
402 2344 471 2412 ἀλλ’
500 2341 526 2411 ὦ
554 2354 630 2428 τᾶν,
658 2346 706 2421 είς
732 2346 791 2422 τάς
813 2348 1010 2430 λῃτουργίας
1032 2345 1112 2411 ἀπο·

13 2445 14 2470 δ
101 2456 295 2538 χωρήσεται.
325 2453 384 2528 τὰς
402 2446 473 2517 πότ’
491 2450 511 2534 ἤ
531 2460 596 2516 ποῦ
614 2453 805 2532 γεγονυίας;
824 2451 882 2526 τάς
895 2460 956 2516 τοῦ
974 2456 1111 2535 πατρός;

102 2553 174 2624 ἀλλ’
201 2558 262 2623 οὐκ
290 2559 384 2623 είσίν.
430 2556 512 2621 ἀλλὰ
539 2556 597 2632 τὰς
625 2553 759 2634 ἕαυτοῦ;
792 2557 910 2641 φάσεις
937 2556 1113 2640 ἀπαγωγάς

13 2641 14 2672 ¹
102 2663 270 2746 ἐνδείξεις,
293 2661 368 2747 οὐχὶ
392 2663 589 2748 λητουργίας
608 2661 772 2745 εὑρησετε.
808 2663 891 2728 ἀλλὰ
909 2663 950 2746 νὴ
972 2664 1039 2726 Δία
1057 2660 1113 2728 καὶ

102 2769 203 2857 χωρὶς
216 2770 345 2835 τούτων
357 2778 529 2851 συγγενεῖς
542 2767 660 2833 πολλοὶ
674 2767 729 2833 καὶ
743 2766 839 2832 καλοὶ
853 2767 996 2850 κάγαθοί
1009 2790 1112 2854 παρα-

103 2878 238 2953 στάντες
262 2875 364 2940 αὑτὸν
387 2873 620 2957 ἐξαιτήσονται.
658 2871 729 2940 ἀλλ’
752 2871 821 2939 οὔτ’
844 2871 930 2938 είσὶν
953 2868 1023 2939 οὔτ’
1045 2874 1113 2958 ἐγέ-

13 2965 14 2998 λ
65 3001 89 3042 τι
103 3005 203 3048 νοντο
230 2982 374 3047 πώποτε·
401 2991 470 3057 πῶς
497 2980 560 3062 γὰρ
588 2987 632 3067 τῷ
656 3001 692 3061 γε
716 2974 792 3063 μηδ’
819 2978 998 3066 ἐλευθίρφς
1026 2982 1113 3064 πλὴν

103 3091 172 3153 ε”στι
195 3088 236 3171 νὴ
256 3085 315 3151 Δί’
337 3089 427 3152 ἔστιν
451 3085 595 3168 ἀδελφός
617 3107 667 3161 τις
685 3085 785 3172 αὐτῷ,
809 3085 827 3150 ὑ
845 3086 961 3170 παρὼν
979 3083 1033 3151 καὶ
1052 3088 1113 3170 τὴν

102 3195 208 3278 καλὴν
233 3194 331 3276 δίκην
354 3192 472 3276 λαχών.
520 3189 594 3273 περὶ
618 3185 659 3256 οὑ
681 3191 722 3255 τὰ
745 3187 805 3274 μὲν
828 3192 911 3255 άλλα
933 3194 968 3255 τί
989 3192 1040 3256 δεῖ
1062 3191 1112 3257 λί-

103 3325 188 3384 γειν;
228 3301 372 3384 ἀδελφὸς
404 3295 434 3364 δ’
467 3296 535 3364 ἐστὶ
567 3299 689 3363 τούτου
721 3296 921 3381 ὁμομήτριος
952 3293 1007 3360 καὶ
1035 3295 1112 3379 δμο-

13 3451 14 3484 ÷
102 3408 238 3492 πάτριος
260 3404 315 3489 καὶ
338 3407 420 3490 πρὸς
441 3415 512 3481 τοῖς
535 3405 647 3480 άλλοις
670 3413 783 3479 κακοῖς
802 3403 949 3486 δίδυμος.
986 3400 1111 3482 οὑτοσὶ,

101 3515 141 3578 τά
168 3510 229 3596 μὲν
256 3513 339 3577 ἄλλα
368 3521 494 3577 σιωπῶ·
527 3507 598 3574 ἀλλ’
625 3505 678 3592 ἐφ’
706 3501 756 3584 οἷς
782 3507 875 3592 ὑμεῖς
902 3507 963 3590 τὴν
990 3504 1112 3589 μιαρὰν
