2938 4180
503 175 586 230 κατ’
605 177 915 232 Αειευοκεετονε.
1145 177 1208 242 207

202 333 398 419 ἀντιλέγειν,
426 336 443 420 ή
467 347 575 414 κακῶς
598 340 667 422 ίδιήι
689 341 898 414 πεπονθότος
920 337 940 421 ή
965 347 1214 423 συκοφαντοῦν-

200 463 258 516 τος
285 436 386 524 εἶναι,
412 442 451 506 τὸ
479 440 524 523 δ’,
553 438 606 526 ἐφ’
633 435 684 518 οἷς
710 441 794 526 μέγα
816 441 937 529 πρᾶγμ’
964 439 1152 518 ἀλυσιτελες
1173 451 1213 528 πή

200 551 296 614 πόλει
317 545 574 631 κατεσκευάζεί,
598 548 850 631 ἐναντιοῦσθαι,
872 558 1017 635 χρηστοῦ
1039 546 1095 615 καὶ
1117 553 1213 634 φιλο-

199 654 338 730 πόλιδος
370 652 493 740 ἀνδρὸς
520 656 620 739 ἔργον
647 649 741 719 εἶναι.
789 655 845 720 διὰ
871 653 962 720 ταῦτ’
993 651 1043 720 ἐπ’
1074 654 1213 732 ἐκείνοις

201 756 304 824 οὐδέν
326 759 428 824 είπῶν
450 769 516 824 νῦν
538 759 630 842 λέγω.

142 883 185 924 εει
281 863 397 930 Ἔστιν
423 868 541 930 τοίνυν
566 888 616 942 τις
643 865 757 942 αὐτοῖς
782 875 934 943 τοιοῦτος
960 868 1073 950 λόγος,
1102 862 1146 932 δι’
1171 861 1213 934 οὗ

200 973 435 1056 προσδοκῶσιν
462 970 621 1055 παράξειν
648 971 749 1056 ὑμᾶς,
776 972 822 1048 ὡς
845 971 862 1037 ό
885 971 1137 1058 Κερσοβλέπτης
1158 970 1213 1038 καί

200 1077 393 1163 Χαρίδημος
421 1082 499 1152 ίσως
528 1073 653 1142 ἐναντί’
685 1079 847 1160 ἔπραττον
873 1085 913 1162 τή
940 1079 1033 1142 πόλει
1060 1075 1134 1142 τόθ’
1161 1075 1209 1142 ὅτ’

100 1253 103 1262 ,
199 1177 287 1266 ήσαν
309 1182 440 1267 ἐχθροί,
466 1191 530 1247 νῦν
554 1178 591 1247 δέ
614 1186 707 1266 φίλοι
729 1180 785 1247 καὶ
807 1187 989 1267 χρησίμους
1011 1181 1212 1267 παρέχουσιν

199 1288 330 1364 αὑτούς.
367 1289 410 1355 οὐ
434 1288 475 1372 δή
500 1289 554 1353 δεῖ
573 1299 801 1372 μνησικακεῖν·
825 1284 904 1354 οὐδὲ
925 1289 988 1374 γὰρ
1006 1291 1212 1374 Λακεδαιμο-

198 1396 294 1471 νίους
316 1395 364 1459 ὅτ’
387 1391 562 1480 ἐσῴζομεν,
585 1393 647 1459 οὐκ
670 1391 985 1478 ἀνεμιμνῃσκόμεθ’,
1008 1400 1042 1460 εί
1055 1417 1088 1460 τι
1105 1407 1213 1473 κακῶς

200 1500 360 1583 ἐποίησαν
382 1502 467 1585 ήμᾶς
486 1501 579 1576 ὄντες
598 1499 724 1584 ἐχθροί,
749 1496 828 1564 οὐδὲ
847 1501 1025 1583 Θηβαίους,
1049 1497 1123 1565 οὐδ’
1144 1502 1211 1566 Εὐ-

141 1626 184 1668 ιεε
199 1605 298 1690 βοέας
319 1608 359 1672 τὰ
381 1612 551 1672 τελευταῖα
574 1609 660 1670 νυνί.
698 1605 762 1688 ἐγὼ
786 1603 817 1670 δ’
843 1604 988 1690 ἡγοῦμαι
1009 1615 1130 1672 τοῦτον
1152 1608 1211 1673 τὸν

199 1715 312 1796 λόγον,
336 1714 367 1777 εί
386 1707 447 1796 μδν
465 1713 502 1777 ἐν
520 1733 587 1776 τινι
604 1719 720 1798 καιρςδ,
742 1714 903 1795 βοηθείας
920 1712 1147 1798 γεγραμμένης
1164 1720 1210 1800 τῷ

199 1817 434 1904 Κερσοβλέπτῃ
452 1815 508 1882 καί
525 1824 571 1904 τῷ
590 1817 783 1905 Χαριδήμῳ,
806 1819 1003 1883 κωλυόντων
1022 1816 1115 1901 ήμῶν
1133 1819 1211 1883 ταύ-

197 1948 276 2010 την,
304 1927 434 2008 ἔλεγον,
458 1923 570 2008 ὀρθῶς
593 1920 636 1988 δν
660 1920 830 2006 λέγεσθαι·
860 1925 892 1989 εἰ
913 1919 950 1989 δέ
972 1924 1127 1990 τοιούτου
1149 1923 1211 2010 μὲν

199 2031 342 2116 μηδενὸς
360 2031 457 2106 ὄντος
474 2025 558 2115 μηδὲ
576 2027 816 2114 γεγραμμένου,
840 2030 1038 2113 βουλόμενοι
1057 2026 1094 2096 δέ
1112 2033 1208 2115 μείζω

199 2138 272 2218 [τοῦ
293 2133 440 2218 δέοντος]
459 2143 596 2218 ποιήσαι
615 2135 670 2200 διὰ
688 2144 750 2200 τοῦ
763 2131 839 2216 παρ’
857 2133 951 2218 ὑμῶν
966 2135 1081 2200 ἄδειαν
1095 2140 1209 2220 λαβεῖν

197 2245 277 2318 τοὺς
299 2241 429 2307 ἐκείνου
451 2244 667 2325 στρατηγοὺς,
693 2240 817 2325 ἐροῦσι,
841 2240 935 2305 δεινδι
957 2251 1067 2305 ποιεῖν
1089 2241 1209 2318 αὐτοὺς

197 2347 351 2433 ἡγοῦμαι.
397 2347 438 2414 οὐ
465 2348 528 2431 γάρ
552 2346 621 2412 έστι
645 2347 776 2411 δίκαιον
798 2346 917 2428 ἄνδρες
937 2339 1109 2428 Ἀθηναῖοι
1130 2350 1210 2424 τοὺς

197 2465 266 2519 τῶν
284 2459 438 2536 σωθῆναι
457 2454 644 2536 ζητούντων
660 2455 781 2535 λόγους
793 2451 876 2536 πρὸς
890 2450 974 2535 ὑμᾶς
987 2450 1107 2534 λέγειν,
1125 2449 1208 2537 ὑπὲρ

143 2578 183 2619 ωε
196 2571 266 2625 τῶν
291 2561 379 2636 ὅπως
403 2559 529 2624 ἀδικεῖν
552 2557 665 2633 αὑτοῖς
688 2556 812 2635 ἐξέσται
835 2562 1055 2652 πραττόντων.
1099 2558 1260 2644 χωρδςσθῖ

199 2661 236 2732 δὲ
257 2667 402 2747 τούτων,
431 2666 462 2730 εί
482 2661 543 2749 μὲν
567 2664 687 2750 ἐχθρὸς
710 2665 758 2729 ῶν
781 2676 886 2741 κακῶς
909 2664 1027 2747 ἐποίει,
1052 2669 1149 2748 φίλος
1172 2664 1209 2733 δέ
1260 2697 1266 2706 ·

197 2771 308 2855 φήσας
335 2766 421 2836 εἶναι
447 2769 678 2855 μετεβέβλητο,
706 2767 777 2854 τάχ’
804 2768 847 2836 δν
872 2772 976 2838 ταῦτά
1002 2795 1051 2848 τις
1074 2769 1207 2856 ήκουεν·

198 2877 311 2962 ἐπειδή
344 2874 375 2942 δ’
406 2875 448 2942 οὐ
475 2870 599 2942 τοιοῦτ’
630 2875 734 2959 ἐστίν,
767 2873 839 2942 ἀλλ’
870 2877 903 2956 έζ
931 2871 972 2942 οὗ
1000 2881 1097 2962 φίλος
1124 2877 1208 2945 εἶναι

196 2993 436 3067 προσποιεῖται,
455 2984 491 3049 έκ
508 2983 631 3048 τούτου
648 2987 783 3048 πλεῖστα
801 2980 856 3048 καί
872 2982 981 3066 [ὑμᾶς]
997 2983 1207 3070 ἐξηπάτηκεν,

195 3091 228 3155 εί
258 3090 303 3173 μή
330 3086 386 3154 καί
414 3086 458 3155 δι’
489 3088 598 3154 ἐκεῖνα
625 3099 750 3173 μισεῖν,
783 3089 839 3154 διδ
865 3089 968 3155 ταῦτοί
995 3086 1026 3171 γ’
1057 3089 1207 3156 ἀπιστεῖν

196 3194 306 3278 δήπου
328 3198 495 3280 προσήκει.
530 3191 586 3260 καὶ
609 3195 675 3279 μὴν
697 3193 773 3282 περί
794 3204 856 3260 τοῦ
873 3217 911 3278 γε
929 3197 973 3281 μή
992 3209 1207 3280 μνησικακεῖν

195 3296 293 3385 ἔγωγ’
316 3301 381 3365 ὡδί
396 3325 465 3378 πως
484 3300 584 3384 λέγω·
604 3300 623 3367 δ
641 3298 702 3385 μὲν
720 3301 831 3367 εἵνεκα
847 3311 909 3368 τοῦ
926 3327 958 3368 τι
976 3304 1078 3368 κακὸν
1097 3314 1205 3369 ποιεῖν

193 3408 235 3472 τὰ
257 3404 381 3474 τοιαῦτ’
405 3407 559 3487 ἐξετάζων
583 3418 787 3491 μνησικακεῖ,
811 3407 830 3474 δ
849 3405 878 3474 δ’
901 3406 985 3493 ὑπὲρ
1002 3419 1063 3474 τοῦ
1082 3409 1125 3493 μή
1145 3431 1205 3472 πα-

193 3517 273 3578 θεῖν
297 3511 380 3578 δλλδ
402 3513 615 3596 φυλάξασθαι
637 3524 770 3578 σκοπῶν
787 3524 968 3600 σωφρονεῖ.
