2644 4182
580 1067 650 1134 XX

102 1209 239 1282 ΠΕΡΙ
256 1208 363 1283 ΤΗΣ
381 1206 651 1282 ΑΤΕΛΕΙΑΣ
667 1205 808 1284 ΠΡΟΣ
827 1207 1120 1283 ΛΕΠΊῚΝΗΝ.

514 1395 716 1450 ΤΠΟΘΕΣΙΣ.

196 1512 239 1580 Ἦ
250 1525 311 1578 τῶν
327 1511 499 1596 Ἀθηναίων
516 1513 600 1587 πόλις
618 1512 717 1588 ἀλλοις
735 1509 761 1577 τ’
782 1513 865 1594 ἐτίμα
882 1515 952 1590 τούς
971 1514 1121 1599 εὐεργέτας

105 1612 160 1675 καί
187 1610 299 1697 ἀτελείᾳ
323 1617 519 1694 λειτουργιῶν.
564 1615 680 1672 πολλῶν
703 1602 759 1674 ούν
783 1611 994 1694 λαμβανόντων
1016 1612 1122 1695 αύτήν,

106 1710 218 1782 σπάνις
245 1708 340 1772 ἐδόκει
366 1718 426 1770 τῶν
453 1706 719 1790 λειτουργησύντων
746 1701 830 1770 είναι.
876 1707 926 1770 διδι
952 1717 1039 1772 τούτο
1061 1714 1121 1771 Λε·
1151 1700 1160 1710 ”
1320 1768 1322 1783 1

107 1807 217 1885 πτίνης
235 1805 329 1886 νόμον
347 1804 515 1888 εἰσήνεγκεν
533 1798 610 1866 είναι
627 1799 731 1884 μηδέν’
753 1803 849 1886 ἀτελή,
871 1802 946 1885 μηδέ
963 1805 996 1867 τό
1016 1805 1121 1869 λοιπόν
1200 1817 1202 1822 ’

108 1903 178 1978 ἐξὸν
201 1895 277 1964 εἶναι
300 1908 338 1989 τῷ
363 1902 447 1988 δήμῳ
471 1903 588 1980 δούναι,
609 1899 661 1962 τὸν
684 1895 712 1961 δ’
732 1898 863 1963 ἀτέλειαν
885 1902 1045 1982 αίτήσαντα
1064 1903 1120 1966 πύ-

110 2019 190 2080 σχειν
213 1999 248 2060 τὰ
266 1997 378 2081 ἐσχατα.
413 2007 519 2062 τούτον
537 1997 705 2081 ἐγράψαντο
724 1996 776 2060 τὸν
793 1996 888 2078 νόμον
905 1996 1047 2082 πρότερον
1066 1996 1121 2079 μὲν

111 2096 208 2186 ἀλλοι,
231 2091 300 2176 μεθ’
325 2089 369 2159 ὧν
390 2094 442 2158 καλ
463 2096 640 2174 Βοίθιππος,
660 2093 711 2156 καλ
734 2092 790 2157 ούκ
812 2094 988 2175 ἐπεξῆλθεν,
1009 2092 1030 2176 ή
1051 2095 1121 2178 χρή-

113 2217 188 2275 ματα
210 2191 309 2274 λαβὼν
331 2189 352 2273 ή
376 2191 453 2279 νόσῳ
475 2191 650 2273 περιπεσών,
672 2201 731 2254 νύν
754 2189 785 2253 δέ
810 2193 951 2274 Φορμίων
973 2192 1023 2255 καλ
1041 2193 1120 2273 Κτή-

113 2308 219 2364 σιππος
239 2286 254 2351 δ
273 2290 409 2370 Χαβρίου
426 2295 498 2363 παῖς
515 2288 566 2351 καλ
583 2285 659 2362 τινές
679 2283 739 2368 μετ’
761 2288 869 2368 αύτῶν,
892 2283 938 2363 οίς
955 2290 1121 2372 συνήγορος

89 2385 312 2468 εΔημοσθένης
334 2388 454 2469 γίνεται.
490 2384 506 2449 ὁ
530 2383 584 2466 μὲν
606 2377 663 2448 ούν
680 2386 832 2465 Λεπτίνης
854 2385 943 2450 πλέον
967 2387 1058 2468 ἰσχύει
1079 2392 1120 2474 τῷ

116 2483 307 2566 συμφέροντι,
333 2483 389 2564 τήν
410 2483 466 2567 γὰρ
489 2485 588 2566 χρείαν
610 2485 791 2563 προίσχεται,
818 2479 834 2544 δ
858 2480 890 2546 δέ
913 2481 1171 2564 Δημοσθένηςςω

116 2589 153 2668 τῷ
180 2576 206 2644 τ’
231 2580 341 2668 ἐνδόξῳ
368 2579 417 2643 καλ
439 2587 479 2668 τῷ
504 2581 622 2666 δικαίη),
648 2586 689 2666 τῷ
713 2580 817 2666 δικαίη)
841 2577 910 2660 μέν,
937 2579 982 2643 ὅτι
1004 2580 1119 2643 δίκαιόν

117 2679 174 2740 ἐστι
188 2678 258 2752 τούς
277 2669 311 2740 εδ
329 2677 510 2757 ποιήσαντας
529 2672 593 2739 ἀντ’
608 2668 642 2739 εύ
661 2675 855 2756 πεπονθέναι,
873 2676 923 2739 καλ
936 2676 1005 2750 τοὺς
1019 2673 1120 2758 ὀρθῶς

119 2772 323 2854 ἀναλαβόντας
345 2783 404 2836 τῶν
427 2773 579 2836 δοθέντων
602 2772 642 2854 μὴ
666 2772 869 2855 ἀφαιρεῖσθαι,
891 2780 931 2861 τῷ
951 2768 980 2835 δ’
1000 2772 1121 2860 ἐνδόξῳ,

119 2870 187 2931 διότι
208 2869 280 2951 τύχα
302 2865 357 2949 μέν
376 2869 427 2932 καλ
444 2867 543 2944 ἀλλοις
561 2869 681 2951 αἰσχρὸν
699 2869 719 2932 ἀ
737 2871 899 2932 δεδώκασιν
917 2869 1120 2954 ἀφαιρεῖσθαι,

118 2965 284 3048 Ἀθηναίοις
310 2960 339 3028 δ’
363 2965 418 3048 οάχ
445 2966 565 3046 ήκιστα,
591 2961 636 3041 οίς
664 2961 727 3029 ἀντ’
752 2965 841 3030 ἀλλον
863 2969 1065 3050 γνωρίσματος
1086 2967 1119 3030 τό

15 3063 16 3068 ¹
122 3064 319 3149 μεγαλόψυχον
341 3068 493 3144 προσεῖναι
516 3064 605 3126 δοκεῖ.
639 3063 816 3126 ἐπιδεικνύει
839 3059 867 3126 δ’
888 3064 933 3128 ὅτι
954 3063 1005 3126 καλ
1026 3086 1119 3145 παρα-

17 3205 19 3236 ,
122 3164 210 3245 νόμως
232 3160 381 3242 εἰσήνεγκε
402 3159 455 3223 τὸν
477 3160 585 3241 νόμον·
608 3159 682 3242 λέγει
703 3160 758 3244 γὰρ
781 3161 875 3241 νόμον
896 3161 949 3224 τόν
971 3156 1118 3224 κελεύοντ’

124 3259 244 3342 ἀναιρεῖν
262 3267 380 3340 πρῶτον
398 3256 450 3320 τὸν
468 3257 604 3320 ἐναντίον
622 3258 726 3338 νόμον,
748 3256 798 3319 καλ
816 3252 875 3319 τότ’
895 3256 987 3320 αὐτὸν
1004 3257 1121 3321 τιθέναι

125 3357 222 3437 νόμον,
243 3356 294 3418 ἵνα
317 3353 357 3435 μή
381 3352 516 3433 ἀλλήλοις
538 3353 668 3416 ἐναντίοι
689 3353 776 3434 νόμοι
798 3353 998 3435 εύρίσκωνται.

547 3526 682 3578 ΑΛΛΩΣ.

199 3634 321 3718 Ὁπρός
338 3636 493 3715 Λεπτίνην
511 3634 595 3718 λόγος
613 3634 781 3718 ἐπιγραφήν
799 3633 856 3717 ἔχει
873 3636 1024 3717 τοιαύτην,
1043 3636 1120 3700 ἐπει-

130 3733 207 3816 δήπερ
227 3733 427 3816 παρελθόντος
449 3741 503 3794 τού
525 3731 643 3813 χρόνου,
667 3731 701 3794 ἐν
723 3721 747 3820 ᾧ
771 3732 944 3807 ὑπεύθυνος
965 3726 1005 3814 ήν
1027 3735 1118 3811 κρίσει

174 3845 290 3884 Ducum.
312 3841 402 3883 ΜΠ.
945 3841 956 3886 1
