2614 3904
494 219 577 272 m·
596 221 748 274 ιοοεοω
765 223 796 274 Β.
1087 219 1153 286 339

143 399 222 443 πται
244 379 304 461 τήν
329 378 458 462 οὐσίαν,
483 378 566 445 ἀλλά
587 390 725 465 χορηγεῖ
744 378 798 446 καί
817 392 1007 466 τριηραρχεῖ
1023 380 1078 446 καί
1096 383 1154 459 τὰς

27 522 29 532 ·
144 485 246 560 άλλας
273 487 471 569 λῃτουργίας
498 490 676 571 λῃτουργεῖ
699 483 754 551 καί
780 483 881 552 οὐδὲν
904 497 970 552 τῶν
993 487 1155 553 τοιούτων

2 591 33 679 ι),
145 589 303 656 δέδοικεν.
349 587 447 655 ἔπειτ’
475 591 574 667 αὐτὸς
599 591 617 658 6
640 592 747 677 πατήρ
770 595 831 675 τήν
853 586 882 657 τ’
908 593 1011 676 ἀλλην
1035 592 1154 657 οὐσίαν

144 694 200 762 καί
220 695 358 781 τέτταρα
380 696 524 760 τάλαντα
547 694 602 762 καί
624 700 806 783 τρισχιλίας
824 699 970 782 φανερὰς
989 697 1155 782 ἐποίησεν,

145 801 184 879 ἀς
216 796 309 868 οὗτοι
336 804 510 886 γραφήυαί
533 799 561 866 τ’
594 801 630 868 ἐν
658 815 728 880 ταῖς
756 804 932 886 διαθήκαις
958 802 1013 869 καί
1041 807 1156 888 λαβεῖν

117 918 233 991 ισφᾶς
260 908 382 984 αύτούς
408 905 481 973 κατ’
509 907 661 991 ἀλλήλων
684 918 1001 993 καταμαρτυροῦσιν.
1047 911 1094 974 ἔτι
1119 906 1156 974 δέ

145 1012 200 1079 καὶ
227 1014 325 1091 αὐτὸς
347 1013 495 1098 ’Ἁφοβος
522 1016 602 1099 μετὰ
629 1025 696 1080 τῶν
723 1018 973 1100 συνεπιτρόπων
999 1024 1039 1100 τή
1062 1017 1156 1081 πόλει

144 1121 182 1185 τὸ
219 1124 349 1203 πλῆθος
383 1131 450 1186 τῶν
481 1121 772 1206 καταλειφθέντων
804 1122 980 1206 χρημάτων
1012 1116 1157 1205 ἐμφανές

146 1225 315 1310 ἐποίησεν,
360 1225 507 1310 ἡγεμόνα
550 1250 590 1311 με
630 1236 688 1311 τῆς
729 1231 912 1312 συμμορίας
952 1229 1156 1311 καταστήσας

146 1332 208 1397 ούκ
244 1329 297 1398 έπί
333 1343 462 1417 μικροῖς
497 1336 694 1418 τιμήμασιν,
730 1327 801 1399 ἀλλ’
841 1330 896 1398 ἐπὶ
931 1333 1146 1416 τηλικούτοις,
1157 1345 1207 1396 837

1 1483 2 1488 1
146 1439 229 1502 ὥστε
267 1439 350 1502 κατά
384 1439 443 1514 τάς
474 1436 570 1503 πέντε
602 1435 657 1504 καί
689 1444 794 1504 εἰκοσι
826 1447 909 1523 μνᾶς
941 1442 1157 1515 πεντακοσίας

146 1541 321 1628 εἰσφέρειν.
367 1547 474 1610 καίτοι
502 1545 630 1610 τούτων
653 1550 687 1611 εἰ
705 1569 737 1609 τι
759 1539 802 1626 ήν
825 1543 963 1628 ἀληθές,
992 1541 1092 1610 οὐδέν
1115 1541 1157 1609 δν

1 1654 15 1732 1ξ
147 1650 258 1715 αὐτῶν
288 1649 458 1734 ἐποίησεν,
491 1649 574 1715 ἀλλὰ
601 1647 696 1715 πάντ’
728 1648 769 1714 άν
797 1649 983 1734 ηὐλαβήθη.
1028 1658 1092 1714 νῦν
1120 1644 1157 1715 66

145 1754 201 1821 καί
223 1756 425 1841 Δημοχάρης
452 1753 508 1821 καί
531 1755 549 1822 6
574 1757 681 1841 πατήρ
704 1753 759 1822 καί
783 1754 878 1821 αὐτοὶ
901 1749 994 1834 οὗτοι
1017 1760 1156 1839 φαίνου-

145 1885 199 1928 ται
227 1863 356 1948 φανερά
381 1871 570 1945 ποιοῦντες,
597 1860 652 1928 καί
676 1860 798 1926 οὐδένα
820 1871 974 1927 τοιοῦτον
996 1863 1157 1937 κίνδυνον

147 1970 300 2044 δεδιότες.

119 2094 132 2134 ι
237 2074 380 2138 Πάντων
398 2069 429 2139 δ’
450 2073 661 2138 ἀτοπώτατόν
679 2071 759 2156 ἐστι,
778 2071 934 2156 λέγοντας
951 2073 995 2149 ὡς
1013 2073 1032 2139 δ
1050 2073 1157 2157 πατήρ

148 2179 209 2244 οὐκ
235 2184 285 2244 εἰα
308 2186 457 2263 μισθοῦν
479 2181 538 2244 τὸν
562 2175 671 2263 οἰκον,
698 2180 759 2263 τήν
782 2175 842 2263 μέν
866 2180 1032 2262 διαθήκην
1055 2178 1157 2262 μηδα-

147 2293 213 2368 μοῦ
244 2284 368 2368 ταύτην
401 2283 616 2368 ἀποφαίνειν,
650 2283 683 2362 ἐξ
711 2279 750 2368 ής
777 2280 819 2368 ήν
847 2283 970 2350 εἰδέναι
997 2283 1156 2370 τάκριβές,

147 2390 346 2473 τηλικαύτην
365 2384 397 2455 δ’
414 2389 592 2467 ἀνελόντας
610 2394 795 2476 μαρτυρίαν
814 2390 919 2466 οὕτως
938 2396 1069 2456 οῖεσθαι
1085 2391 1157 2455 δεῖν

148 2497 218 2580 εἰκῇ
246 2496 461 2560 πιστεύεσθαι
488 2493 565 2581 παρ’
591 2496 681 2580 ὑμῖν.
726 2493 797 2560 ἀλλ’
824 2495 939 2581 ἐχρῆν,
967 2496 1079 2579 ἐπειδή
1102 2497 1158 2560 τά·

90 2582 96 2595 ’
147 2599 230 2688 χιστ’
263 2601 473 2686 ἐτελεύτησεν
505 2602 524 2668 6
554 2604 678 2687 πατήρ,
710 2600 960 2679 εἰσκαλέσαντας
991 2603 1159 2687 μάρτυρας

147 2709 293 2784 πολλοὺς
319 2709 623 2792 παρασημήνασθαι
650 2713 803 2773 κελεῦσαι
824 2708 882 2784 τάς
906 2709 1083 2791 διαθήκας,
1111 2702 1155 2771 ἵν’

148 2819 182 2879 εἰ
210 2837 242 2878 τι
270 2812 408 2896 ἐγίγνετ’
440 2813 745 2898 ἀμφισβητήσιμον,
777 2809 819 2896 ήν
847 2816 894 2890 εἰς
920 2815 960 2878 τά
986 2814 1159 2898 γράμματα

148 2917 240 2984 ταῦτ’
273 2919 470 2985 ἐπανελθεῖν
501 2917 557 2985 καί
588 2920 650 3003 τήν
683 2918 845 3003 ἀλήθειαν
876 2919 1010 2984 πάντων
1040 2918 1158 3003 εὑρεῖν.

120 3034 213 3092 τνῦν
245 3021 275 3090 δ’
307 3023 401 3111 ἕτερα
433 3022 494 3111 μέν
523 3028 827 3110 παρασημήνασθαι
854 3024 1013 3107 ήξίωσαν,
1046 3023 1082 3088 ἐν
1110 3015 1160 3100 οἷς

149 3132 254 3196 πολλά
286 3142 353 3196 τῶν
382 3131 669 3214 καταλειπομένων
696 3130 758 3196 ούκ
785 3128 981 3215 ἐγέγραπτο,
1013 3128 1160 3213 ὑπομνή-

148 3225 234 3324 ματα
259 3234 289 3302 δ’
316 3232 372 3320 ήν·
403 3237 507 3320 αὐτήν
531 3233 568 3302 δέ
589 3237 651 3320 τήν
675 3238 852 3319 διαθήκην,
877 3233 920 3301 δι’
947 3231 986 3319 ής
1008 3232 1063 3299 καὶ
1085 3235 1160 3299 τού-

149 3367 216 3410 των
235 3337 282 3409 ὦυ
297 3341 503 3428 ἐσημήναντο
518 3341 718 3428 γραμμάτων
732 3338 788 3406 καί
800 3352 867 3406 τῶν
882 3342 991 3405 ἀλλων
1006 3339 1161 3405 ἁπάντων
1260 3398 1262 3402 .

148 3449 324 3535 χρημάτων
352 3447 524 3532 ἐγίγνοντο
548 3448 672 3532 κύριοι,
700 3445 839 3513 καὶτοῦ
862 3447 905 3529 μή
930 3452 1078 3529 μισθοῦν
1100 3448 1159 3510 τὸυ

150 3551 246 3620 οἶκον
258 3563 315 3637 τής
330 3556 435 3631 αἰτίας
449 3551 660 3636 ἀπελέλυντο,
680 3553 804 3634 ταύτην
819 3548 848 3616 δ’
868 3551 929 3616 οὐκ
943 3549 1157 3633 ἐσημήναντο.

946 3654 1000 3704 22*
