2596 3898
155 129 253 183 cxxii
299 129 585 184 COMMENTARIUS
605 129 765 185 ORITIGUS
783 131 849 201 (XL,
869 130 1081 200 moen-m).

226 344 282 396 κο.
312 345 409 396 ΠΡΟΣ
428 345 591 396 nomnen
609 347 695 395 nem
714 344 876 396 monzon
887 333 1090 418 ,mammen

224 447 326 518 (Unoos
348 447 545 503 Demosthenis
567 448 675 502 nomini
698 445 804 504 addidi.
840 446 948 516 Nempe
970 447 1041 502 haec
1063 447 1163 515 oratio,

154 533 226 584 quae
244 521 322 572 oeret
340 517 542 588 compositione
561 519 789 586 Demosthenioe‚
811 521 927 588 propter
948 518 1076 587 priorem.
1089 517 1166 572 inter

153 597 384 652 Demosthenieas
407 598 498 652 relata·
521 601 576 666 est,
600 597 674 652 siout
696 597 747 651 illa
768 600 884 667 propter
906 596 979 652 hene
1001 598 1068 652 olim
1089 597 1166 652 inter

152 675 346 748 Dineroheen)
885 725 886 731 ,

225 759 426 814 ΤΠΟΘΕΣΙΣ.
457 765 502 824 §1
519 757 608 828 (παρὰ
625 766 675 812 τοῦ
694 759 780 812 αιίτοό
795 757 892 812 wolfi:
910 758 975 827 περὶ
992 765 1042 812 τοῦ
1056 759 1166 828 αὐτοῦ.)

155 867 187 876 -
207 843 222 888 2
242 835 311 906 μετὰ
329 845 417 891 ταῦτα
437 837 503 892 Set
524 855 551 893 v.
571 839 636 890 ante
654 837 700 891 It:
725 835 794 905 μετὰ
818 834 849 890 δὲ
870 844 959 890 ταῦτα
977 837 1042 892 BR.
1055 837 1109 893 Dd.
1129 869 1162 878 -

154 932 193 972 or.
208 922 223 982 ξ
238 917 256 972 2
270 912 463 986 (ἐξελήλασμαι
478 917 504 973 S.
519 917 567 988 al.)
581 949 614 958 —
628 912 778 988 (ἐτρόφην]
788 911 920 985 Ιίγοοὶφην
935 915 1003 986 SA.)
1018 947 1049 957 -
1068 917 1165 970 δτοό-

148 996 214 1049 Ιτοιν
232 995 268 1048 A:
292 995 406 1052 τοότων.
427 1027 457 1034 -
478 993 604 1067 Satisne]
628 997 698 1050 δεκα
717 995 755 1064 S.)
776 1027 806 1034 ψ
830 996 896 1063 post
918 996 990 1064 ὑμᾶς
1013 995 1077 1050 add.
1097 997 1164 1068 βοη-

153 1075 226 1136 eoos
244 1075 270 1129 S.
303 1076 366 1129 Non
384 1074 500 1129 additur
518 1082 532 1140 ξ
548 1081 579 1128 18
599 1073 743 1144 (Seheef.);
763 1091 817 1128 om.
831 1073 883 1127 Dd.
903 1104 935 1115 -
955 1074 974 1128 4
992 1074 1074 1129 δεινόν
1088 1077 1165 1130 δοκῶ

153 1171 191 1206 v.:
216 1155 290 1208 δοκῶ
309 1154 391 1210 δεινδι
409 1155 435 1208 S.
455 1188 489 1195 —
510 1154 573 1225 (γάρ
597 1154 656 1225 μοι]
680 1174 727 1222 μοι
750 1153 803 1222 γὰρ
827 1169 889 1206 cum
907 1153 958 1218 FQ
976 1171 1018 1223 pr.
1037 1154 1067 1223 S,
1093 1171 1164 1209 corn.

154 1233 227 1302 ead.)
248 1265 279 1273 -
303 1235 321 1288 5
344 1234 394 1288 διὰ
415 1233 504 1289 πολλὰ
523 1251 577 1289 om.
595 1233 632 1300 A,
655 1232 685 1285 in
707 1253 740 1302 γρ
763 1231 870 1286 hebent
890 1230 950 1296 FQ.
986 1233 1075 1287 Verus
1098 1235 1165 1290 fort.

154 1311 232 1365 loeus
255 1316 321 1367 ente
344 1316 467 1376 δικαίως.
492 1347 524 1356 -
549 1315 670 1386 ἀκριβῶς
693 1329 745 1366 om.
766 1311 824 1377 FQ.
845 1343 877 1352 -
901 1312 1001 1367 τούτου
1023 1311 1053 1366 in
1073 1330 1164 1384 marg.

155 1409 172 1444 e
185 1409 221 1446 m.
235 1411 276 1462 pr.
292 1395 318 1449 S.
335 1427 366 1435 -
382 1397 443 1466 (οὐκ
458 1398 524 1448 ante
539 1397 627 1456 αίτιος
645 1393 709 1447 add.
730 1393 748 1446 S
762 1411 803 1461 pr.
814 1409 877 1446 oum
892 1392 991 1446 ceteris
1006 1393 1095 1459 codd,
1113 1393 1164 1461 qui

154 1471 289 1526 omittunt
301 1472 377 1527 idem
391 1477 457 1528 ante
472 1469 545 1543 ἐγὼ.)
555 1503 588 1514 -·
598 1473 616 1526 6
626 1470 784 1542 γενομένων
799 1469 827 1525 δ’
843 1472 926 1542 αὐτῷ
942 1471 968 1525 S.
982 1472 1057 1526 Fert.
1068 1473 1167 1534 αὐτοῖς

154 1553 187 1604 ut
201 1557 224 1605 7.
241 1583 273 1593 -
287 1551 425 1622 (Κλέωνος
439 1555 504 1622 post
517 1547 580 1614 ἑνός
593 1567 648 1628 om.
663 1551 701 1619 S.)
715 1583 743 1590 —
766 1552 783 1604 8
803 1545 966 1618 ἐπλησίαζεν
980 1550 1017 1604 A:
1033 1545 1162 1619 ἐπλησία-

155 1649 211 1686 σεν.
240 1631 279 1686 ef.
295 1639 338 1688 27.
354 1663 386 1674 -
401 1633 419 1684 9
432 1631 531 1685 malim
545 1634 643 1700 διῆγον
657 1632 698 1693 ὡς
712 1631 763 1684 οόκ
779 1628 864 1697 ὄντες,
879 1628 1019 1697 of.Peley.
1034 1659 1067 1672 -
1082 1625 1166 1694 οὗτος

155 1709 214 1774 SQ:
239 1712 340 1764 οὑτοσὶ.
367 1743 397 1751 -
421 1709 499 1782 (μεθ’
525 1712 623 1780 αὑτοῦ]
647 1717 784 1779 μεταυτοῦ
808 1708 845 1777 S.)
869 1739 903 1748 --
927 1729 980 1778 μον
1003 1724 1057 1766 om.
1075 1709 1107 1763 A.
1129 1742 1162 1752 —

154 1788 194 1843 lo
211 1787 337 1844 συνόδων
355 1790 392 1843 A:
412 1788 538 1845 συνόδων
553 1788 593 1843 δὲ.
617 1787 730 1842 Mutevi
749 1787 832 1840 simul
849 1786 1102 1854 interpunctionem
1115 1791 1162 1860 (cf.

154 1867 262 1938 Paley);
282 1871 343 1922 eret
361 1868 436 1922 enim
452 1868 538 1937 plene
555 1871 620 1937 post
639 1865 757 1923 ἐκείνου.
779 1899 810 1906 --
834 1865 960 1938 (πόλεως]
985 1871 1125 1932 πολιτείας
1144 1871 1165 1925 S

155 1949 184 2000 et
201 1968 234 2016 γρ
253 1947 325 2018 FQ.)
345 1980 374 1986 —
400 1949 434 2002 11
460 1948 508 2001 διὰ
531 1949 582 2017 τὴν
605 1947 758 2016 πρόκλησιν
782 1945 841 2001 sine
865 1941 966 2001 ἑαυτοῦ
984 1947 1017 2002 Α.
1039 1979 1069 1986 -
1091 1944 1164 2016 (ἕνέ-

155 2028 259 2098 γοαψε]
280 2025 402 2096 ἔγραφεν
417 2027 455 2096 S.)
475 2059 506 2068 -
527 2028 564 2082 12
585 2025 683 2082 ἔπειθε
698 2044 762 2081 sen:
784 2024 884 2080 ἔπεισε.
907 2025 1036 2081 meime
1050 2028 1164 2083 demum

156 2104 295 2159 sententia
316 2107 447 2159 narretur
468 2122 634 2182 persuasum
660 2106 714 2160 hoo
741 2103 831 2158 aeteri
857 2119 887 2158 re
914 2120 981 2158 vere
1009 2105 1107 2164 fuisse.
1132 2141 1162 2150 -

150 2185 192 2238 *14
208 2186 273 2246 τοὺς
285 2188 390 2248 παῖδας
402 2187 467 2249 τοὺς
481 2185 630 2250 διακόνους
643 2194 692 2240 τοῦ
701 2205 731 2239 π.
743 2185 803 2238 SA:
816 2186 881 2246 τοδς
894 2183 1045 2248 διακόνους
1058 2191 1165 2252 παῖδας

154 2266 219 2328 τοὺς
232 2285 255 2319 τ.
265 2285 294 2319 τι.
305 2263 367 2330 FQ,
383 2285 406 2318 τ.
416 2285 444 2320 τι.
455 2285 478 2319 τ.
493 2268 518 2319 δ.
533 2267 597 2329 τοὺς
610 2274 659 2320 τοῦ
669 2285 698 2320 π.
708 2265 760 2319 Bk.
773 2264 823 2317 Dd.
846 2265 918 2327 Τοδις
926 2267 1032 2327 παῖδας
1040 2268 1104 2328 τοὺς
1113 2277 1164 2322 τοῦ

154 2345 259 2414 πατρὸς
271 2343 365 2412 Dobr,
385 2345 460 2413 quod
477 2348 591 2414 propter
610 2344 826 2413 ambiguitatem
839 2343 935 2397 durius
950 2343 1068 2401 videtur.
1087 2347 1164 2404 Fert.

154 2428 219 2486 τοὺς
238 2422 388 2486 διακόνους
405 2426 471 2486 τοὺς
487 2445 510 2478 τ.
529 2443 557 2477 π.
578 2456 610 2466 -
634 2425 671 2478 15
689 2423 767 2493 ἡμῶν
786 2422 936 2494 φαίνηται]
957 2444 988 2493 φ.
1007 2423 1085 2493 ἡμῶν
1102 2425 1163 2492 FQ.

154 2502 312 2558 Deloverim
330 2502 421 2572 ἡμῶν,
441 2503 476 2559 of.
495 2520 600 2571 argum.
616 2510 631 2568 ξ
646 2511 671 2558 2.
687 2534 719 2545 -
733 2501 910 2575 (βοόλωνται]
930 2501 1080 2574 βούλοιντο
1097 2505 1163 2578 [sio]

156 2583 194 2653 S.)
212 2615 244 2623 -
264 2584 300 2637 16
318 2582 596 2654 (παραγραψάμενος
614 2582 651 2646 S.)
667 2615 700 2624 -
720 2582 893 2652 λαγχάνουσί
907 2601 954 2651 μοι
973 2583 1055 2645 δίκας
1069 2583 1086 2637 S
1100 2584 1164 2652 Dd.,

155 2664 190 2718 ef.
203 2661 315 2715 initium
335 2668 358 2727 §-
386 2661 441 2714 Sed
459 2661 505 2714 hio
522 2661 704 2715 indicendum
718 2664 791 2729 erat,
810 2661 925 2716 enodem
938 2660 1004 2714 lites
1018 2661 1112 2716 fuisse.
1129 2695 1162 2706 -

156 2742 193 2795 18
211 2737 291 2803 οὗτος
309 2759 346 2796 v.:
367 2740 460 2795 οὑτοσὶ
474 2741 492 2795 S
506 2741 559 2796 Dd.
588 2739 629 2796 Of.
648 2749 672 2797 9.
688 2773 721 2783 -
739 2741 881 2809 ἠντεδίκει
895 2741 927 2795 S:
945 2741 1092 2810 ἡντιδίκει.
1120 2742 1162 2798 ef.

155 2821 279 2888 XXXIX,
294 2827 335 2874 37.
352 2851 384 2860 -
402 2819 689 2890 (καταδιητήσασθαι
705 2821 743 2890 S.)
762 2850 794 2861 -
812 2821 860 2891 (όν
875 2821 927 2892 τις]
947 2840 989 2883 τις
1007 2837 1059 2875 om.
1080 2821 1162 2892 S.)-

155 2901 205 2969 τὴν
224 2899 313 2968 αὐτὴν
331 2901 413 2966 δίκην
431 2899 468 2953 Αι
489 2897 597 2968 ταότην
612 2899 694 2967 δίκην
712 2917 753 2969 pr.
774 2900 809 2968 B,
836 2901 887 2969 τὴν
906 2898 995 2968 αὐτὴν
1012 2900 1117 2969 ταύτην
1136 2904 1163 2959 δ.

155 2999 181 3037 v.
199 2979 253 3035 Dd.
272 3009 305 3020 -
328 2981 393 3049 post
415 2979 607 3049 ἀναγνώσεται
630 2995 684 3033 om.
703 2981 769 3049 ὑμῖν
788 2996 850 3034 oum
869 2981 905 3049 A,
931 2980 980 3033 sed
1001 2978 1107 3032 inserui
1129 2997 1164 3035 eo

155 3061 216 3114 loeo
235 3059 284 3121 τὰς
307 3057 370 3115 οοΠ.
389 3064 430 3112 35.
456 3089 488 3099 -
512 3058 549 3113 19
571 3058 639 3128 (tid
664 3060 725 3112 ίσδι
744 3059 812 3130 SA.)
830 3090 862 3101 -
887 3058 922 3127 δὴ
942 3057 1029 3124 SFQ:
1048 3057 1087 3113 δὲ.
1121 3058 1162 3115 cf.

156 3139 284 3206 XXXVI,
303 3144 345 3193 tt.
365 3167 398 3178 -
420 3137 480 3207 (τόν
503 3136 580 3207 περὶ]
604 3137 653 3192 τόν
677 3155 761 3207 supro
784 3153 894 3192 versum
917 3155 934 3190 e
956 3155 992 3192 nn
1011 3154 1052 3207 pr.
1072 3138 1110 3209 S.)
1130 3171 1162 3180 -

156 3221 194 3272 ‘20
208 3221 299 3272 αὐτῶν
309 3217 346 3270 A:
361 3212 470 3270 ἑαυτοῦ.
483 3247 515 3256 -
530 3218 636 3283 (εἴωθα
651 3216 717 3283 SQ.)
733 3249 766 3260 -
780 3219 932 3288 Παμφίλου
945 3235 985 3272 v.:
999 3226 1049 3272 τοῦ
1063 3220 1162 3287 Παμφ.

157 3297 300 3352 sno.-
324 3293 509 3367 (Πλαγγόνος]
531 3300 693 3366 πλαγγωνος
711 3296 750 3367 S.)
772 3327 805 3336 —
829 3301 918 3365 (πλεῖν
936 3296 1001 3351 Dd.:
1024 3301 1121 3352 πλεῖον
1144 3297 1165 3352 S

155 3393 191 3443 v.,
209 3375 294 3430 πλέον
312 3374 382 3446 FQ.)
403 3408 433 3415 —
458 3373 775 3445 21(em‘pioyss.)-
800 3376 836 3430 22
860 3375 1008 3446 Ποίμφιίος
1029 3392 1068 3432 v.:
1093 3375 1161 3432 όΠ.

158 3455 242 3509 SDd.
270 3454 310 3509 Of.
330 3461 372 3509 20.
393 3485 425 3496 -
444 3450 635 3526 (ίκτὲτεισται]
654 3451 829 3509 ίκτετεισδαι
847 3455 877 3522 S,
903 3452 1055 3509 όκτὲτισται
1073 3457 1111 3526 V.)
1130 3487 1163 3498 -
