2616 3910
288 169 387 220 ΠΡΟΣ
404 168 567 220 nomon
586 170 673 220 ΠΕΡΙ
690 168 765 220 ΤΟΤ
784 169 992 223 ΟΝΟΜΑΤΟΣ.
1077 167 1141 232 481

10 359 19 410 3
135 327 191 392 καί
214 332 311 410 λόγος
330 324 440 403 οὐδεὶς
458 327 658 393 ὑπελείπετο.
694 321 855 411 εἰσήγαγ’,
879 327 1065 410 ἐποιήσατο,
1088 328 1145 394 ’ίνα

12 469 14 478 =
134 433 199 516 τάμ
217 433 305 521 μέσφ
323 432 485 516 συντέμω,
504 433 662 517 ἐγγράφει
680 443 749 510 τοῖς
764 431 992 517 Ἀπατουρίοις
1009 432 1144 498 τουτονί

10 569 19 606 ι
134 536 196 622 μὲν
218 539 368 604 Βοιωτὸν
395 541 442 615 είς
466 541 545 615 τοὺς
567 539 747 623 φράτερας,
773 539 833 603 τὸν
856 533 886 602 δ’
912 537 1026 622 ἕτερον
1050 539 1143 622 Πάμ

101 668 117 709 ε
135 649 251 728 φιλον·
271 647 464 720 Μαντίθεος
483 639 513 708 δ’
536 644 780 728 ἐνεγεγράμμην
799 643 871 726 ἐγώ.
909 643 1079 728 συμβάσης
1098 640 1201 709 δδθθο

134 757 180 837 τῷ
204 749 302 834 πατρὶ
325 759 382 834 τῆς
403 755 555 832 τελευτῆς
577 747 657 833 πρὶν
679 752 737 827 τὰς
759 752 806 826 είς
828 752 906 826 τοὺς
930 752 1074 834 δημότας
1093 750 1144 833 ἐγ-

10 885 12 942 ;
133 856 265 939 γραφάς
282 854 451 939 γενέσθαι,
476 855 586 920 ἐλθδον
609 856 657 932 είς
677 858 756 933 τοὺς
779 856 923 940 δημότας
947 851 1044 932 οὗτος
1070 854 1144 921 ἀντὶ

10 999 12 1022 f
134 964 285 1026 Βοιωτοῦ
307 965 505 1026 Μαντίθεον
528 960 710 1045 ἐνέγραψεν
733 959 859 1027 ἑαυτόν.
900 971 999 1026 τοῦτο
1022 958 1054 1026 δ’
1082 961 1145 1026 ὅσα

10 1121 12 1126 .
133 1067 269 1149 βλάπτει
296 1077 402 1131 ποιῶν
428 1078 560 1150 πρῶτον
588 1063 648 1149 μὲν
676 1062 747 1150 ἐμὲ,
775 1062 844 1136 εἶτα
870 1064 926 1132 καὶ
951 1067 1051 1150 ὑμᾶς,
1079 1066 1144 1149 ἐγὼ

11 1195 12 1202 “
134 1172 269 1252 διδάξω,
291 1171 425 1238 ἐπειδάν
448 1167 495 1238 ὧν
519 1170 602 1256 λέγω
625 1173 842 1258 παράσχωμαι
864 1173 1040 1257 μάρτυρας.

320 1400 322 1404 “
406 1422 408 1428 ·
535 1385 735 1438 ΜΑΡΤΤΡΕΣ.

102 1512 120 1555 ε
213 1489 275 1557 Ὃν
306 1487 367 1576 μὲν
393 1495 510 1557 τοίνυν
536 1494 660 1577 τρόπον
687 1492 772 1575 ἡμᾶς
799 1487 952 1575 ἐνέγραψ’
979 1489 997 1557 δ
1025 1493 1143 1574 πατηρ,

134 1597 269 1663 άκούετε
295 1609 364 1662 τῶν
390 1609 595 1682 μαρτυριῶν·
622 1598 673 1663 ότι
700 1595 730 1663 δ’
759 1596 820 1662 οὐκ
842 1596 999 1680 οίομίνου
1021 1596 1143 1663 τούτου

134 1706 206 1769 δεῖν
229 1701 396 1787 ἐμμένειν,
424 1706 559 1780 δικαίως
580 1700 635 1769 καί
659 1702 844 1786 ἀναγκαίως
867 1705 986 1787 ἔλαχον
1008 1703 1070 1786 τὴν
1094 1703 1143 1767 δί·

133 1834 206 1894 κην,
225 1804 314 1876 τοῦτ’
331 1811 395 1893 ἤδη
416 1810 519 1888 δείξω.
551 1810 614 1893 ἐγὼ
633 1810 696 1894 γάρ
715 1809 776 1895 οὐχ
795 1809 883 1876 οὕτω
903 1811 1011 1892 δήπου
1030 1811 1144 1885 σκαιός

133 1915 196 1997 εἰμ’
214 1916 392 1997 όίυθρωπος
410 1911 481 1979 οὐδ’
499 1912 683 1996 ἀλόγιστος,
702 1914 785 1980 ὥστε
803 1925 871 1980 τῶν
890 1911 951 1998 μὲν
969 1914 1142 2000 πατρῴων,

133 2019 155 2084 δ
177 2015 271 2084 πάντ’
297 2020 358 2104 ἐμά
381 2019 538 2102 ἐγίγνετο,
563 2019 737 2102 ἐπειδήπερ
760 2019 935 2101 ἐποιήσατο
962 2021 1101 2096 τούτους
1123 2020 1142 2086 δ

132 2127 250 2206 πατήρ,
274 2123 558 2211 συγκεχωρηκέναι
579 2127 617 2190 τὸ
640 2128 753 2209 τρίτον
771 2129 950 2209 νείμασθαι
971 2123 1070 2208 μέρος
1087 2123 1143 2190 καὶ

133 2230 282 2313 στέργειν
310 2228 363 2296 ἐπὶ
385 2231 505 2318 τούτῳ,
533 2229 608 2314 περὶ
630 2228 662 2295 δ’
689 2230 850 2314 ὀνόματος
874 2234 1083 2315 ζυγομαχεῖν,
1113 2232 1144 2296 εί

132 2338 176 2421 μὴ
205 2337 242 2401 τὸ
270 2332 330 2419 μὲν
356 2336 440 2419 ἡμᾶς
467 2336 672 2419 μεταθέσθαι
697 2338 843 2421 μεγάλην
866 2336 999 2421 άτιμίαν
1022 2339 1142 2422 ἔφερεν

132 2441 187 2507 καὶ
215 2441 412 2525 ἀνανδρίαν,
440 2442 477 2505 τὸ
506 2438 543 2506 δὲ
569 2451 690 2508 τοῦτον
714 2445 801 2527 ίχειυ
823 2436 914 2507 ταῦτ’
941 2439 1035 2527 ὄνομ’
1061 2441 1142 2526 ἡμῖν

133 2548 188 2613 διδι
211 2540 305 2612 πόλλ’
326 2547 493 2611 άδύνατον
515 2541 567 2628 ἦν.

107 2674 120 2714 τ
222 2657 364 2737 Πρῶτον
383 2647 444 2736 μὲν
462 2653 536 2738 γάρ,
555 2655 587 2718 εί
605 2655 658 2718 δεῖ
671 2655 713 2718 τδ
729 2654 826 2720 κοινδι
843 2663 911 2718 τῶν
925 2653 1022 2718 ίδίων
1037 2655 1142 2720 εἰπεῖν

131 2741 305 2842 πρότερον,
323 2756 387 2823 τίν’
406 2758 428 2843 η
446 2761 541 2835 πόλις
558 2759 638 2844 ἡμῖν
656 2757 798 2836 ἐπιτάξει
815 2761 950 2842 τρόπον,
970 2759 1012 2822 δυ
1030 2782 1063 2825 τι
1082 2758 1141 2845 δίη

131 2875 253 2942 ποιεῖν;
283 2869 413 2929 οίσουσι
440 2865 482 2947 νὴ
507 2859 566 2927 Δί’
593 2864 629 2928 οί
648 2863 786 2948 φυλέται
809 2865 868 2928 τὸν
891 2863 1141 2948 αὐτὸντρόπον

131 2972 233 3056 όνπερ
260 2968 315 3036 καὶ
341 2973 420 3047 τοὺς
443 2971 570 3047 άλλους.
616 2969 740 3035 οὐκοῦν
763 2972 961 3035 Μαντίθεον
984 2972 1141 3036 Μαντίου

132 3079 290 3160 Θορίκιον
321 3084 489 3158 οίσουσιν,
521 3075 580 3141 ἐὰν
611 3077 757 3161 χορηγὸν
789 3075 809 3158 ἢ
841 3079 1090 3160 γυμνασίαρχον
1119 3075 1140 3160 ἦ

130 3182 290 3267 ἑστιάτορ’
312 3182 333 3267 ἢ
357 3185 398 3249 άν
420 3206 452 3248 τι
474 3193 542 3248 τῶν
566 3183 676 3247 ἄλλων
695 3181 851 3268 φέρωσιν.
888 3189 934 3268 τῷ
955 3181 1058 3264 δῆλον
1078 3176 1140 3246 οὖν

101 3291 221 3354 εέσται
242 3291 384 3373 πότερον
407 3285 444 3354 σὲ
467 3286 630 3372 φέρουσιν
652 3287 672 3370 ἢ
692 3284 759 3372 ’μίς
787 3290 829 3352 σὺ
852 3283 913 3370 μὲν
935 3287 998 3370 γάρ
1022 3289 1140 3370 φήσεις

130 3393 196 3476 ἐμέ,
221 3393 283 3475 ἐγὼ
307 3391 344 3460 δὲ
367 3392 413 3459 σί.
458 3391 513 3458 καί
537 3394 578 3476 δὴ
601 3397 696 3458 καλεῖ
716 3392 795 3475 μετά
817 3389 915 3456 τοῦθ’
942 3391 960 3456 ὁ
984 3390 1138 3476 άρχωνῆ

128 3502 211 3583 πρὸς
234 3497 337 3564 ὅντιν’
360 3497 402 3564 δν
424 3489 454 3585 ᾖ.
491 3498 551 3582 οὐχ
574 3497 796 3580 ὑπακούομεν,
821 3497 861 3560 οὐ
880 3501 1137 3580 λῃτουργοῦμεν.

181 3611 306 3654 Βτυοευτι
326 3611 423 3652 V01.1L
945 3605 976 3649 31

1055 3715 1064 3748 k

1218 3737 1298 3836 A
