2612 3918
514 163 609 215 ΚΑΤΑ
626 163 787 216 ΜΕΙΔΙΟΤ.
1089 161 1152 225 109

148 316 233 387 εἶναι
259 324 380 406 νομίζω
408 323 490 404 πρὸς
516 321 600 408 ὑμᾶς
627 326 746 406 είπεῖν,
774 320 864 388 ταῦτ’
896 324 997 389 εἰπὼν
1023 325 1071 388 ἐτι
1097 319 1153 388 καὶ

147 425 221 512 περὶ
249 429 376 493 τούτων
404 428 589 512 διαλεχθεὶς
612 433 848 515 καταβήσομαι.
893 425 957 496 ἔστ’
984 425 1010 495 ὦ
1034 430 1153 511 άνδρες

145 531 317 617 Ἀθηναῖοι
334 535 457 618 μεγάλη
476 545 545 612 τοῖς
563 535 737 603 ἀδικοῦσιν
755 537 856 602 άπασι
874 535 967 621 μερὶς
984 533 1039 600 καλ
1057 540 1152 600 πλεο-

148 638 248 722 νεξία,
270 638 292 723 ἡ
315 650 381 704 τῶν
405 639 571 724 ὑμετέρων
593 645 724 726 τρόπων
748 644 899 726 πραότης.
938 641 989 706 δτι
1013 641 1053 724 δὴ
1077 641 1153 732 τριό-

147 769 205 831 της
241 742 314 811 οὐδ’
350 745 463 812 ὁτιοῦν
498 747 578 831 ὑμῖν
615 749 815 832 μεταδοῦναι
846 749 952 836 τούτῳ
984 749 1152 832 προσήκει,

148 850 238 918 ταῦτ’
265 851 428 918 άκοόσατέ
452 876 524 936 μου.
570 853 634 937 ἐχδο
661 857 782 938 νομίζω
805 855 930 932 πάντας
952 853 1153 938 ἀνθρώπους

149 959 287 1044 ἐράνους
319 957 434 1043 φέρειν
464 961 553 1044 παρὰ
583 961 690 1025 πάντα
721 962 780 1026 τὸν
812 964 887 1045 βίον
919 960 1046 1044 αὑτοῖς,
1079 958 1153 1044 οὐχὶ

148 1064 267 1130 τούσδε
290 1066 414 1148 μόνους
436 1063 494 1141 οὓς
517 1062 718 1148 συλλέγουσί
738 1089 825 1142 τινες
846 1064 901 1131 καὶ
920 1060 967 1131 ὧν
985 1063 1153 1148 πληρωταὶ

100 1189 135 1228 ¹85
148 1165 309 1254 γίγνοντ’,
333 1168 416 1234 άλλὺ
438 1169 492 1235 καὶ
515 1172 644 1247 ἄλλους.
686 1163 760 1236 οἷον
783 1174 852 1236 ἐστι
873 1195 923 1248 τις
945 1171 1076 1255 μέτριος
1098 1168 1153 1235 καὶ

147 1277 387 1363 φιλάνθρωπος
413 1275 507 1359 ἡμῶν
533 1274 588 1341 καὶ
615 1279 759 1354 πολλοὺς
782 1276 895 1342 ἐλεῶν·
925 1278 1030 1365 τούτῳ
1053 1277 1152 1343 ταὺτὸ

149 1384 278 1448 δίκαιον
298 1381 457 1465 ὑπάρχειν
475 1382 563 1466 παρά
580 1383 726 1466 πάντων,
748 1383 790 1446 άν
808 1378 881 1448 ποτ’
903 1385 950 1460 είς
967 1385 1081 1468 χρείαν
1098 1381 1153 1449 καὶ

148 1485 249 1570 ἀγῶν’
276 1488 440 1572 ἀφίκηται.
485 1488 586 1564 ἄλλος
613 1487 731 1553 οὑτοσί
754 1511 804 1565 τις
831 1489 969 1573 ἀναιδὴς
995 1488 1049 1554 καὶ
1074 1494 1152 1555 πολ-

148 1597 226 1672 λοὺς
248 1593 401 1678 ὑβρίζων,
425 1592 580 1670 καὶτοὺς
603 1589 663 1678 μὲν
686 1593 892 1678 καθάρματα,
915 1597 993 1672 τοὺς
1014 1592 1051 1661 δὲ
1069 1618 1152 1661 πτω·

147 1702 242 1785 χούς,
269 1702 348 1776 τοὺς
375 1693 406 1764 δ’
432 1694 504 1765 οὐδ’
536 1699 736 1784 ἀνθρώπους
762 1699 1019 1784 ὑπολαμβάνων·
1046 1702 1152 1789 τούτῳ

147 1809 204 1884 τάς
227 1806 327 1882 αὑτάς
350 1807 479 1871 δίκαιον
503 1806 610 1890 φοράς
632 1805 803 1891 ὑπάρχειν,
828 1807 931 1891 άσπερ
955 1807 1053 1884 αὐτὸς
1072 1810 1153 1873 τίσε-

147 1916 266 1998 νήνοχε
288 1922 358 1989 τοῖς
380 1913 500 1988 ἄλλοις.
541 1909 582 1975 άν
604 1918 721 1976 τοίνυν
743 1912 824 1996 ὑμῖν
846 1913 957 1995 ὀρθῶς
979 1912 1053 1999 ἐπίη
1077 1931 1152 1980 σκο-

147 2031 237 2101 πεῖν,
268 2019 389 2083 τοότου
420 2016 595 2101 πληρωτὴν
627 2017 781 2102 εὑρήσετε
809 2019 954 2084 Μειδίαν
986 2020 1066 2085 ὄντα
1092 2028 1152 2085 τοῦ

148 2125 284 2211 ἐράνου,
308 2120 362 2188 καί
386 2121 447 2188 οὐκ
469 2121 605 2187 ἐκείνου.

97 2251 135 2290 ιει
238 2226 320 2297 Οἶδα
355 2233 470 2295 τοίνυν
497 2229 548 2294 δτι
576 2227 631 2294 καὶ
656 2230 697 2294 τά
724 2226 831 2294 παιδί’
862 2232 946 2313 ἔχων
973 2231 1152 2315 ὀδυρεῖται,

147 2335 202 2402 καὶ
228 2339 372 2413 πολλοὺς
394 2338 514 2418 λόγους
536 2333 590 2400 καὶ
613 2337 787 2410 ταπεινοὺς
811 2335 892 2419 ἐρεῖ,
921 2335 1076 2419 δακρύων
1097 2336 1152 2402 καὶ

147 2445 191 2520 ὡς
219 2443 423 2509 ἐλεινότατον
449 2452 555 2508 ποιῶν
585 2440 711 2506 ἑαυτόν.
756 2443 824 2505 ἐστι
852 2438 897 2522 δ’,
927 2441 994 2528 όσςο
1021 2463 1082 2527 περ
1111 2441 1153 2508 άν

148 2549 249 2617 αὑτὸν
276 2557 340 2614 νῦν
364 2551 596 2633 ταπεινότερον
618 2555 712 2631 ποιῇ,
740 2546 887 2634 τοσούτω
910 2551 1036 2630 μᾶλλον
1059 2547 1152 2626 ἄξιον

147 2665 255 2741 μισεῖν
278 2654 380 2721 αὑτὸν
403 2650 428 2718 ὦ
452 2655 572 2738 ἄνδρες
591 2652 772 2738 Ἀθηναῖοι.
818 2653 873 2718 διά
896 2657 942 2732 τίς
967 2654 1017 2719 ὅτι
1041 2655 1072 2718 εί
1092 2651 1152 2738 μὲν

147 2763 303 2846 μηδαμῶς
330 2758 489 2843 δυνηθεὶς
511 2761 664 2836 ταπεινὸς
685 2759 858 2842 γενέσθαι,
887 2759 991 2836 οὑτως
1014 2760 1152 2843 ἀσελγὴς

147 2865 201 2932 καί
224 2870 331 2949 βίαιος
352 2861 395 2950 ην
418 2864 471 2931 ἐπὶ
492 2874 552 2931 τοῦ
576 2867 846 2950 παρεληλυθότος
867 2869 954 2949 βιόυ,
980 2875 1019 2951 τῇ
1043 2866 1201 2950 φόσειῖῖε

146 2970 200 3038 καὶ
223 2982 262 3058 τῇ
285 2973 377 3057 τύχη,
402 2969 445 3037 δι’
471 2971 513 3055 ἣν
536 2980 687 3047 τοιοῦτος
710 2970 849 3054 ἐγένετο,
875 2970 968 3049 άξιον
990 2967 1032 3056 ην
1056 2973 1098 3037 όίν
1120 2995 1151 3036 τι

146 3088 202 3162 τῆς
225 3079 324 3163 ὀργῆς
347 3079 487 3143 άνεῖναι·
511 3079 541 3143 εί
563 3072 594 3143 δ’
616 3077 828 3161 ἐπιστάμενος
847 3077 981 3163 μέτριον
998 3077 1152 3162 παρέχειν

146 3185 262 3268 αὑτόν,
284 3187 344 3250 τὸν
366 3183 518 3248 ἐναντίον
540 3181 561 3266 ἢ
584 3192 704 3248 τοῦτον
726 3185 785 3249 τὸν
807 3186 932 3268 τρόπον
956 3184 1059 3248 εἵλετο
1083 3186 1151 3266 ζῆν,

146 3291 289 3374 εὔδηλον
317 3290 425 3372 δήπου
451 3285 547 3353 τοῦθ’
574 3288 625 3353 ὅτι
651 3287 720 3369 καὶ,
749 3297 812 3354 νῦν
840 3287 882 3353 ἂν
905 3289 1150 3372 διακρούσηται,

99 3411 133 3452 1⁸⁷
146 3397 245 3461 πάλιν
273 3394 371 3471 αὑτὸς
393 3392 518 3470 ἐκεῖνος
541 3393 580 3459 ὃν
604 3394 697 3478 ὑμεῖς
720 3401 788 3458 ῖστε
812 3411 991 3477 γενησεται.
1037 3395 1078 3459 οὐ
1101 3395 1155 3460 δεῖ

147 3503 187 3586 δη
219 3501 408 3585 προσέχειν,
440 3497 519 3566 οὐδὲ
550 3501 609 3566 τὸν
641 3503 788 3585 παρόντα
820 3501 951 3586 καιρὸν,
984 3499 1023 3564 ὃν
1054 3493 1151 3576 οὗτος
