2616 3910
150 162 218 229 430
436 167 545 222 xxxv.
568 163 873 237 [Δεκοεεακοντ]

152 323 249 406 δίκην
276 322 341 390 ύπδ
368 326 490 392 τούτου
516 327 741 410 παραγραφὴν
767 325 925 410 ἐτόλμησε
952 325 1167 410 παραγράφε-

151 435 249 512 σθαι,
281 431 325 514 μὴ
354 431 576 515 εἰσαγώγιμον
603 427 690 498 εἶναι
716 432 778 514 τὴν
805 431 918 514 δίκην,
951 425 989 496 εὖ
1017 425 1081 496 οἶδ’
1113 431 1166 496 ὅτι

151 532 328 616 ἠγανάκτει
355 533 398 600 δν
424 529 522 612 οὗτος
549 533 604 600 καί
632 533 813 618 ἐσχετλίαζε
835 537 919 619 πρὸς
941 533 1041 617 ὑμᾶς,
1070 534 1167 599 δεινδ

152 639 290 722 φάσκων
317 640 456 724 πάσχειν
482 638 537 705 καὶ
564 646 846 724 παρανομεῖσθαι,
875 640 906 704 εἰ
931 642 975 722 μή
1002 661 1052 715 τις
1075 639 1164 726 αὐτῷ

152 745 213 827 τὴν
250 745 348 828 δίκην
383 755 556 830 ψηφιεῖται
592 747 814 830 εἰσαγώγιμον
846 740 947 828 εἶναι,
983 743 1166 829 ἐμπορικὴν

153 843 268 916 οὖσαν.
303 851 414 916 έπειτα
437 845 463 916 ώ
482 851 627 936 Λάκριτε
651 849 705 919 σοί
727 848 789 936 μὲν
806 860 905 918 τοῦτο
924 851 1055 916 δίκαιον
1074 852 1171 915 δοκεῖ

153 949 254 1038 εἰναι,
282 953 355 1039 έμοί
383 953 420 1022 δέ
449 958 505 1022 διδ
527 961 562 1022 τί
582 957 644 1024 οὐκ
666 959 772 1036 ἐσταις
801 957 862 1042 ούχ
885 957 1008 1022 άπασιν
1030 956 1111 1041 ἡμῖν
1133 956 1172 1022 οἰ

152 1059 248 1127 αύτοί
270 1063 368 1146 νόμοι
388 1062 610 1148 γεγραμμένοι
628 1061 693 1129 εἰσί
710 1061 766 1128 καί
783 1064 821 1128 τὸ
841 1063 922 1128 αὐτὸ
942 1065 1072 1130 δίκαιον
1090 1058 1167 1146 περὶ

113 1189 140 1230 ω
153 1178 220 1232 τῶν
249 1165 436 1252 ἐμπορικῶν
464 1169 581 1246 δικώνς
616 1166 686 1234 ἀλλ’
718 1168 806 1234 οὕτω
833 1169 994 1254 βδελυρός
1021 1172 1070 1245 τίς
1096 1167 1167 1232 ε’στι

153 1271 209 1338 καὶ
227 1272 444 1357 ὑπερβάλλων
462 1273 609 1352 ἅπαντας
627 1274 830 1358 ἀνθρώπους
847 1283 892 1361 τῷ
910 1276 1056 1358 πονηρὸς
1069 1269 1169 1356 εἶναι,

154 1376 230 1445 ὥστ’
260 1378 419 1463 ἐπιχειρεῖ
443 1384 575 1445 πείθειν
602 1379 688 1465 ὑμᾶς
714 1383 929 1465 ψηφίσασθαι
957 1381 1001 1464 μὴ
1030 1380 1167 1462 εἰσαγώ·

154 1507 253 1569 γιμον
280 1479 366 1550 εἶναι
389 1486 451 1569 τὴν
473 1484 656 1570 ἐμπορικὴν
679 1487 775 1570 δίκην
797 1486 937 1570 ταύτην,
965 1488 1168 1564 δικαζόντων

154 1591 248 1674 ὑμῶν
276 1588 353 1656 νυνί
380 1592 439 1668 τὰς
466 1590 644 1676 ἐμπορικὰς
667 1592 770 1669 δίκας.
814 1591 897 1658 ἀλλὰ
919 1595 954 1658 τί
972 1592 1118 1668 κελεύεις
1140 1586 1169 1656 ώ

154 1696 311 1781 Λάκριτος
341 1697 384 1780 μὴ
414 1697 530 1762 ἰκανὸν
553 1692 639 1763 εἶναι
662 1697 747 1782 ἡμᾶς
769 1697 1027 1781 ἀποστερεῖσθαι
1050 1696 1070 1762 δ
1093 1697 1168 1762 ἐδα·

154 1805 311 1886 νείσαμεν
333 1805 482 1887 χρήματα
504 1801 600 1887 ὑμῖν,
625 1802 708 1868 ἀλλὰ
729 1802 785 1869 καί
808 1804 856 1880 εἰς
878 1805 916 1870 τὸ
940 1805 1169 1888 δεσμωτήριον

155 1908 392 1992 παραδοθῆναι
410 1903 469 1992 ὑφ’
491 1908 586 1992 ὑμῶν
604 1912 859 1993 προσοφλόντας
875 1911 916 1974 τά
934 1909 1089 1993 ἐπιτίμια,
1108 1907 1168 1974 ἐάν

116 2035 142 2074 ιτ
156 2015 201 2098 μὴ
221 2011 406 2098 ἐκτίνωμεν.
439 2012 494 2080 καὶ
512 2025 582 2091 πώς
600 2014 662 2080 οὐκ
680 2014 723 2079 ἀν
741 2016 854 2080 δεινὸν
873 2021 923 2098 εἰη
942 2013 998 2081 καί
1016 2015 1168 2100 σχέτλιον

156 2117 210 2185 καί
229 2121 367 2205 αἰσχρὸν
386 2119 467 2203 ὑμίν
486 2115 512 2185 ώ
532 2121 651 2206 ἀνδρες
670 2121 831 2202 δικασταί,
849 2123 882 2186 εἰ
898 2122 934 2187 οἰ
948 2122 1160 2197 δανείσαντες
1169 2133 1221 2182 940

156 2224 193 2291 ἐν
215 2232 261 2313 τῷ
286 2226 431 2314 ἐμπορίφ
454 2235 499 2313 τῷ
522 2226 669 2313 ύμετέρφ
690 2228 840 2311 χρήματα
858 2229 997 2292 ναντικδ
1015 2224 1069 2293 καί
1088 2226 1168 2292 ἀπο-

156 2332 388 2416 στερούμενοι,
415 2330 480 2396 ύπὸ
506 2342 572 2396 τῶν
597 2330 846 2417 δανεισαμένων
868 2331 923 2398 καί
946 2332 1169 2416 ἀποστερούν·

155 2460 223 2502 των
255 2436 437 2519 ἀπάγοιντο
469 2438 515 2514 εἰς
547 2438 585 2502 τὸ
618 2437 859 2523 δεσμωτήριονς
893 2436 983 2504 ταῦτ’
1019 2436 1109 2504 ἐστὶν
1141 2433 1168 2503 ώ

156 2542 315 2625 Λάκριτε,
346 2541 367 2607 δί
394 2541 551 2608 τοντουσί
578 2546 714 2620 πείθεις.
760 2542 843 2609 ἀλλά
869 2554 936 2610 ποῦ
961 2544 1024 2629 χρὴ
1052 2547 1167 2628 λαβεῖν

157 2648 254 2733 δίκην
281 2645 307 2714 ὦ
331 2649 450 2734 ἄνδρες
473 2646 624 2714 δικασταὶ
646 2646 721 2733 περὶ
743 2660 811 2713 τών
835 2648 1022 2734 ἐμπορικῶν
1045 2651 1166 2732 συμβο-

157 2758 274 2832 λαίωνς
303 2753 392 2838 παρδι
419 2756 498 2839 ποίᾳ
526 2751 609 2838 ἀρχῇ
637 2752 658 2835 ἢ
686 2752 722 2818 ἐν
745 2756 812 2818 τίνι
834 2756 958 2838 χρόνιος
987 2755 1076 2839 παρδ
1098 2765 1168 2830 τοῖς

157 2859 283 2925 ἕνδεκα.
316 2859 399 2925 ἀλλὰ
418 2861 642 2944 τοιχωρύχους
659 2857 714 2924 καὶ
732 2857 871 2936 κλέπτας
886 2857 941 2924 καί
954 2862 1033 2936 τοὺς
1046 2861 1169 2937 ἀλλους

157 2967 364 3050 κακούργους
386 2968 465 3041 τοὺς
488 2964 541 3030 ἐπί
563 2965 699 3053 θανάτῳ
724 2959 816 3030 οὗτοι
839 2965 1040 3048 εἰσάγουσιν.
1085 2965 1168 3030 ἀλλδι

17 3119 18 3144 ;
117 3094 144 3135 ιε
158 3073 246 3155 παρά
269 3080 314 3159 τῷ
334 3073 477 3156 ἄρχοντι.
516 3071 641 3136 οὐκοῦν
659 3071 843 3155 ἐπικλήρων
861 3069 917 3137 καί
935 3071 1095 3154 ὀρφανῶν
1113 3068 1168 3137 καί

17 3169 18 3178 “
158 3188 225 3244 τῶν
261 3176 385 3243 τοκέων
420 3184 465 3266 τῷ
499 3178 634 3263 ἄρχοντι
665 3174 900 3262 προστέτακται
931 3176 1167 3262 ἐπιμελεῖσθαι.

159 3285 241 3350 ἀλλὰ
269 3285 311 3367 νὴ
336 3286 403 3349 Δία
429 3285 517 3367 παρὰ
544 3291 589 3370 τῷ
616 3285 754 3367 βασιλεῖ.
800 3279 870 3348 ἀλλ’
899 3283 960 3348 ούκ
987 3279 1086 3367 ἐσμὲν
1109 3306 1168 3367 γν-

159 3394 372 3474 μνασίαρχοι,
405 3385 484 3454 οὐδὲ
512 3388 662 3472 ἀσεβείας
689 3387 812 3454 οὐδένα
838 3392 1046 3474 γραφόμεθα.
1092 3386 1163 3454 ἀλλ’

160 3495 178 3559 ὁ
197 3494 401 3580 πολέμαρχος
420 3494 548 3572 εἰσάξει.
585 3494 788 3560 ἀποστασίου
806 3518 843 3580 γε
861 3493 916 3561 καὶ
935 3494 1167 3579 ἀπροστασίου.
