2616 3910
170 215 236 280 502
485 217 540 270 τι..
565 213 869 286 [ιωυοτοευοττ]

170 375 366 461 εῦπορήσας,
388 373 444 442 καὶ
467 375 503 443 ἐκ
522 378 716 460 Μυτιλήνης
736 376 824 460 παρὰ
842 385 903 442 τοῦ
921 373 1083 460 ὑμετέρου
1102 397 1186 461 προ-

170 479 268 560 ξένου
292 477 539 548 Ἀπολλωνίδου
565 478 621 548 καί
643 482 732 566 παρά
753 491 821 548 τῶν
845 485 953 564 φίλων
975 490 1033 564 τῆς
1055 483 1185 559 πόλεως

171 587 282 672 λαβὼν
313 590 524 672 τριακοσίους
555 595 718 672 στατῆρας
747 591 916 670 Φωκαιᾶς,
948 587 1104 671 ἀνήλωσα
1136 590 1184 664 είς

169 695 249 770 τοῦς
266 693 477 778 στρατιώτας,
496 693 552 758 ἵνα
569 693 686 777 πρᾶξίς
703 715 753 770 τις
770 695 936 777 πραχθείη
954 691 1007 758 καί
1027 691 1109 776 ὑμῖν
1127 690 1183 757 καὶ

130 815 156 858 ετ
171 797 311 876 ἐκείνοις
337 794 571 883 συμφέρουσα,
603 795 678 882 περί
705 798 834 864 τούτων
862 821 919 882 μοι
947 798 1110 876 δικάζεται
1139 798 1183 874 ὡς

170 904 330 987 πατρικὸν
349 901 573 991 κεκομισμένην
591 901 696 988 χρέως
713 904 803 989 παρὰ
820 912 877 987 τῆς
896 905 1022 980 πόλεως
1035 912 1093 985 τής
1106 907 1182 968 Μυ-

170 1012 361 1094 τιληναίων,
385 1013 508 1093 Καμμῦ
530 1017 575 1097 τςλ
599 1017 821 1094 τυραννοῦντι
845 1011 1038 1092 Μυτιλήνης
1060 1009 1182 1094 ὑπηρε-

170 1125 254 1198 τῶν,
281 1113 318 1193 ὃς
344 1112 400 1182 καί
427 1114 507 1198 ὑμῖν
534 1123 630 1199 κοινή
657 1111 713 1180 καὶ
740 1111 813 1200 ἐμοὶ
841 1115 911 1201 ίδίςι
938 1114 1060 1199 ἐχθρός
1083 1113 1182 1180 ἐστιν.

171 1220 222 1286 ότι
249 1217 280 1285 δ’
307 1220 326 1287 ὁ
353 1221 460 1304 πατήρ
487 1218 595 1304 ήμῶν,
622 1217 666 1304 ἣν
694 1219 900 1303 ἐήηφίσαπο
925 1217 1015 1306 αὐτῷ
1040 1221 1183 1302 δωρειὰν

171 1327 207 1391 οί
222 1328 458 1409 Μυτιληναῖοι,
481 1325 586 1402 εὐθὺς
609 1325 708 1402 αὐτὸς
731 1324 917 1409 ἐκομίσατο,
939 1321 996 1391 καὶ
1019 1325 1064 1400 ὡς
1081 1321 1183 1390 οὐδὲν

171 1431 330 1514 ὠφείλετο
364 1431 452 1518 αῦτρλ
484 1430 587 1516 χρέως
620 1431 656 1498 έν
688 1434 884 1517 Μυτιλήνη,
915 1441 983 1496 τῶν
1014 1429 1183 1515 ὑμετέρων

170 1539 280 1621 φίλων
302 1535 482 1622 παρέξομαι
505 1540 699 1622 μαρτυρίαν.

578 1746 768 1798 MAPTTPIA.

130 1874 158 1916 ει
252 1853 359 1937 Ἔχων
385 1857 500 1919 τοίνυν
523 1848 549 1919 όν
573 1853 692 1938 ἀνδρες
716 1851 868 1919 δικασταὶ
890 1851 946 1918 καὶ
969 1854 1053 1919 ἀλλα
1076 1855 1182 1920 πολλδ

171 1958 227 2026 καί
254 1961 348 2025 δεινά
375 1957 498 2042 λέγειν,
526 1957 548 2023 δ
575 1951 673 2036 οὗτος
700 1957 755 2024 καὶ
783 1961 830 2036 είς
858 1954 914 2044 ἐμὲ
940 1958 996 2025 καί
1019 1962 1066 2035 είς
1088 1959 1182 2044 ὑμῶν

172 2065 282 2143 ἐνίους
313 2064 516 2150 ἡμάρτηκεν,
547 2064 770 2149 ἀναγκάζομαι
803 2065 859 2130 διδ
887 2067 925 2130 τὸ
952 2066 1068 2149 ὀλίγον
1097 2061 1186 2132 εἶναί

172 2194 229 2256 μοι
250 2173 288 2236 τὸ
315 2169 407 2256 ὕδωρ
434 2176 640 2256 παραλιπεῖν.
686 2173 806 2255 νομίζω
836 2167 872 2235 δὲ
899 2169 954 2236 καί
982 2169 1018 2237 ἐκ
1044 2173 1172 2237 τούτων
1186 2185 1249 2234 ιονο

172 2276 252 2361 ῦμῖν
276 2277 395 2353 ίκανῶς
414 2276 650 2360 ἐπιδεδεῖχθαι,
675 2277 719 2352 ὡς
738 2276 779 2341 οὐ
797 2283 858 2342 τοῦ
876 2276 980 2358 αὐτοῦ
999 2276 1183 2360 ἀνθρώπου

172 2382 278 2466 ἐστίν,
305 2382 416 2466 ἀγῶνα
444 2380 505 2465 μέν
532 2405 588 2466 μοι
615 2380 691 2468 περὶ
718 2391 827 2466 φυγῆς
853 2383 1104 2462 κατασκευάζειν
1128 2379 1183 2448 καὶ

173 2490 266 2565 δίκας
285 2483 384 2554 οὐδὲν
402 2489 635 2572 προσηκούσας
654 2489 856 2571 δικάζεσθαι,
875 2488 959 2571 πρὸς
975 2485 1012 2553 δέ
1024 2490 1084 2554 τὸν
1099 2491 1183 2554 διαι-

172 2595 273 2678 τητήν
300 2593 449 2659 ἀπαντᾶν
477 2593 716 2679 ἀπαράσκευον.
765 2594 849 2659 ὥστε
874 2591 949 2679 περὶ
972 2589 1033 2678 μὲν
1050 2596 1183 2659 ’τούτων
1245 2679 1248 2684 Ι

132 2698 215 2764 τεάν
238 2699 383 2785 ἐπιχειρῇ
407 2697 530 2783 λέγειν,
560 2699 621 2764 οὐκ
645 2694 735 2784 οἶμαι
759 2699 843 2784 ὑμᾶς
866 2697 1094 2777 ἀποδέξεσθαι.
1140 2698 1182 2765 ἀν

174 2802 210 2872 δὲ
234 2805 312 2891 λέγη
336 2807 380 2882 ὡς
402 2804 575 2883 ἀξιοῦντος
597 2805 701 2870 αὐτοῦ
720 2805 890 2890 ἐπιτρέψαι
909 2808 1041 2872 Κόνωνι
1059 2813 1105 2894 τῷ
1129 2810 1183 2871 Τι-

173 2911 302 2997 μοθέου
324 2910 398 2997 περὶ
422 2911 587 2994 ἁπάντων,
612 2910 675 2993 ἐγὼ
700 2911 761 2976 οὐκ
783 2910 968 2996 ἐβουλόμην
986 2910 1182 2996 ἐπιτρέπειν,
1292 2888 1301 2908 ‘

174 3018 376 3102 ἐνθυμεῖσθε
395 3009 417 3103 ή
436 3018 598 3097 ἐξαπατᾶν
617 3018 702 3101 ὑμᾶς
716 3016 922 3102 ἐπιχειρήσει.
951 3016 1014 3100 ἐγὼ
1029 3015 1183 3103 γάρπερὶ

173 3122 234 3210 μέν
258 3119 304 3190 ὧν
327 3125 365 3190 αί
385 3126 474 3190 δίκαι
497 3125 589 3188 οῦπω
612 3122 706 3200 τέλος
724 3118 826 3207 εἶχον,
850 3122 979 3207 ἕτοιμος
996 3119 1038 3206 ήν
1058 3121 1183 3209 ἐπιτρέ-
1305 3191 1306 3198 ,

173 3253 248 3296 πειν
274 3228 329 3294 καὶ
353 3232 487 3295 Κόνωνι
514 3227 569 3294 καὶ
596 3231 685 3315 άλλη)
715 3230 864 3314 διαιτητῇ
892 3234 968 3317 logo,
997 3229 1060 3318 ὅτςο
1085 3225 1184 3307 οὗτος

173 3337 341 3419 βούλοιτο·
374 3333 448 3419 περὶ
477 3332 513 3400 δέ
537 3331 584 3401 ὧν
606 3333 678 3416 τρίς
700 3335 782 3417 πρὸς
804 3335 864 3400 τὸν
887 3335 1057 3418 διαιτητήν
1080 3335 1181 3401 ἀπαν-

174 3442 333 3522 τήσαντος
359 3442 480 3506 τούτου
507 3439 562 3506 καὶ
590 3441 853 3524 ἀντιδικοῦντος,
882 3440 900 3505 ὀ
927 3436 988 3524 μὲν
1016 3442 1182 3525 διαιτητής

175 3541 306 3624 ἀπέγνω
331 3566 409 3627 μου,
434 3539 531 3622 οὗτος
554 3541 591 3610 δὲ
613 3557 683 3622 τοῖς
705 3552 909 3628 γνωσθεῖσιν
933 3545 1114 3630 ἐνέμεινεν,
1137 3547 1181 3623 ὡς
