2612 3918
499 133 593 183 ΚΑΤΑ
611 133 771 188 ΜΕῙΔΙΟΤ.
1073 129 1137 195 105

129 289 216 376 ρειαί
248 287 325 376 παρ’
356 291 450 377 ὑμῶν
482 289 537 358 καὶ
564 287 647 376 ὑπὲρ
675 295 845 375 μεγίστων.
892 291 963 358 οὐδ’
995 290 1037 359 ἀν
1064 290 1137 376 ἠνέ·

129 398 263 483 σχεσθ’,
295 399 327 463 εί
351 395 565 482 προσέγραψέ
588 421 638 474 τις
666 397 703 463 ἐν
729 407 768 483 τῇ
797 401 899 483 στήλη
927 397 1073 480 ,ἐξεῖναι
1101 393 1138 462 θλ

127 503 183 570 καλ
200 504 348 590 ὑβρίζειν
367 503 480 581 αὐτοῖς
498 503 539 568 ὃν
557 501 599 568 ἀν
618 504 804 588 βούλωνται
812 505 842 539 ·“
861 501 944 586 ὑπὲρ
958 505 1021 589 γὰρ
1036 502 1138 568 αὑτοῦ

126 612 250 676 τούτου
267 612 325 688 τὰς
344 611 445 688 άλλας
464 612 585 694 ἔλαβον
604 609 753 696 δωρειάς,
777 610 828 675 ὅτι
846 613 924 686 τοὺς
946 610 1139 694 ὑβρίζοντας

128 721 290 783 ἔπαυσαν.

76 841 113 881 ιτι
210 821 281 887 Ὅτι
307 820 501 888 τοίνυνκαὶ
524 825 712 907 κεκόμισται
735 823 832 906 χάριν
855 816 881 887 ὦ
905 822 1023 907 ἀνδρες
1042 819 1138 904 Ἀθη-

53 968 56 972 ·
128 940 219 995 ναῖοι
241 923 319 1014 παρ’
344 927 454 1012 ὑμῶν,
484 927 525 993 οὐ
549 929 653 1012 μόνον
677 921 724 992 ὧν
749 927 875 1010 [αὐτὸς]
899 927 1138 1014 λελῃτούργηκε

129 1041 336 1121 λῃτουργιῶν
359 1033 453 1113 ἀξίαν
477 1031 591 1118 (μικρὰ
613 1035 677 1119 γὰρ
701 1034 783 1119 αύτη
805 1033 845 1118 γέ
859 1055 909 1110 τις
928 1029 1024 1116 [ἧν]),
1048 1033 1191 1098 ἀλλὺῖῖο

129 1140 184 1207 καλ
201 1153 269 1206 τῶν
286 1143 460 1225 μεγίστων,
479 1137 534 1204 καὶ
553 1148 651 1205 τοῦτο
670 1141 833 1224 βούλομαι
852 1138 966 1222 δεῖξαι,
986 1139 1042 1204 ἵνα
1058 1135 1135 1224 μηθ’
1216 1149 1222 1161 ’

129 1247 277 1331 ὀφείλειν
300 1242 421 1331 οίησθέ
440 1268 472 1311 τι
496 1254 541 1333 τῷ
564 1247 778 1334 καταπτύστῳ
801 1247 917 1334 τούτῳ.
961 1244 1053 1330 ὑμεῖς
1075 1246 1139 1330 γὰρ

131 1349 157 1418 ὦ
185 1354 303 1437 ἀνδρες
326 1350 499 1436 Ἀθηναῖοι
526 1360 646 1416 τοῦτον
669 1351 935 1436 ἐχειροτονήσατε
956 1360 1015 1434 τῆς
1036 1352 1139 1436 παρά-

130 1464 192 1525 λου
212 1461 342 1543 ταμίαν,
366 1459 446 1523 ὄντα
464 1466 617 1524 τοιοῦτον
637 1450 706 1534 οἷός
724 1456 804 1541 ἐστι,
827 1455 882 1522 καὶ
900 1459 1001 1522 πάλιν
1020 1457 1138 1541 ἵππαρ-

130 1589 206 1650 χον,
235 1565 388 1649 ὀχεῖσθαι
411 1564 467 1628 διὰ
489 1573 547 1646 τῆς
570 1562 693 1648 ἀγορᾶς
714 1574 786 1641 ταῖς
808 1574 952 1648 πομπαῖς
975 1563 1016 1628 ού
1039 1564 1139 1629 δυνά-

130 1696 246 1758 μενον,
273 1668 328 1737 καλ
356 1673 546 1755 μυστηρίων
572 1668 769 1754 ἐπιμελητὴν
791 1669 847 1736 καλ
870 1670 1038 1754 ίεροποιύν
1060 1692 1139 1736 ποτε

78 1799 116 1838 ιιε
131 1777 185 1844 καὶ
209 1779 351 1862 βοώνην,
375 1774 430 1842 καλ
451 1777 493 1840 τά
515 1784 650 1840 τοιαῦτα
674 1778 724 1859 δή.
762 1772 831 1842 εἶτα
852 1778 935 1861 πρὸς
952 1787 1019 1843 τῶν
1037 1782 1139 1860 θεῶν,

130 1887 167 1950 τὸ
196 1885 256 1968 την
283 1891 341 1968 τῆς
368 1883 500 1968 φύσεως
527 1885 645 1947 κακίαν
672 1881 726 1948 καὶ
755 1882 938 1968 ἀνανδρίαν
960 1881 1015 1950 καλ
1038 1905 1139 1967 πονη-

132 1993 208 2076 ρίαν
234 1999 305 2067 ταῖς
331 1987 408 2073 παρ’
435 1989 528 2071 ὑμῶν
557 1987 672 2073 ἀρχαῖς
698 1987 753 2054 καλ
780 2002 888 2074 τιμαῖς
915 1989 970 2056 καὶ
996 2013 1139 2076 χειροτο-

130 2100 217 2174 νίαις
240 2096 528 2180 ἐπανορθοῦσθαι,
557 2095 679 2179 μικρὰν
701 2091 942 2181 ὑπολαμβάνετ’
969 2091 1054 2161 εἶναι
1078 2097 1140 2162 ἀω-

132 2205 225 2289 ρειάν
246 2201 302 2268 καὶ
325 2202 438 2286 χάριν;
461 2199 516 2266 καλ
540 2202 606 2284 μὴν
629 2207 663 2266 εί
679 2224 729 2278 τις
746 2201 850 2268 αὑτοῦ
868 2199 958 2268 ταῦτ’
982 2199 1136 2287 ἀφέλοιθ’
1269 2219 1272 2225 ·

132 2309 354 2394 ,,ίππάρχηκα,
382 2315 440 2391 τῆς
461 2308 613 2391 παράλου
635 2309 752 2400 ταμίας
773 2305 933 2390 γέγονα,“
958 2310 1049 2384 τίνος
1071 2305 1136 2374 ἔστ’

79 2434 118 2476 ιω
132 2416 221 2495 άξιος
248 2409 357 2490 οὑτος;
388 2413 471 2478 ἀλλά
493 2414 559 2497 μὴν
582 2409 713 2478 κάκεῖνό
736 2410 767 2495 γ’
795 2408 982 2496 ἐπίστασθ’,
1010 2413 1060 2479 ὅτι
1083 2423 1141 2500 τῆς

132 2520 192 2606 μὲν
223 2522 375 2603 παράλου
406 2519 583 2603 ταμιεύσας
610 2521 806 2602 Κυζικηνῶν
837 2519 963 2602 ἥρπασε
996 2525 1091 2585 πλεῖν
1118 2519 1139 2604 ἢ

132 2627 227 2694 πέντε
250 2627 403 2708 τάλαντα,
427 2622 509 2710 ὑπὲρ
534 2619 582 2691 ὧν
605 2625 660 2690 ἵνα
681 2625 725 2708 μὴ
744 2626 791 2712 δῷ
812 2626 918 2708 δίκην,
941 2625 1049 2692 πάντα
1066 2631 1140 2712 τρό·

132 2757 197 2800 πον
222 2738 399 2819 περιωθῶν
426 2729 481 2797 καλ
509 2730 659 2797 ἐλαύνων
685 2733 764 2808 τοὺς
791 2729 993 2815 ἀνθρώπους
1019 2731 1074 2800 καλ
1101 2736 1140 2800 τά

133 2841 280 2925 σύμβολα
304 2837 463 2923 συγχέων,
487 2838 548 2921 τὴν
571 2833 631 2922 μέν
654 2839 752 2903 πόλιν
772 2837 898 2923 ἐχθράν
914 2847 954 2924 τῇ
973 2841 1066 2906 πόλει
1083 2862 1138 2906 πε-

132 2949 256 3030 ποίηκε,
279 2945 320 3009 τά
341 2947 489 3030 χρηματα
513 2938 544 3008 θ’
568 2944 667 3020 αὐτὸς
690 2946 766 3029 ἔχει,
790 2945 950 3029 ἵππαρχος
974 2942 1011 3011 δέ
1033 2971 1139 3033 χειρο-

133 3048 286 3135 τονηθείς
309 3050 507 3134 λελύμανται
530 3051 567 3115 τὸ
591 3050 727 3116 ίππικὺν
748 3049 852 3134 ὑμῶν,
875 3051 1049 3130 τοιούτους
1066 3051 1140 3132 θείς

85 3176 122 3218 m
133 3160 256 3242 νόμους
275 3155 334 3232 οὓς
351 3158 452 3222 πάλιν
471 3156 569 3232 αὐτὸς
587 3157 723 3238 ἔξαρνος
740 3150 782 3239 ἦν
801 3158 844 3241 μὴ
863 3156 1054 3224 τεθεικέναι.
1084 3159 1140 3226 καὶ

133 3272 189 3347 τῆς
211 3260 272 3347 μὲν
292 3264 443 3346 παράλου
461 3263 625 3346 ταμιεύων
643 3265 726 3344 τότε,
751 3262 804 3327 ὅτε
822 3264 883 3346 την
901 3261 953 3328 ἐπὶ
974 3267 1140 3348 Θηβαίους

135 3368 248 3447 ἔξοδον
268 3371 315 3447 είς
329 3370 479 3453 Εύβοιαν
498 3363 657 3434 ἐποιεῖσθ’
674 3369 779 3453 ὑμεῖς,
798 3369 926 3434 ύύύεκα
944 3376 1001 3452 τῆς
1014 3374 1140 3449 πόλεως

135 3472 264 3544 τάλαντ’
288 3473 475 3542 ἀναλίσκειν
494 3476 637 3562 ταχθείς,
660 3473 842 3556 ἀξιούντων
860 3475 954 3562 ὑμῶν
972 3481 1067 3545 πλεῖν
1085 3477 1137 3544 καὶ
