2612 3918
174 185 220 253 64
491 191 564 244 xxl.
587 189 868 245 ΔΗΜΟΣΘΕΝΟΤΣ

174 351 316 427 πλούσιος
339 351 391 414 καλ
412 351 505 416 πολλὰ
528 353 709 434 δυνάμενος,
735 351 843 436 έχύρδς
865 359 905 442 τῷ
929 353 1119 436 Δημοσθένει
1140 377 1188 437 γε·

174 444 272 529 γονὼς
293 445 343 510 διδ
365 447 417 522 τδις
439 449 544 528 αίτίας,
567 447 603 523 άς
621 447 684 532 έρεῖ
697 449 769 531 μετδι
786 449 894 534 μικρὸν
911 449 945 514 έν
963 457 1003 539 τρλ
1022 451 1098 540 λύγρτ
1116 457 1187 514 πολ

175 543 273 623 λάιιις,
294 543 346 608 καί
367 543 441 607 άλλα
463 545 645 628 παρηνώχλει
667 545 717 609 καλ
739 545 895 630 ἐπηρέαζε,
920 547 971 610 καλ
994 547 1032 628 δὴ
1054 547 1119 629 καλ,
1147 546 1188 622 ὡς

175 637 192 703 6
215 639 416 722 Δημοσθένης
437 640 527 724 λέγει,
554 641 599 705 ὅτι
620 639 794 723 δμνυύντων
816 653 876 706 τών
897 654 1006 728 κριτῶν
1028 650 1068 732 τρλ
1091 648 1188 718 καλῶς

175 733 281 824 βσαντι
306 739 412 802 δοῦναι
438 737 493 819 τὴν
515 739 619 820 νίκην,
646 740 761 804 νύττων
783 739 894 816 αύτούς
916 739 933 803 6
956 742 1089 818 Μειδίας
1110 740 1188 824 έλεγε

149 833 275 916 6,,πλην
301 833 555 916 Δημοσθένους·“
592 837 666 900 ὅθεν
695 834 712 899 6
739 835 940 918 Δημοσθένης
966 837 1038 919 έβύα
1064 837 1188 920 ἐλέγχων

175 930 276 995 αύτύν.
311 931 362 994 καλ
383 935 523 995 τελευτῶν
545 933 588 1007 είς
610 935 750 1015 τοιαύτην
771 929 847 1018 ἦλθε
869 935 981 1016 μανίαν
1004 933 1020 997 6
1044 935 1187 1015 Μειδίας,

175 1027 248 1091 ώστε
269 1027 303 1092 έν
325 1035 365 1116 τῷ
387 1029 504 1116 ύεάτρρν
521 1029 668 1093 κάνδυλον
685 1030 766 1118 αύτρλ
784 1038 944 1115 παρασχεῖν
962 1031 1086 1111 καλιὴν
1104 1031 1187 1116 λερὰν

174 1126 346 1208 περιρρῆξαι
371 1123 492 1207 έσδητα.
536 1126 587 1189 τεαλ
613 1126 687 1190 ίδών
715 1125 731 1190 ὁ
756 1129 851 1209 δῆμος
873 1126 1071 1210 έπεσύριττεν·
1107 1128 1187 1204 ὅστις

175 1221 317 1305 σνρισμδς
338 1222 418 1305 παρὰ
440 1229 502 1298 τοῖς
524 1229 660 1301 παλαιοῖς
682 1225 731 1288 έπλ
752 1233 847 1288 κακοῦ
870 1223 1058 1306 ἐλαμβάνετο.
1099 1223 1187 1287 ἀττελ-

174 1316 243 1382 θών
266 1315 298 1381 δλ
320 1315 338 1381 6
356 1318 555 1400 Δημοσθένης
577 1318 722 1400 ἐσκέψατο
745 1321 797 1384 τὸν
820 1319 953 1402 παρέντα
975 1320 1074 1404 λύγον,
1096 1345 1187 1402 κατη-

174 1425 272 1499 γορῶν
295 1414 388 1480 αδτού
410 1417 562 1497 δημοσίων
580 1417 782 1500 ἀδικημάτων·
804 1416 838 1481 έν
856 1405 881 1505 ᾧ
899 1417 950 1480 καλ
967 1417 1117 1500 διαβάλλει
1134 1418 1187 1482 τὸν

176 1513 309 1576 Μειδίαν
331 1511 373 1588 ὡς
394 1511 545 1592 κλέψαντα
566 1513 624 1577 άττδ
647 1524 707 1578 τών
726 1523 843 1597 χρυσῶν
861 1514 1017 1592 στεφάνων
1034 1513 1115 1598 παρὰ
1133 1524 1187 1578 τού

149 1609 345 1694 σχρυσοχύον.
390 1607 454 1692 ύγει
485 1611 589 1675 τοίνυν
619 1610 711 1674 αύτδν
742 1609 790 1674 έπλ
820 1609 875 1690 τὴν
906 1610 1004 1692 κρίσιν
1036 1608 1053 1672 6
1080 1610 1188 1694 ῥητωρ,

174 1713 330 1794 καταφορᾷ
350 1708 470 1795 πλείστη
492 1707 543 1770 καί
564 1707 641 1794 τύνφ
658 1708 780 1794 σφοδρῷ
799 1708 1071 1789 προσχρησάμενος·
1092 1704 1112 1786 ἡ
1130 1707 1187 1791 γὰρ

175 1813 228 1868 τού
251 1805 384 1868 Μειδίου
410 1803 566 1886 προπίνειν
591 1803 643 1867 καλ
668 1801 688 1884 ἡ
716 1813 775 1867 τῶν
802 1803 982 1886 πραγμάτων
1008 1804 1129 1883 ποιύτης
1150 1815 1187 1892 τη
1300 1819 1301 1890 Ῐ

174 1900 345 1986 καταδρομῇ
368 1908 520 1982 συμμαχεῖ
565 1898 585 1980 ἡ
609 1899 641 1964 δέ
664 1902 762 1975 στάσις
785 1898 886 1983 δρική,
912 1901 1079 1981 ζητούντων
1100 1897 1188 1980 ἡμῶν
1300 1917 1301 1924 ’

175 1998 206 2060 τί
226 1997 303 2061 ῖδιον
327 1994 422 2077 ὄνομα
443 2003 483 2083 τῷ
501 1997 670 2080 ἐγκλήματι·
694 1995 783 2078 ὁμέν
801 1997 858 2080 γάρ
878 1998 1009 2071 Μειδίας
1028 1997 1188 2078 ἰδιωτικόν,

176 2092 193 2157 6
220 2092 253 2157 δέ
275 2093 371 2177 ρήτωρ
394 2095 537 2174 δημόσιον
559 2089 636 2157 είναι
658 2095 871 2168 κατασκευάζει
917 2094 986 2176 ὅρος
1008 2095 1065 2176 γάρ
1088 2094 1178 2175 ἐστιν,
1188 2106 1243 2157 512

175 2184 213 2255 ού
240 2189 272 2253 τδ
299 2188 354 2270 μέν
380 2189 556 2273 πέπρακται,
583 2190 615 2254 τδ
643 2189 675 2254 δέ
701 2192 794 2254 λείπει
819 2190 893 2272 πρὸς
922 2189 1106 2254 αύτοτέλειαν
1133 2203 1187 2256 τού

150 2286 320 2368 λύνύματος
342 2296 395 2351 τού
418 2286 667 2369 έπιτεθησομένου
690 2294 730 2374 τρλ
753 2288 910 2370 πράγματι,
932 2286 973 2362 ὡς
995 2287 1044 2350 έπλ
1065 2298 1118 2351 τοῦ
1138 2311 1188 2351 κε-
1301 2331 1302 2360 ,

175 2385 320 2465 νοτάφιον
342 2383 503 2467 ὀρύξαντας
525 2385 575 2447 καὶ
597 2385 774 2467 κρινομένου
796 2385 1009 2466 τυμβωρυχίας.
1054 2384 1188 2448 ἐνταῦθα

174 2481 231 2565 γὰρ
257 2481 419 2565 πέπρακται
445 2479 501 2562 μέν
527 2481 559 2544 τδ
582 2479 701 2562 ὀρύξαι,
727 2482 819 2544 λείπει
843 2477 875 2542 δέ
898 2480 930 2543 τὸ
953 2483 1050 2561 τάφον
1072 2479 1188 2564 ὀρύξαι,

176 2577 214 2642 ού
235 2579 421 2658 κενοτάφιον.
457 2577 532 2660 λέγει
553 2576 609 2660 γὰρ
633 2575 649 2639 6
672 2578 792 2659 φεύγων
815 2576 874 2658 ,,ού
896 2578 994 2657 τάφον
1015 2573 1126 2660 ώρυξα·
1150 2579 1188 2644 ού

175 2674 231 2758 γάρ
249 2668 338 2755 εύρον
357 2671 492 2756 νεκρόν.“
520 2672 536 2736 δ
556 2673 587 2736 δὲ
606 2675 723 2737 διώκων
740 2673 881 2755 άντιλύγει
899 2674 945 2736 δτι
964 2675 1015 2754 ,,τὸ
1035 2671 1064 2737 δ’
1084 2674 1189 2758 δρύξαι

175 2770 353 2850 κενοτάφιον
374 2771 583 2852 τυμβωρυχίαν
605 2769 691 2854 λέγω·
718 2770 768 2847 [ού
790 2772 846 2854 γὰρ
869 2770 958 2844 αύτδς
975 2770 1059 2859 ᾔδεις
1077 2773 1123 2836 ὅτι
1140 2797 1188 2838 κε-

176 2867 320 2947 νοτάφιόν
347 2864 441 2946 έστιν,
469 2863 532 2928 ἀλλ’
556 2865 598 2942 ὡς
623 2869 721 2945 τάφον
748 2865 894 2950 ὀρύττων,
920 2866 983 2930 έπελ
1009 2872 1188 2950 κενοτάφιον

176 2967 306 3048 εὕρηται,
329 2962 422 3041 ἀξιοῖς
443 2964 485 3044 μὴ
508 2964 616 3028 δούναι
637 2962 770 3044 δίκην.]“
807 2965 883 3028 οὕτω
901 2963 1059 3028 κάνταῦθα
1075 2966 1189 3049 πέπρα-

175 3088 242 3126 κται
259 3059 314 3144 μέν
331 3060 363 3123 τδ
381 3062 476 3140 τύψαι
493 3060 545 3124 τδν
559 3062 772 3144 Δημοσθένην,
790 3063 882 3124 λείπει
900 3059 932 3125 δλ
950 3063 982 3125 τδ
1000 3062 1118 3127 καλέσαι
1135 3065 1189 3129 τδν

176 3158 453 3243 αύτοχειροτάνητον
471 3158 606 3240 χορηγόν.
639 3158 655 3222 6
672 3160 729 3243 γὰρ
744 3157 944 3240 Δημοσθένης
963 3158 1038 3242 λέγει
1056 3160 1101 3224 ὅτι
1119 3184 1189 3243 „2⁰-

176 3257 270 3342 ρηγδν
287 3252 431 3335 έτυψαςέέ,
450 3254 468 3319 6
487 3253 518 3317 δέ
533 3257 663 3330 Μειδίας
682 3256 727 3318 δτι
745 3254 892 3337 ,χορηγὸν
910 3252 1010 3330 ἁπλῶς
1023 3255 1079 3319 οὐκ
1092 3256 1189 3339 ἔτυψα
1279 3267 1284 3286 “

178 3350 463 3435 [αύτοχειροτόνητος
476 3351 532 3434 γὰρ
546 3345 654 3434 ἦσθα],
668 3351 740 3415 άλλδι
750 3350 953 3433 Δημοσθένην
967 3353 1088 3434 ἰδιώτην
1103 3351 1189 3418 ὄντα·

152 3448 211 3512 8οδ
234 3447 267 3512 δέ
289 3449 383 3526 τύψαι
405 3448 526 3529 ἰδιώτην
550 3448 606 3512 ούκ
627 3449 687 3512 έστι
705 3448 849 3530 δημόσιον
867 3447 1027 3529 άδίκημα.“
1054 3451 1189 3528 ,διπλοῦς

180 3543 211 3606 δλ
230 3542 247 3606 6
266 3544 335 3618 ὅρος
350 3544 449 3620 εἴδους
463 3555 515 3608 τού
528 3545 603 3608 κατὰ
617 3547 774 3627 σύλληψιν.
801 3545 875 3607 κατὰ
890 3547 1038 3624 σύλληψιν
1053 3546 1086 3609 δέ
1098 3546 1190 3624 ἔστιν,
