<?xml version="1.0" encoding="UTF-8"?>
<!DOCTYPE html PUBLIC "-//W3C//DTD XHTML 1.0 Transitional//EN"
    "http://www.w3.org/TR/xhtml1/DTD/xhtml1-transitional.dtd">
<html xmlns="http://www.w3.org/1999/xhtml" xml:lang="en" lang="en">
 <head>
  <title>
</title>
<meta http-equiv="Content-Type" content="text/html;charset=utf-8" />
  <meta name='ocr-system' content='tesseract 3.04.00' />
  <meta name='ocr-capabilities' content='ocr_page ocr_carea ocr_par ocr_line ocrx_word'/>
</head>
<body>
  <div class='ocr_page' id='page_1' title='image "./orationes00demogoog_0375.png"; bbox 0 0 2938 4180; ppageno 0'>
   <div class='ocr_carea' id='block_1_1' title="bbox 247 176 951 242">
    <p class='ocr_par' dir='ltr' id='par_1_1' title="bbox 247 176 951 242">
     <span class='ocr_line' id='line_1_1' title="bbox 247 176 951 242; baseline -0.01 0"><span class='ocrx_word' id='word_1_1' title='bbox 247 176 314 242; x_wconf 79' lang='lat'><strong><em>226</em></strong></span> <span class='ocrx_word' id='word_1_2' title='bbox 550 183 649 238; x_wconf 80' lang='lat' dir='ltr'><strong>xxlv.</strong></span> <span class='ocrx_word' id='word_1_3' title='bbox 672 183 951 237; x_wconf 71' lang='grc' dir='ltr'><strong><em>ωεειοεοεαουε</em></strong></span> 
     </span>
    </p>
   </div>
   <div class='ocr_carea' id='block_1_2' title="bbox 290 341 1260 626">
    <p class='ocr_par' dir='ltr' id='par_1_2' title="bbox 290 341 1260 626">
     <span class='ocr_line' id='line_1_2' title="bbox 291 341 1260 430; baseline 0.007 -26"><span class='ocrx_word' id='word_1_4' title='bbox 291 341 361 416; x_wconf 82' lang='grc' dir='ltr'><strong><em>τούς</em></strong></span> <span class='ocrx_word' id='word_1_5' title='bbox 388 345 721 430; x_wconf 73' lang='grc' dir='ltr'><strong><em>συναπολογησομένους</em></strong></span> <span class='ocrx_word' id='word_1_6' title='bbox 745 345 797 410; x_wconf 81' lang='grc' dir='ltr'><strong><em>τὸν</em></strong></span> <span class='ocrx_word' id='word_1_7' title='bbox 820 347 916 430; x_wconf 76' lang='grc' dir='ltr'><strong><em>δῆμον</em></strong></span> <span class='ocrx_word' id='word_1_8' title='bbox 938 353 999 422; x_wconf 85' lang='grc' dir='ltr'><strong><em>τοῖς</em></strong></span> <span class='ocrx_word' id='word_1_9' title='bbox 1022 349 1141 430; x_wconf 87' lang='grc' dir='ltr'><strong><em>νόμοις,</em></strong></span> <span class='ocrx_word' id='word_1_10' title='bbox 1168 351 1199 412; x_wconf 75' lang='grc' dir='ltr'><strong><em>οἳ</em></strong></span> <span class='ocrx_word' id='word_1_11' title='bbox 1220 347 1260 411; x_wconf 80' lang='grc' dir='ltr'><strong><em>ἀν</em></strong></span> 
     </span>
     <span class='ocr_line' id='line_1_3' title="bbox 290 437 1259 527; baseline 0.007 -26"><span class='ocrx_word' id='word_1_12' title='bbox 290 437 324 501; x_wconf 85' lang='grc' dir='ltr'><strong><em>έν</em></strong></span> <span class='ocrx_word' id='word_1_13' title='bbox 346 446 407 514; x_wconf 86' lang='grc' dir='ltr'><strong><em>τοῖς</em></strong></span> <span class='ocrx_word' id='word_1_14' title='bbox 429 441 608 523; x_wconf 79' lang='grc' dir='ltr'><strong><em>νομοθέταις</em></strong></span> <span class='ocrx_word' id='word_1_15' title='bbox 630 445 772 524; x_wconf 89' lang='grc' dir='ltr'><strong><em>λύωνται,</em></strong></span> <span class='ocrx_word' id='word_1_16' title='bbox 794 442 880 506; x_wconf 89' lang='grc' dir='ltr'><strong><em>πέντε</em></strong></span> <span class='ocrx_word' id='word_1_17' title='bbox 902 441 1015 527; x_wconf 88' lang='grc' dir='ltr'><strong><em>άνδρας</em></strong></span> <span class='ocrx_word' id='word_1_18' title='bbox 1036 443 1066 520; x_wconf 79' lang='grc' dir='ltr'><strong><em>έξ</em></strong></span> <span class='ocrx_word' id='word_1_19' title='bbox 1087 440 1259 526; x_wconf 84' lang='grc' dir='ltr'><strong><em>Ἀθηναίων</em></strong></span> 
     </span>
     <span class='ocr_line' id='line_1_4' title="bbox 292 533 1129 626; baseline 0.006 -28"><span class='ocrx_word' id='word_1_20' title='bbox 292 533 448 619; x_wconf 78' lang='grc' dir='ltr'><strong><em>ἁπάντων,</em></strong></span> <span class='ocrx_word' id='word_1_21' title='bbox 469 548 506 626; x_wconf 77' lang='grc' dir='ltr'><strong><em>τῇ</em></strong></span> <span class='ocrx_word' id='word_1_22' title='bbox 528 538 669 626; x_wconf 73' lang='grc' dir='ltr'><strong><em>ἑνδεκάτη</em></strong></span> <span class='ocrx_word' id='word_1_23' title='bbox 691 549 744 602; x_wconf 83' lang='grc' dir='ltr'><strong><em>τοῦ</em></strong></span> <span class='ocrx_word' id='word_1_24' title='bbox 767 537 1003 621; x_wconf 75' lang='grc' dir='ltr'><strong><em>ἑκατομβαιῶνος</em></strong></span> <span class='ocrx_word' id='word_1_25' title='bbox 1026 540 1129 621; x_wconf 89' lang='grc' dir='ltr'><strong><em>μηνός.</em></strong></span> 
     </span>
    </p>
   </div>
   <div class='ocr_carea' id='block_1_3' title="bbox 202 650 1314 3599">
    <p class='ocr_par' dir='ltr' id='par_1_3' title="bbox 202 650 1314 3599">
     <span class='ocr_line' id='line_1_5' title="bbox 208 650 1260 745; baseline 0.003 -24"><span class='ocrx_word' id='word_1_26' title='bbox 208 675 235 713; x_wconf 76' lang='lat'><strong><em>2⁴</em></strong></span> <span class='ocrx_word' id='word_1_27' title='bbox 339 650 441 724; x_wconf 83' lang='grc' dir='ltr'><strong><em>Οὗτοι</em></strong></span> <span class='ocrx_word' id='word_1_28' title='bbox 463 658 583 735; x_wconf 87' lang='grc' dir='ltr'><strong><em>πάντες</em></strong></span> <span class='ocrx_word' id='word_1_29' title='bbox 606 659 642 725; x_wconf 88' lang='grc' dir='ltr'><strong><em>οἰ</em></strong></span> <span class='ocrx_word' id='word_1_30' title='bbox 661 661 760 742; x_wconf 89' lang='grc' dir='ltr'><strong><em>νόμοι</em></strong></span> <span class='ocrx_word' id='word_1_31' title='bbox 782 670 907 725; x_wconf 76' lang='grc' dir='ltr'><strong><em>κεῖνται</em></strong></span> <span class='ocrx_word' id='word_1_32' title='bbox 927 661 1034 726; x_wconf 88' lang='grc' dir='ltr'><strong><em>πολύν</em></strong></span> <span class='ocrx_word' id='word_1_33' title='bbox 1051 659 1116 744; x_wconf 72' lang='grc' dir='ltr'><strong><em>ἤδη</em></strong></span> <span class='ocrx_word' id='word_1_34' title='bbox 1134 662 1260 745; x_wconf 79' lang='grc' dir='ltr'><strong><em>χρόνον</em></strong></span> 
     </span>
     <span class='ocr_line' id='line_1_6' title="bbox 247 756 1260 851; baseline 0.003 -23"><span class='ocrx_word' id='word_1_35' title='bbox 247 756 274 828; x_wconf 82' lang='grc' dir='ltr'><strong>ὧ</strong></span> <span class='ocrx_word' id='word_1_36' title='bbox 297 762 419 849; x_wconf 75' lang='grc' dir='ltr'><strong><em>ἄνδρες</em></strong></span> <span class='ocrx_word' id='word_1_37' title='bbox 441 763 603 848; x_wconf 90' lang='grc' dir='ltr'><strong><em>δικασταί,</em></strong></span> <span class='ocrx_word' id='word_1_38' title='bbox 626 761 683 830; x_wconf 87' lang='grc' dir='ltr'><strong><em>καλ</em></strong></span> <span class='ocrx_word' id='word_1_39' title='bbox 704 775 823 851; x_wconf 72' lang='grc' dir='ltr'><strong><em>πεῖραν</em></strong></span> <span class='ocrx_word' id='word_1_40' title='bbox 846 764 957 833; x_wconf 78' lang='grc' dir='ltr'><strong><em>αὑτῶν</em></strong></span> <span class='ocrx_word' id='word_1_41' title='bbox 979 765 1136 842; x_wconf 77' lang='grc' dir='ltr'><strong><em>πολλάκις</em></strong></span> <span class='ocrx_word' id='word_1_42' title='bbox 1157 766 1260 831; x_wconf 85' lang='grc' dir='ltr'><strong><em>δεδύ-</em></strong></span> 
     </span>
     <span class='ocr_line' id='line_1_7' title="bbox 245 862 1256 956; baseline 0.004 -24"><span class='ocrx_word' id='word_1_43' title='bbox 245 862 319 933; x_wconf 88' lang='grc' dir='ltr'><strong><em>κασ’</em></strong></span> <span class='ocrx_word' id='word_1_44' title='bbox 351 869 402 934; x_wconf 84' lang='grc' dir='ltr'><strong><em>ὅτι</em></strong></span> <span class='ocrx_word' id='word_1_45' title='bbox 433 869 659 956; x_wconf 85' lang='grc' dir='ltr'><strong><em>συμφέροντες</em></strong></span> <span class='ocrx_word' id='word_1_46' title='bbox 690 870 770 956; x_wconf 73' lang='grc' dir='ltr'><strong><em>ύμῖν</em></strong></span> <span class='ocrx_word' id='word_1_47' title='bbox 798 873 877 955; x_wconf 87' lang='grc' dir='ltr'><strong><em>εἰσι,</em></strong></span> <span class='ocrx_word' id='word_1_48' title='bbox 909 869 964 940; x_wconf 87' lang='grc' dir='ltr'><strong><em>καί</em></strong></span> <span class='ocrx_word' id='word_1_49' title='bbox 992 869 1103 948; x_wconf 75' lang='grc' dir='ltr'><strong><em>οὐδεὶς</em></strong></span> <span class='ocrx_word' id='word_1_50' title='bbox 1129 866 1256 937; x_wconf 80' lang='grc' dir='ltr'><strong><em>πώποτ’</em></strong></span> 
     </span>
     <span class='ocr_line' id='line_1_8' title="bbox 246 972 1259 1063; baseline 0.004 -25"><span class='ocrx_word' id='word_1_51' title='bbox 246 972 399 1040; x_wconf 71' lang='grc' dir='ltr'><strong><em>ἀντεῖπεν</em></strong></span> <span class='ocrx_word' id='word_1_52' title='bbox 426 977 470 1060; x_wconf 82' lang='grc' dir='ltr'><strong><em>μη</em></strong></span> <span class='ocrx_word' id='word_1_53' title='bbox 499 976 540 1042; x_wconf 92' lang='grc' dir='ltr'><strong><em>ού</em></strong></span> <span class='ocrx_word' id='word_1_54' title='bbox 567 981 674 1054; x_wconf 77' lang='grc' dir='ltr'><strong><em>καλῶς</em></strong></span> <span class='ocrx_word' id='word_1_55' title='bbox 697 980 785 1063; x_wconf 79' lang='grc' dir='ltr'><strong><em>ἔχειν</em></strong></span> <span class='ocrx_word' id='word_1_56' title='bbox 807 977 936 1055; x_wconf 89' lang='grc' dir='ltr'><strong><em>αύτούς.</em></strong></span> <span class='ocrx_word' id='word_1_57' title='bbox 982 978 1130 1054; x_wconf 84' lang='grc' dir='ltr'><strong><em>εἰκότως·</em></strong></span> <span class='ocrx_word' id='word_1_58' title='bbox 1157 973 1259 1043; x_wconf 75' lang='grc' dir='ltr'><strong><em>οὐδέν</em></strong></span> 
     </span>
     <span class='ocr_line' id='line_1_9' title="bbox 246 1078 1261 1169; baseline 0.005 -26"><span class='ocrx_word' id='word_1_59' title='bbox 246 1080 309 1165; x_wconf 80' lang='grc' dir='ltr'><strong><em>μὰρ</em></strong></span> <span class='ocrx_word' id='word_1_60' title='bbox 337 1078 430 1165; x_wconf 82' lang='grc' dir='ltr'><strong><em>ὠμὸν</em></strong></span> <span class='ocrx_word' id='word_1_61' title='bbox 457 1078 537 1147; x_wconf 72' lang='grc' dir='ltr'><strong><em>οὐδὲ</em></strong></span> <span class='ocrx_word' id='word_1_62' title='bbox 564 1085 677 1166; x_wconf 81' lang='grc' dir='ltr'><strong><em>βίαιον</em></strong></span> <span class='ocrx_word' id='word_1_63' title='bbox 703 1079 776 1149; x_wconf 86' lang='grc' dir='ltr'><strong><em>οὐδ’</em></strong></span> <span class='ocrx_word' id='word_1_64' title='bbox 803 1081 1016 1169; x_wconf 76' lang='grc' dir='ltr'><strong><em>ὀλιγαρχικὸν</em></strong></span> <span class='ocrx_word' id='word_1_65' title='bbox 1036 1083 1261 1168; x_wconf 82' lang='grc' dir='ltr'><strong><em>προστάττου-</em></strong></span> 
     </span>
     <span class='ocr_line' id='line_1_10' title="bbox 246 1185 1260 1274; baseline 0.006 -25"><span class='ocrx_word' id='word_1_66' title='bbox 246 1200 316 1267; x_wconf 91' lang='grc' dir='ltr'><strong><em>σιν,</em></strong></span> <span class='ocrx_word' id='word_1_67' title='bbox 346 1185 429 1252; x_wconf 84' lang='grc' dir='ltr'><strong><em>ἀλλά</em></strong></span> <span class='ocrx_word' id='word_1_68' title='bbox 456 1187 654 1254; x_wconf 81' lang='grc' dir='ltr'><strong><em>τούναντίον</em></strong></span> <span class='ocrx_word' id='word_1_69' title='bbox 678 1189 786 1254; x_wconf 90' lang='grc' dir='ltr'><strong><em>πάντα</em></strong></span> <span class='ocrx_word' id='word_1_70' title='bbox 809 1189 1057 1274; x_wconf 76' lang='grc' dir='ltr'><strong><em>φιλανθρώπως</em></strong></span> <span class='ocrx_word' id='word_1_71' title='bbox 1078 1186 1134 1254; x_wconf 89' lang='grc' dir='ltr'><strong><em>καί</em></strong></span> <span class='ocrx_word' id='word_1_72' title='bbox 1157 1190 1260 1272; x_wconf 89' lang='grc' dir='ltr'><strong><em>δημο-</em></strong></span> 
     </span>
     <span class='ocr_line' id='line_1_11' title="bbox 206 1289 1260 1379; baseline 0.006 -25"><span class='ocrx_word' id='word_1_73' title='bbox 206 1307 232 1348; x_wconf 75' lang='grc' dir='ltr'><strong><em>ισ</em></strong></span> <span class='ocrx_word' id='word_1_74' title='bbox 245 1301 344 1368; x_wconf 81' lang='grc' dir='ltr'><strong><em>τικως</em></strong></span> <span class='ocrx_word' id='word_1_75' title='bbox 371 1293 534 1377; x_wconf 79' lang='grc' dir='ltr'><strong><em>φράζουσι</em></strong></span> <span class='ocrx_word' id='word_1_76' title='bbox 561 1294 724 1377; x_wconf 79' lang='grc' dir='ltr'><strong><em>πράττειν.</em></strong></span> <span class='ocrx_word' id='word_1_77' title='bbox 770 1292 825 1360; x_wconf 89' lang='grc' dir='ltr'><strong><em>καί</em></strong></span> <span class='ocrx_word' id='word_1_78' title='bbox 851 1307 985 1379; x_wconf 84' lang='grc' dir='ltr'><strong><em>πρῶτον</em></strong></span> <span class='ocrx_word' id='word_1_79' title='bbox 1011 1291 1073 1378; x_wconf 73' lang='grc' dir='ltr'><strong><em>μέν</em></strong></span> <span class='ocrx_word' id='word_1_80' title='bbox 1098 1289 1151 1379; x_wconf 81' lang='grc' dir='ltr'><strong><em>ἐφ’</em></strong></span> <span class='ocrx_word' id='word_1_81' title='bbox 1177 1294 1260 1378; x_wconf 78' lang='grc' dir='ltr'><strong><em>ὑμῖν</em></strong></span> 
     </span>
     <span class='ocr_line' id='line_1_12' title="bbox 247 1395 1260 1484; baseline 0.003 -22"><span class='ocrx_word' id='word_1_82' title='bbox 247 1395 406 1480; x_wconf 76' lang='grc' dir='ltr'><strong><em>ἐποίησαν</em></strong></span> <span class='ocrx_word' id='word_1_83' title='bbox 424 1400 699 1484; x_wconf 77' lang='grc' dir='ltr'><strong><em>διαχειροτονίαν,</em></strong></span> <span class='ocrx_word' id='word_1_84' title='bbox 717 1398 828 1484; x_wconf 86' lang='grc' dir='ltr'><strong><em>πότερ’</em></strong></span> <span class='ocrx_word' id='word_1_85' title='bbox 850 1398 1029 1477; x_wconf 78' lang='grc' dir='ltr'><strong><em>εἰσοιστέος</em></strong></span> <span class='ocrx_word' id='word_1_86' title='bbox 1046 1403 1149 1484; x_wconf 90' lang='grc' dir='ltr'><strong><em>νόμος</em></strong></span> <span class='ocrx_word' id='word_1_87' title='bbox 1167 1397 1260 1465; x_wconf 90' lang='grc' dir='ltr'><strong><em>έστίν</em></strong></span> 
     </span>
     <span class='ocr_line' id='line_1_13' title="bbox 245 1500 1255 1591; baseline 0.003 -23"><span class='ocrx_word' id='word_1_88' title='bbox 245 1505 369 1586; x_wconf 88' lang='grc' dir='ltr'><strong><em>καινός,</em></strong></span> <span class='ocrx_word' id='word_1_89' title='bbox 391 1503 413 1588; x_wconf 74' lang='grc' dir='ltr'><em>ἢ</em></span> <span class='ocrx_word' id='word_1_90' title='bbox 436 1505 596 1570; x_wconf 86' lang='grc' dir='ltr'><strong><em>δοκοῦσιν</em></strong></span> <span class='ocrx_word' id='word_1_91' title='bbox 619 1505 732 1590; x_wconf 75' lang='grc' dir='ltr'><strong><em>ἀρκεῖν</em></strong></span> <span class='ocrx_word' id='word_1_92' title='bbox 755 1506 791 1572; x_wconf 89' lang='grc' dir='ltr'><strong><em>οἰ</em></strong></span> <span class='ocrx_word' id='word_1_93' title='bbox 810 1511 969 1591; x_wconf 91' lang='grc' dir='ltr'><strong><em>κείμενοι·</em></strong></span> <span class='ocrx_word' id='word_1_94' title='bbox 993 1506 1073 1590; x_wconf 75' lang='grc' dir='ltr'><strong><em>μετὰ</em></strong></span> <span class='ocrx_word' id='word_1_95' title='bbox 1095 1513 1198 1570; x_wconf 84' lang='grc' dir='ltr'><strong><em>ταῦτα</em></strong></span> <span class='ocrx_word' id='word_1_96' title='bbox 1222 1500 1255 1571; x_wconf 87' lang='grc' dir='ltr'><strong><em>δ’</em></strong></span> 
     </span>
     <span class='ocr_line' id='line_1_14' title="bbox 246 1605 1258 1697; baseline 0.005 -24"><span class='ocrx_word' id='word_1_97' title='bbox 246 1605 288 1674; x_wconf 82' lang='grc' dir='ltr'><strong><em>ἂν</em></strong></span> <span class='ocrx_word' id='word_1_98' title='bbox 311 1607 555 1695; x_wconf 77' lang='grc' dir='ltr'><strong><em>χειροτονησητ’</em></strong></span> <span class='ocrx_word' id='word_1_99' title='bbox 579 1610 757 1696; x_wconf 76' lang='grc' dir='ltr'><strong><em>εἰσφέρειν,</em></strong></span> <span class='ocrx_word' id='word_1_100' title='bbox 781 1611 842 1678; x_wconf 88' lang='grc' dir='ltr'><strong><em>ούκ</em></strong></span> <span class='ocrx_word' id='word_1_101' title='bbox 866 1612 971 1689; x_wconf 85' lang='grc' dir='ltr'><strong><em>εύθύς</em></strong></span> <span class='ocrx_word' id='word_1_102' title='bbox 988 1609 1120 1676; x_wconf 87' lang='grc' dir='ltr'><strong><em>τιθέναι</em></strong></span> <span class='ocrx_word' id='word_1_103' title='bbox 1138 1610 1258 1697; x_wconf 83' lang='grc' dir='ltr'><strong><em>προσέ-</em></strong></span> 
     </span>
     <span class='ocr_line' id='line_1_15' title="bbox 245 1714 1253 1799; baseline 0.006 -22"><span class='ocrx_word' id='word_1_104' title='bbox 245 1714 355 1797; x_wconf 83' lang='grc' dir='ltr'><strong><em>ταξαν,</em></strong></span> <span class='ocrx_word' id='word_1_105' title='bbox 379 1714 462 1780; x_wconf 79' lang='grc' dir='ltr'><strong><em>ἀλλὰ</em></strong></span> <span class='ocrx_word' id='word_1_106' title='bbox 484 1715 546 1798; x_wconf 80' lang='grc' dir='ltr'><strong><em>τὴν</em></strong></span> <span class='ocrx_word' id='word_1_107' title='bbox 567 1717 682 1798; x_wconf 79' lang='grc' dir='ltr'><strong><em>τρίτην</em></strong></span> <span class='ocrx_word' id='word_1_108' title='bbox 703 1715 877 1795; x_wconf 75' lang='grc' dir='ltr'><strong><em>ἀπέδειξαν</em></strong></span> <span class='ocrx_word' id='word_1_109' title='bbox 897 1716 1083 1799; x_wconf 80' lang='grc' dir='ltr'><strong><em>ἐκκλησίαν,</em></strong></span> <span class='ocrx_word' id='word_1_110' title='bbox 1105 1714 1162 1782; x_wconf 86' lang='grc' dir='ltr'><strong><em>καλ</em></strong></span> <span class='ocrx_word' id='word_1_111' title='bbox 1180 1715 1253 1783; x_wconf 89' lang='grc' dir='ltr'><strong><em>οὐδ’</em></strong></span> 
     </span>
     <span class='ocr_line' id='line_1_16' title="bbox 245 1817 1258 1906; baseline 0.005 -22"><span class='ocrx_word' id='word_1_112' title='bbox 245 1818 282 1884; x_wconf 87' lang='grc' dir='ltr'><strong><em>έν</em></strong></span> <span class='ocrx_word' id='word_1_113' title='bbox 304 1820 407 1906; x_wconf 79' lang='grc' dir='ltr'><strong><em>ταύτῃ</em></strong></span> <span class='ocrx_word' id='word_1_114' title='bbox 428 1818 561 1884; x_wconf 83' lang='grc' dir='ltr'><strong><em>τιθέναι</em></strong></span> <span class='ocrx_word' id='word_1_115' title='bbox 584 1821 783 1906; x_wconf 84' lang='grc' dir='ltr'><strong><em>δεδώκασιν,</em></strong></span> <span class='ocrx_word' id='word_1_116' title='bbox 812 1821 895 1888; x_wconf 84' lang='grc' dir='ltr'><strong><em>ἀλλά</em></strong></span> <span class='ocrx_word' id='word_1_117' title='bbox 922 1820 1111 1899; x_wconf 80' lang='grc' dir='ltr'><strong><em>σκέψασθαι</em></strong></span> <span class='ocrx_word' id='word_1_118' title='bbox 1132 1817 1210 1888; x_wconf 88' lang='grc' dir='ltr'><strong><em>καθ’</em></strong></span> <span class='ocrx_word' id='word_1_119' title='bbox 1237 1823 1258 1889; x_wconf 80' lang='grc' dir='ltr'>ὅ</span> 
     </span>
     <span class='ocr_line' id='line_1_17' title="bbox 244 1923 1314 2016; baseline 0.002 -26"><span class='ocrx_word' id='word_1_120' title='bbox 244 1947 277 1990; x_wconf 91' lang='grc' dir='ltr'><strong><em>τι</em></strong></span> <span class='ocrx_word' id='word_1_121' title='bbox 298 1928 377 2002; x_wconf 87' lang='grc' dir='ltr'><strong><em>τοὺς</em></strong></span> <span class='ocrx_word' id='word_1_122' title='bbox 398 1923 584 2013; x_wconf 84' lang='grc' dir='ltr'><strong><em>νομοθέτας</em></strong></span> <span class='ocrx_word' id='word_1_123' title='bbox 605 1932 761 1992; x_wconf 82' lang='grc' dir='ltr'><strong><em>καθιεῖτε.</em></strong></span> <span class='ocrx_word' id='word_1_124' title='bbox 805 1927 841 1994; x_wconf 88' lang='grc' dir='ltr'><strong><em>έν</em></strong></span> <span class='ocrx_word' id='word_1_125' title='bbox 865 1924 902 1994; x_wconf 74' lang='grc' dir='ltr'><strong><em>δέ</em></strong></span> <span class='ocrx_word' id='word_1_126' title='bbox 925 1935 970 2016; x_wconf 71' lang='grc' dir='ltr'><strong><em>τῷ</em></strong></span> <span class='ocrx_word' id='word_1_127' title='bbox 994 1926 1114 2012; x_wconf 82' lang='grc' dir='ltr'><strong><em>μεταξύ</em></strong></span> <span class='ocrx_word' id='word_1_128' title='bbox 1136 1932 1245 2016; x_wconf 78' lang='grc' dir='ltr'><strong><em>χρόνῳ</em></strong></span> <span class='ocrx_word' id='word_1_129' title='bbox 1258 1941 1314 1992; x_wconf 73' lang='lat'><strong><em>⁷08</em></strong></span> 
     </span>
     <span class='ocr_line' id='line_1_18' title="bbox 243 2028 1258 2118; baseline 0.003 -22"><span class='ocrx_word' id='word_1_130' title='bbox 243 2032 350 2118; x_wconf 77' lang='grc' dir='ltr'><strong><em>τούτῳ</em></strong></span> <span class='ocrx_word' id='word_1_131' title='bbox 378 2028 582 2116; x_wconf 79' lang='grc' dir='ltr'><strong><em>προσέταξαν</em></strong></span> <span class='ocrx_word' id='word_1_132' title='bbox 608 2042 679 2109; x_wconf 82' lang='grc' dir='ltr'><strong><em>τοῖς</em></strong></span> <span class='ocrx_word' id='word_1_133' title='bbox 700 2031 918 2117; x_wconf 78' lang='grc' dir='ltr'><strong><em>βουλομένοις</em></strong></span> <span class='ocrx_word' id='word_1_134' title='bbox 940 2031 1109 2118; x_wconf 90' lang='grc' dir='ltr'><strong><em>εἰσφέρειν</em></strong></span> <span class='ocrx_word' id='word_1_135' title='bbox 1131 2033 1258 2100; x_wconf 82' lang='grc' dir='ltr'><strong><em>ἐκτιθέ-</em></strong></span> 
     </span>
     <span class='ocr_line' id='line_1_19' title="bbox 244 2132 1257 2224; baseline 0.006 -24"><span class='ocrx_word' id='word_1_136' title='bbox 244 2160 301 2201; x_wconf 89' lang='grc' dir='ltr'><strong><em>ναι</em></strong></span> <span class='ocrx_word' id='word_1_137' title='bbox 323 2139 401 2213; x_wconf 86' lang='grc' dir='ltr'><strong><em>τοὺς</em></strong></span> <span class='ocrx_word' id='word_1_138' title='bbox 419 2139 543 2221; x_wconf 91' lang='grc' dir='ltr'><strong><em>νόμους</em></strong></span> <span class='ocrx_word' id='word_1_139' title='bbox 560 2139 712 2222; x_wconf 86' lang='grc' dir='ltr'><strong><em>πρόσθεν</em></strong></span> <span class='ocrx_word' id='word_1_140' title='bbox 730 2149 797 2204; x_wconf 82' lang='grc' dir='ltr'><strong><em>των</em></strong></span> <span class='ocrx_word' id='word_1_141' title='bbox 816 2137 1010 2222; x_wconf 89' lang='grc' dir='ltr'><strong><em>έπωνύμων,</em></strong></span> <span class='ocrx_word' id='word_1_142' title='bbox 1033 2132 1078 2204; x_wconf 75' lang='grc' dir='ltr'><strong><em>ἵν’</em></strong></span> <span class='ocrx_word' id='word_1_143' title='bbox 1101 2139 1119 2205; x_wconf 89' lang='grc' dir='ltr'><strong>ὁ</strong></span> <span class='ocrx_word' id='word_1_144' title='bbox 1137 2143 1257 2224; x_wconf 79' lang='grc' dir='ltr'><strong><em>βουλό-</em></strong></span> 
     </span>
     <span class='ocr_line' id='line_1_20' title="bbox 245 2234 1257 2332; baseline 0.002 -24"><span class='ocrx_word' id='word_1_145' title='bbox 245 2265 344 2328; x_wconf 88' lang='grc' dir='ltr'><strong><em>μενος</em></strong></span> <span class='ocrx_word' id='word_1_146' title='bbox 361 2241 529 2326; x_wconf 83' lang='grc' dir='ltr'><strong><em>σκέψηται,</em></strong></span> <span class='ocrx_word' id='word_1_147' title='bbox 548 2234 611 2308; x_wconf 84' lang='grc' dir='ltr'><strong><em>κάν</em></strong></span> <span class='ocrx_word' id='word_1_148' title='bbox 630 2243 829 2328; x_wconf 88' lang='grc' dir='ltr'><strong><em>ἀσύμφορον</em></strong></span> <span class='ocrx_word' id='word_1_149' title='bbox 847 2243 928 2328; x_wconf 78' lang='grc' dir='ltr'><strong><em>ύμῖν</em></strong></span> <span class='ocrx_word' id='word_1_150' title='bbox 944 2245 1062 2329; x_wconf 85' lang='grc' dir='ltr'><strong><em>κατίδη</em></strong></span> <span class='ocrx_word' id='word_1_151' title='bbox 1081 2267 1124 2328; x_wconf 89' lang='grc' dir='ltr'><strong><em>τι,</em></strong></span> <span class='ocrx_word' id='word_1_152' title='bbox 1143 2247 1257 2332; x_wconf 87' lang='grc' dir='ltr'><strong><em>φράση</em></strong></span> 
     </span>
     <span class='ocr_line' id='line_1_21' title="bbox 205 2346 1258 2436; baseline 0.009 -28"><span class='ocrx_word' id='word_1_153' title='bbox 205 2368 231 2409; x_wconf 82' lang='grc' dir='ltr'><strong><em>ιε</em></strong></span> <span class='ocrx_word' id='word_1_154' title='bbox 244 2346 300 2414; x_wconf 89' lang='grc' dir='ltr'><strong><em>καί</em></strong></span> <span class='ocrx_word' id='word_1_155' title='bbox 330 2350 412 2414; x_wconf 80' lang='grc' dir='ltr'><strong><em>κατὰ</em></strong></span> <span class='ocrx_word' id='word_1_156' title='bbox 444 2349 567 2434; x_wconf 77' lang='grc' dir='ltr'><strong><em>σχολὴν</em></strong></span> <span class='ocrx_word' id='word_1_157' title='bbox 597 2348 742 2436; x_wconf 86' lang='grc' dir='ltr'><strong><em>ἀντείπη.</em></strong></span> <span class='ocrx_word' id='word_1_158' title='bbox 791 2351 920 2415; x_wconf 91' lang='grc' dir='ltr'><strong><em>τούτων</em></strong></span> <span class='ocrx_word' id='word_1_159' title='bbox 947 2346 1060 2433; x_wconf 84' lang='grc' dir='ltr'><strong><em>μέντοι</em></strong></span> <span class='ocrx_word' id='word_1_160' title='bbox 1086 2352 1258 2417; x_wconf 82' lang='grc' dir='ltr'><strong><em>τοσούτων</em></strong></span> 
     </span>
     <span class='ocr_line' id='line_1_22' title="bbox 244 2451 1256 2544; baseline 0.002 -24"><span class='ocrx_word' id='word_1_161' title='bbox 244 2455 352 2521; x_wconf 78' lang='grc' dir='ltr'><strong><em>ὄντων</em></strong></span> <span class='ocrx_word' id='word_1_162' title='bbox 380 2451 481 2520; x_wconf 75' lang='grc' dir='ltr'><strong><em>ούδὲν</em></strong></span> <span class='ocrx_word' id='word_1_163' title='bbox 508 2458 665 2538; x_wconf 84' lang='grc' dir='ltr'><strong><em>πεποίηκε</em></strong></span> <span class='ocrx_word' id='word_1_164' title='bbox 696 2457 901 2541; x_wconf 88' lang='grc' dir='ltr'><strong><em>Τιμοκράτης</em></strong></span> <span class='ocrx_word' id='word_1_165' title='bbox 929 2454 1047 2521; x_wconf 86' lang='grc' dir='ltr'><strong><em>οὑτοσί</em></strong></span> <span class='ocrx_word' id='word_1_166' title='bbox 1050 2475 1058 2491; x_wconf 84' lang='grc'><em>·</em></span> <span class='ocrx_word' id='word_1_167' title='bbox 1088 2457 1165 2522; x_wconf 81' lang='grc' dir='ltr'><strong><em>οὕτε</em></strong></span> <span class='ocrx_word' id='word_1_168' title='bbox 1191 2458 1256 2544; x_wconf 79' lang='grc' dir='ltr'><strong><em>γὰρ</em></strong></span> 
     </span>
     <span class='ocr_line' id='line_1_23' title="bbox 246 2555 1256 2646; baseline 0.003 -20"><span class='ocrx_word' id='word_1_169' title='bbox 246 2559 381 2644; x_wconf 81' lang='grc' dir='ltr'><strong><em>ἐξέθηκε</em></strong></span> <span class='ocrx_word' id='word_1_170' title='bbox 403 2561 463 2626; x_wconf 84' lang='grc' dir='ltr'><strong><em>τὸν</em></strong></span> <span class='ocrx_word' id='word_1_171' title='bbox 485 2563 606 2645; x_wconf 85' lang='grc' dir='ltr'><strong><em>νόμον,</em></strong></span> <span class='ocrx_word' id='word_1_172' title='bbox 635 2555 707 2628; x_wconf 81' lang='grc' dir='ltr'><strong><em>οὔτ’</em></strong></span> <span class='ocrx_word' id='word_1_173' title='bbox 733 2563 856 2627; x_wconf 82' lang='grc' dir='ltr'><strong><em>ἔδωκεν</em></strong></span> <span class='ocrx_word' id='word_1_174' title='bbox 880 2569 913 2628; x_wconf 86' lang='grc' dir='ltr'><strong><em>εἰ</em></strong></span> <span class='ocrx_word' id='word_1_175' title='bbox 930 2585 981 2639; x_wconf 90' lang='grc' dir='ltr'><strong><em>τις</em></strong></span> <span class='ocrx_word' id='word_1_176' title='bbox 1004 2557 1150 2646; x_wconf 79' lang='grc' dir='ltr'><strong><em>ἐβούλετ’</em></strong></span> <span class='ocrx_word' id='word_1_177' title='bbox 1176 2563 1256 2629; x_wconf 92' lang='grc' dir='ltr'><strong><em>ἀνα-</em></strong></span> 
     </span>
     <span class='ocr_line' id='line_1_24' title="bbox 243 2664 1257 2753; baseline 0.004 -23"><span class='ocrx_word' id='word_1_178' title='bbox 243 2668 346 2749; x_wconf 82' lang='grc' dir='ltr'><strong><em>γνοὺς</em></strong></span> <span class='ocrx_word' id='word_1_179' title='bbox 369 2664 549 2749; x_wconf 74' lang='grc' dir='ltr'><strong><em>ἀπειπεῖν,</em></strong></span> <span class='ocrx_word' id='word_1_180' title='bbox 576 2664 646 2732; x_wconf 75' lang='grc' dir='ltr'><strong><em>οὔτ’</em></strong></span> <span class='ocrx_word' id='word_1_181' title='bbox 674 2666 845 2752; x_wconf 86' lang='grc' dir='ltr'><strong><em>ἀνέμεινεν</em></strong></span> <span class='ocrx_word' id='word_1_182' title='bbox 868 2665 990 2735; x_wconf 86' lang='grc' dir='ltr'><strong><em>υύδένα</em></strong></span> <span class='ocrx_word' id='word_1_183' title='bbox 1012 2677 1080 2733; x_wconf 81' lang='grc' dir='ltr'><strong><em>τῶν</em></strong></span> <span class='ocrx_word' id='word_1_184' title='bbox 1102 2666 1257 2753; x_wconf 77' lang='grc' dir='ltr'><strong><em>τεταγμέ-</em></strong></span> 
     </span>
     <span class='ocr_line' id='line_1_25' title="bbox 242 2766 1256 2861; baseline 0.001 -24"><span class='ocrx_word' id='word_1_185' title='bbox 242 2796 313 2837; x_wconf 85' lang='grc' dir='ltr'><strong><em>νων</em></strong></span> <span class='ocrx_word' id='word_1_186' title='bbox 336 2773 467 2856; x_wconf 81' lang='grc' dir='ltr'><strong><em>χρόνων</em></strong></span> <span class='ocrx_word' id='word_1_187' title='bbox 491 2771 527 2837; x_wconf 85' lang='grc' dir='ltr'><strong><em>έν</em></strong></span> <span class='ocrx_word' id='word_1_188' title='bbox 548 2783 619 2850; x_wconf 79' lang='grc' dir='ltr'><strong><em>τοῖς</em></strong></span> <span class='ocrx_word' id='word_1_189' title='bbox 640 2775 767 2857; x_wconf 81' lang='grc' dir='ltr'><strong><em>νόμους,</em></strong></span> <span class='ocrx_word' id='word_1_190' title='bbox 791 2774 873 2839; x_wconf 82' lang='grc' dir='ltr'><strong><em>ἀλλὰ</em></strong></span> <span class='ocrx_word' id='word_1_191' title='bbox 896 2780 954 2856; x_wconf 79' lang='grc' dir='ltr'><strong><em>τῆς</em></strong></span> <span class='ocrx_word' id='word_1_192' title='bbox 972 2771 1154 2857; x_wconf 81' lang='grc' dir='ltr'><strong><em>ἐκκλησίας,</em></strong></span> <span class='ocrx_word' id='word_1_193' title='bbox 1178 2766 1256 2861; x_wconf 78' lang='grc' dir='ltr'><strong><em>ένῇ</em></strong></span> 
     </span>
     <span class='ocr_line' id='line_1_26' title="bbox 242 2874 1256 2965; baseline 0.002 -21"><span class='ocrx_word' id='word_1_194' title='bbox 242 2881 321 2955; x_wconf 86' lang='grc' dir='ltr'><strong><em>τοὺς</em></strong></span> <span class='ocrx_word' id='word_1_195' title='bbox 334 2881 459 2962; x_wconf 90' lang='grc' dir='ltr'><strong><em>νόμους</em></strong></span> <span class='ocrx_word' id='word_1_196' title='bbox 472 2874 787 2964; x_wconf 64' lang='grc' dir='ltr'><strong><em>έπεχειροτονησαί,</em></strong></span> <span class='ocrx_word' id='word_1_197' title='bbox 806 2879 908 2964; x_wconf 88' lang='grc' dir='ltr'><strong><em>ούσης</em></strong></span> <span class='ocrx_word' id='word_1_198' title='bbox 928 2877 1084 2965; x_wconf 81' lang='grc' dir='ltr'><strong><em>ἑνδεκάτη</em></strong></span> <span class='ocrx_word' id='word_1_199' title='bbox 1102 2889 1163 2944; x_wconf 88' lang='grc' dir='ltr'><strong><em>τοῦ</em></strong></span> <span class='ocrx_word' id='word_1_200' title='bbox 1182 2877 1256 2946; x_wconf 84' lang='grc' dir='ltr'><strong><em>ἑκα-</em></strong></span> 
     </span>
     <span class='ocr_line' id='line_1_27' title="bbox 241 2977 1255 3070; baseline 0 -19"><span class='ocrx_word' id='word_1_201' title='bbox 241 2977 447 3070; x_wconf 76' lang='grc' dir='ltr'><strong><em>τομβαιῶνος</em></strong></span> <span class='ocrx_word' id='word_1_202' title='bbox 479 2987 598 3068; x_wconf 86' lang='grc' dir='ltr'><strong><em>μηνός,</em></strong></span> <span class='ocrx_word' id='word_1_203' title='bbox 633 2986 801 3070; x_wconf 87' lang='grc' dir='ltr'><strong><em>δωδεκάτη</em></strong></span> <span class='ocrx_word' id='word_1_204' title='bbox 832 2987 892 3050; x_wconf 86' lang='grc' dir='ltr'><strong><em>τὸν</em></strong></span> <span class='ocrx_word' id='word_1_205' title='bbox 919 2987 1025 3070; x_wconf 87' lang='grc' dir='ltr'><strong><em>νόμον</em></strong></span> <span class='ocrx_word' id='word_1_206' title='bbox 1052 2987 1255 3069; x_wconf 76' lang='grc' dir='ltr'><strong><em>εἰσήνεγκεν,</em></strong></span> 
     </span>
     <span class='ocr_line' id='line_1_28' title="bbox 243 3087 1256 3177; baseline -0.002 -19"><span class='ocrx_word' id='word_1_207' title='bbox 243 3091 347 3168; x_wconf 82' lang='grc' dir='ltr'><strong><em>εὐθὺς</em></strong></span> <span class='ocrx_word' id='word_1_208' title='bbox 369 3100 408 3176; x_wconf 72' lang='grc' dir='ltr'><strong><em>τῇ</em></strong></span> <span class='ocrx_word' id='word_1_209' title='bbox 432 3089 599 3177; x_wconf 82' lang='grc' dir='ltr'><strong><em>ὑστεραίᾳ,</em></strong></span> <span class='ocrx_word' id='word_1_210' title='bbox 622 3089 677 3157; x_wconf 86' lang='grc' dir='ltr'><strong><em>καί</em></strong></span> <span class='ocrx_word' id='word_1_211' title='bbox 699 3087 790 3156; x_wconf 87' lang='grc' dir='ltr'><strong><em>ταῦτ’</em></strong></span> <span class='ocrx_word' id='word_1_212' title='bbox 815 3091 922 3156; x_wconf 75' lang='grc' dir='ltr'><strong><em>ὄντων</em></strong></span> <span class='ocrx_word' id='word_1_213' title='bbox 941 3094 1098 3173; x_wconf 84' lang='grc' dir='ltr'><strong><em>Κρονίων</em></strong></span> <span class='ocrx_word' id='word_1_214' title='bbox 1120 3089 1175 3157; x_wconf 88' lang='grc' dir='ltr'><strong><em>καλ</em></strong></span> <span class='ocrx_word' id='word_1_215' title='bbox 1198 3092 1256 3157; x_wconf 82' lang='grc' dir='ltr'><strong><em>διὰ</em></strong></span> 
     </span>
     <span class='ocr_line' id='line_1_29' title="bbox 242 3194 1256 3283; baseline 0 -21"><span class='ocrx_word' id='word_1_216' title='bbox 242 3194 332 3262; x_wconf 86' lang='grc' dir='ltr'><strong><em>ταῦτ’</em></strong></span> <span class='ocrx_word' id='word_1_217' title='bbox 358 3195 538 3281; x_wconf 78' lang='grc' dir='ltr'><strong><em>ἀφειμένης</em></strong></span> <span class='ocrx_word' id='word_1_218' title='bbox 560 3206 617 3281; x_wconf 81' lang='grc' dir='ltr'><strong><em>της</em></strong></span> <span class='ocrx_word' id='word_1_219' title='bbox 639 3200 775 3282; x_wconf 77' lang='grc' dir='ltr'><strong><em>βουλῆς,</em></strong></span> <span class='ocrx_word' id='word_1_220' title='bbox 799 3197 1062 3283; x_wconf 83' lang='grc' dir='ltr'><strong><em>διαπραξάμενος</em></strong></span> <span class='ocrx_word' id='word_1_221' title='bbox 1084 3199 1256 3282; x_wconf 82' lang='grc' dir='ltr'><strong><em>μετὰτῶν</em></strong></span> 
     </span>
     <span class='ocr_line' id='line_1_30' title="bbox 241 3302 1255 3388; baseline 0.004 -22"><span class='ocrx_word' id='word_1_222' title='bbox 241 3303 322 3386; x_wconf 77' lang='grc' dir='ltr'><strong><em>ύμῖν</em></strong></span> <span class='ocrx_word' id='word_1_223' title='bbox 346 3302 631 3387; x_wconf 78' lang='grc' dir='ltr'><strong><em>ἐπιβουλευόντων</em></strong></span> <span class='ocrx_word' id='word_1_224' title='bbox 653 3303 854 3383; x_wconf 81' lang='grc' dir='ltr'><strong><em>καθέζεσθαι</em></strong></span> <span class='ocrx_word' id='word_1_225' title='bbox 872 3303 1058 3388; x_wconf 87' lang='grc' dir='ltr'><strong><em>νομοθέτας</em></strong></span> <span class='ocrx_word' id='word_1_226' title='bbox 1076 3304 1132 3369; x_wconf 79' lang='grc' dir='ltr'><strong><em>διὰ</em></strong></span> <span class='ocrx_word' id='word_1_227' title='bbox 1149 3307 1255 3387; x_wconf 77' lang='grc' dir='ltr'><strong><em>ύηφί·</em></strong></span> 
     </span>
     <span class='ocr_line' id='line_1_31' title="bbox 202 3407 1254 3494; baseline 0.006 -24"><span class='ocrx_word' id='word_1_228' title='bbox 202 3425 228 3463; x_wconf 72' lang='grc' dir='ltr'><strong><em>ει</em></strong></span> <span class='ocrx_word' id='word_1_229' title='bbox 243 3422 375 3490; x_wconf 84' lang='grc' dir='ltr'><strong><em>σματος,</em></strong></span> <span class='ocrx_word' id='word_1_230' title='bbox 394 3407 447 3474; x_wconf 88' lang='grc' dir='ltr'><strong><em>έπί</em></strong></span> <span class='ocrx_word' id='word_1_231' title='bbox 464 3418 505 3493; x_wconf 75' lang='grc' dir='ltr'><strong><em>τῇ</em></strong></span> <span class='ocrx_word' id='word_1_232' title='bbox 523 3420 590 3474; x_wconf 83' lang='grc' dir='ltr'><strong><em>των</em></strong></span> <span class='ocrx_word' id='word_1_233' title='bbox 609 3413 862 3493; x_wconf 88' lang='grc' dir='ltr'><strong><em>Παναθηναίων</em></strong></span> <span class='ocrx_word' id='word_1_234' title='bbox 879 3410 1054 3494; x_wconf 81' lang='grc' dir='ltr'><strong><em>προφάσει.</em></strong></span> <span class='ocrx_word' id='word_1_235' title='bbox 1089 3410 1254 3494; x_wconf 83' lang='grc' dir='ltr'><strong><em>βούλομαι</em></strong></span> 
     </span>
     <span class='ocr_line' id='line_1_32' title="bbox 244 3507 1248 3599; baseline 0.005 -25"><span class='ocrx_word' id='word_1_236' title='bbox 244 3507 274 3574; x_wconf 88' lang='grc' dir='ltr'><strong><em>δ’</em></strong></span> <span class='ocrx_word' id='word_1_237' title='bbox 301 3510 381 3592; x_wconf 79' lang='grc' dir='ltr'><strong><em>ὑμῖν</em></strong></span> <span class='ocrx_word' id='word_1_238' title='bbox 407 3513 444 3578; x_wconf 84' lang='grc' dir='ltr'><strong><em>τὸ</em></strong></span> <span class='ocrx_word' id='word_1_239' title='bbox 472 3517 627 3599; x_wconf 71' lang='grc' dir='ltr'><strong><em>ψήφισμα</em></strong></span> <span class='ocrx_word' id='word_1_240' title='bbox 651 3510 722 3581; x_wconf 74' lang='grc' dir='ltr'><strong><em>αὔτ’</em></strong></span> <span class='ocrx_word' id='word_1_241' title='bbox 747 3516 938 3598; x_wconf 81' lang='grc' dir='ltr'><strong><em>ἀναγνῶναι</em></strong></span> <span class='ocrx_word' id='word_1_242' title='bbox 959 3517 996 3582; x_wconf 86' lang='grc' dir='ltr'><strong><em>τὸ</em></strong></span> <span class='ocrx_word' id='word_1_243' title='bbox 1020 3524 1175 3590; x_wconf 78' lang='grc' dir='ltr'><strong><em>νικῆσαν.</em></strong></span> <span class='ocrx_word' id='word_1_244' title='bbox 1203 3513 1248 3581; x_wconf 76' lang='grc' dir='ltr'><strong><em>ἵν’</em></strong></span> 
     </span>
    </p>
   </div>
   <div class='ocr_carea' id='block_1_4' title="bbox 0 0 1474 4180">
    <p class='ocr_par' dir='ltr' id='par_1_4' title="bbox 0 0 1474 4180">
     <span class='ocr_line' id='line_1_33' title="bbox 0 0 1474 4180; baseline 0 2"><span class='ocrx_word' id='word_1_245' title='bbox 0 0 1474 4180; x_wconf 95' lang='lat' dir='ltr'><strong><em> </em></strong></span> 
     </span>
    </p>
   </div>
  </div>
 </body>
</html>
