2616 3910
465 198 563 250 111202
581 199 849 253 mmmm.
1096 199 1162 264 455

153 378 251 438 εργος
273 351 299 422 ὦ
323 357 442 440 ἀνδρες
465 356 614 423 δικασταὶ
639 358 851 448 Πανταινέτῳ
875 364 1009 450 τοντφί,
1034 357 1083 425 ἐπ’
1111 358 1162 443 ἐρ

5 502 34 564 :1¹³³
153 465 321 550 γαστηρίφ
343 459 374 527 τ’
395 461 431 529 ἐν
449 474 519 541 τοῖς
537 466 647 549 ἐργοις
665 465 701 530 ἐν
720 469 902 551 Μαρωνείᾳ
920 463 975 530 καί
993 463 1158 549 τριάκοντ’

153 567 386 653 ἀνδραπόδοις.
417 563 461 651 ἧν
479 565 516 634 δέ
534 578 595 634 τοῦ
614 572 830 653 δανείσματος
847 571 1086 652 τετταράκοντα
1102 566 1162 654 μέν

9 713 30 762 'k
152 671 208 737 καὶ
236 673 332 739 πέντε
360 675 465 758 [μναί]
496 675 584 758 ἐμαί,
611 676 775 740 τάλαντον
802 669 834 740 δ’
860 675 1022 759 Εὐέργου.
1068 674 1163 740 συνέ-

11 830 28 855 .,
153 781 248 862 βαινε
271 776 309 845 δὲ
331 789 452 846 τοῦτον
474 781 623 864 ὀφείλειν
641 785 832 864 Μνησικλεῖ
846 776 907 865 μὲν
926 784 1092 846 Κολλυτεῖ
1107 782 1162 846 τά-

3 937 25 973 „
153 888 290 968 λαντον,
317 884 420 972 Φιλέᾳ
443 884 473 951 δ’
498 883 687 976 Ἐλευσινίῳ
709 885 764 952 καί
788 889 966 970 Πλείστορι
989 885 1084 951 πέντε
1107 883 1162 950 καί

125 992 391 1074 ετετταράκοντα
417 1001 509 1076 μνᾶς.
554 993 682 1076 πρατὴρ
710 989 771 1076 μέν
794 994 835 1077 δη
859 1002 919 1058 τοῦ
943 992 1163 1076 ἐργαστηρίου

153 1094 208 1161 καλ
230 1108 297 1162 τῶν
321 1097 542 1183 ἀνδραπόδων
566 1098 583 1164 ὁ
607 1103 802 1183 Μνησικλῆς
824 1099 904 1182 ἡμίν
924 1101 1085 1182 γίγνεται·
1107 1094 1162 1163 καλ

153 1202 217 1285 γάρ
244 1200 358 1286 ἐώνητ’
387 1202 511 1279 ἐκεῖνος
539 1203 621 1267 αύτά
643 1205 749 1292 τούτῳ
772 1204 860 1287 παρά
887 1203 1079 1288 Τηλεμάχου
1100 1211 1161 1268 τοῦ

153 1310 315 1391 πρότερον
338 1308 552 1392 κεκτημένου·
584 1315 763 1391 μισθοῦται
787 1306 816 1373 δ’
846 1303 944 1386 οὗτος
966 1301 1042 1391 παρ’
1067 1306 1161 1390 ἡμῶν

153 1421 214 1478 τοῦ
239 1413 440 1498 γιγνομένου
466 1416 567 1479 τόκου
588 1422 634 1501 τῷ
658 1414 821 1502 ἀργυρίφ,
848 1413 945 1480 πέντε
967 1411 1023 1479 καλ
1045 1411 1161 1478 ἑκατὸν

154 1519 311 1601 δραχμῶν
332 1527 393 1583 τοῦ
416 1520 519 1602 μηνὸς
540 1517 686 1585 ἑκάστου.
724 1517 779 1585 καί
797 1519 960 1604 τιθέμεθα
979 1521 1161 1603 συνθήκας,

3 1694 12 1710 χ
154 1623 191 1688 ἐν
214 1615 266 1700 αίς
287 1624 308 1706 ἦ
330 1647 365 1689 τε
388 1627 552 1707 μίσθωσις
574 1620 617 1707 ἦν
639 1625 847 1710 γεγραμμένη
869 1624 923 1690 καλ
943 1627 1037 1702 λύσις
1054 1624 1160 1713 τούτῳ

1 1721 9 1816 '⁴
126 1725 230 1813 ιπαρ’
251 1729 346 1813 ἡμῶν
368 1732 405 1795 ἐν
426 1753 493 1794 τινι
515 1729 603 1816 ῥητῷ
626 1733 743 1820 χρόνῳ.
780 1729 997 1815 πραχθέντων
1020 1727 1057 1795 δέ
1075 1731 1216 1796 τού-968

1 1830 4 1839 ’
153 1859 219 1901 των
238 1835 507 1919 ἐλαφηβολιῶνος
525 1837 628 1918 μηνὸς
647 1835 699 1901 ἐπὶ
720 1839 888 1919 Θεοφίλου
907 1837 1075 1921 άρχοντος,
1097 1834 1161 1920 ἐγὼ

152 1938 214 2026 μὲν
236 1940 381 2007 ἐκπλέων
404 1944 451 2019 είς
473 1942 532 2006 τὸν
556 1944 689 2007 Πόντον
712 1942 816 2019 εὐθὺς
838 1936 981 2029 ᾠχόμην,
1005 1937 1103 2019 οὗτος
1126 1941 1157 2007 δ’

154 2047 239 2112 ἐνθά
262 2042 270 2069 ’
295 2044 338 2131 ἦν
365 2046 418 2113 καί
446 2048 602 2131 Εὔεργος.
646 2049 687 2112 τά
714 2043 775 2131 μὲν
803 2048 845 2131 δη
873 2047 1064 2131 πραχθέντα
1085 2047 1161 2113 τού-

153 2176 222 2229 τοις
244 2156 326 2237 πρὸς
348 2154 480 2236 αὐτοὺς,
503 2152 565 2230 ἕως
587 2153 780 2237 ἀπεδήμουν
803 2152 882 2236 ἐγώ,
906 2153 967 2217 οὐκ
990 2151 1033 2217 ἀν
1054 2147 1157 2237 ἔχοιμ’

153 2261 266 2324 εἰπεῖν.
290 2260 365 2324 ούτε
388 2262 451 2343 γὰρ
474 2259 577 2325 ταύτά
600 2259 754 2341 λέγουσιν
777 2255 846 2325 οὔτ’
870 2255 920 2323 ἀεὶ
943 2255 1041 2323 ταῦθ’
1064 2254 1161 2335 οὗτός

153 2389 201 2449 γε,
226 2363 308 2429 ἀλλά
330 2361 403 2430 τοτὲ
426 2360 487 2448 μὲν
510 2364 659 2430 ἐκπεσεῖν
680 2361 736 2429 ὑπ’
762 2363 891 2429 ἐκείνου
912 2365 970 2450 βίᾳ
992 2365 1080 2447 παρὰ
1102 2365 1161 2441 τὰς

154 2472 326 2552 συνθήκας
352 2469 388 2536 ἐκ
419 2479 478 2553 τῆς
509 2471 718 2554 μισθώσεως,
749 2466 823 2535 τοτέ
855 2464 885 2535 δ’
921 2469 1025 2535 αὐτὸν
1053 2475 1161 2536 αίτιον

155 2574 242 2663 αὐτῷ
270 2577 352 2658 πρὸς
373 2575 410 2640 τὸ
434 2575 595 2658 δημόσιον
617 2573 776 2656 γενέσθαι
797 2581 855 2657 τῆς
878 2572 1059 2659 ἐγγραφῆς,
1087 2572 1160 2640 τοτέ

128 2678 186 2746 ιδ’
208 2675 280 2747 ἀλλ’
301 2681 319 2746 ό
342 2704 374 2746 τι
396 2678 438 2744 ἀν
460 2679 628 2763 βούληται.
665 2679 789 2756 ἐκεῖνος
807 2674 838 2744 δ’
860 2677 970 2756 ἁπλῶς
989 2680 1064 2746 οὔτε
1082 2684 1161 2759 τοὺς

154 2791 272 2864 τόκους
290 2785 533 2869 ἀπολαμβάνων
550 2785 626 2850 οὔτε
644 2796 712 2850 τῶν
730 2786 841 2850 ἀλλων
857 2796 925 2851 τῶν
943 2785 980 2850 ἐν
997 2797 1068 2863 ταῖς
1082 2803 1161 2852 σνν-

155 2895 274 2977 θήκαις
301 2900 476 2967 ποιοῦντος
503 2887 603 2956 οὐδέν
629 2891 765 2975 τούτου,
793 2891 903 2958 ἐλθὼν
924 2890 1000 2975 παρ’
1028 2891 1160 2972 ἑκόντος

154 2999 276 3065 τούτου
303 2997 415 3081 λαβὼν
442 2999 529 3081 ἐχειν
552 2997 593 3062 τὰ
616 2995 750 3062 ἑαυτοῦ·
776 2997 857 3080 μετὰ
879 3006 983 3062 ταῦτα
1006 2995 1036 3063 δ’
1063 2998 1160 3064 ἀπελ-

155 3108 263 3171 θόντα
297 3113 417 3169 τοῦτον
451 3103 544 3185 ἥκειν
574 3106 652 3179 τοὺς
684 3102 994 3188 ἀμφισβητήσοντας
1026 3105 1159 3188 άγοντα,

155 3211 254 3287 αὐτὸς
277 3207 308 3274 δ’
334 3209 395 3294 ούχ
416 3208 610 3286 ὑπεξελθεῖν
633 3208 780 3291 ἐκείνοις,
802 3217 923 3275 τοῦτον
948 3205 978 3274 δ’
1001 3207 1076 3294 ούχλ
1097 3232 1158 3275 κω-

155 3319 249 3382 λύειν
271 3318 359 3400 ἐχειν
381 3311 429 3379 όσ’
457 3313 737 3398 ἐμισθάσατο,εεί
756 3317 868 3397 ποιοίη
891 3314 932 3379 τά
955 3319 1159 3398 συγκείμενα.

128 3424 284 3488 ετούτων
295 3417 363 3505 μὲν
381 3421 423 3503 δὴ
440 3422 612 3497 τοιούτους
630 3421 739 3485 ἀκούω
759 3422 886 3502 λόγους.
920 3419 1026 3486 ἐκεῖνο
1043 3415 1074 3484 δ’
1091 3415 1155 3486 οἶδ’

157 3529 223 3609 ὅτι,
256 3529 287 3592 εί
315 3522 376 3610 μὲν
405 3519 503 3602 οὗτος
528 3524 636 3608 ἀληθῆ
665 3524 752 3609 λέγει
778 3522 833 3590 καλ
859 3524 953 3589 δεινά
977 3523 1158 3608 πέπονθεν,
