2938 4180
252 161 314 228 156
549 169 648 221 xxm.
671 167 951 222 ΔΗιιοΣοεεοονε

248 326 327 402 τοὺς
344 324 420 412 περὶ
437 336 499 393 τοῦ
516 331 713 413 παρανόμου
730 332 851 413 λόγους
868 329 990 406 αὐτοὺς
1008 328 1111 416 ῥᾷστα
1122 334 1256 414 μαθείν,

247 425 344 497 τοῦθ’
375 432 454 517 ὑμῖν
481 434 612 518 φράσω·
645 436 677 501 εί
702 434 877 514 σκέψαισθ’
908 434 945 501 ἐν
971 439 1038 501 τίνι
1064 434 1153 514 τάξει
1179 431 1252 501 ποτ’

249 535 321 603 ἔσθ’
343 535 426 622 ὑπὲρ
450 533 491 604 οὗ
513 540 551 605 τδ
573 535 717 624 ψήφισμ’
739 547 875 625 είρηται,
899 544 1020 627 πότερα
1044 539 1135 620 ξένος
1157 539 1177 624 ή
1201 539 1255 625 μέ-

250 665 357 720 τοικος
379 643 399 727 ή
422 649 557 730 πολίτης
580 645 676 712 ἐστίν.
719 649 750 712 εί
770 643 831 731 μέν
854 647 895 731 δή
917 644 1071 733 μέτοικον
1094 649 1256 731 φήσομεν,

249 747 310 813 οὐκ
334 745 475 833 ἐροῦμεν
492 748 614 833 άληθή,
637 753 668 816 εί
686 748 716 815 δ’
739 745 782 816 αὖ
801 750 906 833 ξένον,
930 749 1005 836 οὐχί
1024 751 1134 817 δίκαια
1152 753 1308 836 ποιή-οεε

248 871 363 937 σομεν·
386 856 447 939 τήν
469 857 532 939 γάρ
555 864 616 922 τοῦ
638 858 746 941 δήμου
770 858 922 940 δωρειάν,
945 855 982 923 έν
1005 847 1026 942 ή
1048 860 1183 942 πολίτης
1201 857 1256 941 γε’-

248 983 358 1042 γονεν,
378 963 497 1047 κυρίαν
515 961 603 1049 αὐτῷ
623 963 753 1028 δίκαιόν
772 961 862 1027 έστιν
880 957 974 1029 εἶναι.
1004 962 1048 1040 ὡς
1065 959 1148 1047 ὑπὲρ
1162 966 1255 1029 πολί-

211 1083 309 1131 mov
330 1070 447 1133 τοίνυν
469 1067 513 1145 ὡς
537 1071 622 1134 ἔοικε
645 1067 799 1152 ποιητέον
821 1071 899 1145 τοὺς
920 1071 1047 1151 λόγους.
1083 1071 1254 1136 θεάσασθε

249 1173 290 1255 δή
322 1174 405 1258 πρὸς
431 1176 529 1254 Διός,
562 1173 606 1250 ὡς
638 1173 749 1251 άπλῶς
776 1172 831 1240 καὶ
858 1176 993 1252 δικαίως
1019 1177 1182 1260 χρήσομαι
1208 1183 1254 1263 τῷ

249 1280 348 1366 λόγῳ,
373 1277 410 1356 ὃς
432 1281 478 1357 είς
501 1275 562 1365 μὲν
575 1279 707 1364 ’ταύτην
729 1283 862 1364 τίθεμαι
884 1281 945 1365 τήν
967 1280 1059 1361 τάξιν
1081 1281 1194 1365 αὐτόν,
1217 1281 1254 1347 έν

248 1375 269 1469 ή
296 1386 449 1469 πλείστης
475 1383 517 1450 διν
543 1387 701 1471 τυγχάνοι
727 1395 837 1470 τιμής,
867 1385 888 1451 ἃ
915 1383 946 1451 δ’
977 1381 1051 1453 οὐδ’
1080 1387 1159 1473 ήμϊν
1185 1398 1256 1466 τοῖς

249 1488 337 1574 γένει
358 1494 507 1568 πολίταις
529 1491 630 1575 ἐστίν,
654 1489 727 1557 οὐδ’
750 1491 863 1579 ἐκείνφ
887 1494 959 1558 δεῖν
982 1488 1074 1576 οἶμαι
1096 1493 1255 1576 γενέσθαι

247 1597 337 1682 παρά
363 1600 441 1673 τοὺς
467 1599 599 1681 νόμους.
644 1592 706 1664 τίν’
732 1592 795 1663 οὖν
823 1597 891 1663 ἐστι
915 1607 1031 1677 ταῦτας
1060 1598 1179 1665 δνυνλ
1202 1599 1255 1683 γέ-

249 1699 348 1789 γραφ’
375 1703 497 1770 οὑτοσί.
544 1702 722 1788 γέγραπται
749 1705 811 1788 γάρ
840 1704 877 1770 ἐν
901 1700 962 1789 μέν
983 1713 1029 1793 τῷ
1053 1709 1143 1795 νόμφ
1167 1709 1255 1792 ,τήν

248 1810 375 1893 βουλήν
398 1811 541 1889 δικάζειν
564 1812 674 1895 φόνου
694 1808 749 1877 καί
767 1811 951 1896 τραύματος
969 1810 1005 1878 ἐκ
1022 1816 1182 1897 προνοίας
1198 1812 1255 1880 καὶ

209 1928 235 1970 ²⁶
248 1925 410 2002 πυρκαϊᾶς
428 1914 483 1982 καὶ
500 1917 695 2001 φαρμάκων,
719 1915 777 1981 ἐάν
795 1940 844 1994 τις
863 1916 1037 2003 ἀποκτείνῃ
1057 1919 1168 1996 δούς.“
1199 1918 1255 1985 καὶ
1384 1980 1386 1994 ,

248 2022 437 2108 προσειπὼν
464 2021 482 2088 ὁ
505 2021 579 2099 θεὶς
600 2023 660 2088 τὸν
682 2025 788 2106 νόμον
811 2021 879 2106 ,,άν
903 2023 1117 2110 άποκτείνη“,
1143 2027 1255 2110 κρίσιν

248 2131 403 2211 πεποίηκε
431 2129 532 2213 ὅμως,
560 2129 602 2194 οὐ
629 2131 792 2214 πρότερον
817 2132 853 2194 τί
876 2132 938 2214 χρή
960 2130 1099 2215 πάσχειν
1121 2131 1179 2196 τὸν
1203 2133 1255 2198 δε-

249 2229 380 2318 δρακότ’
402 2239 521 2320 είρηκε,
544 2239 651 2311 καλῶς
674 2230 700 2300 ὦ
723 2235 843 2319 άνδρες
862 2233 1036 2319 Ἀθηναῖοι
1052 2235 1149 2302 τοῦθ’
1171 2233 1255 2320 ὑπὲρ

248 2340 415 2425 εὐσεβείας
437 2340 515 2424 ὅλης
537 2349 595 2424 τής
617 2341 742 2416 πόλεως
760 2341 917 2423 προϊδών.
954 2351 1036 2419 πῶςς
1060 2341 1122 2406 οὐκ
1139 2340 1250 2409 ἔνεσθ’

247 2448 392 2523 ἅπαντας
417 2446 502 2532 ἡμᾶς
530 2445 667 2529 είδέναι,
694 2449 744 2523 τίς
770 2445 842 2512 ποτ’
875 2444 965 2513 έστὶν
990 2446 1008 2513 ὁ
1035 2445 1252 2534 ἀνδροφόνος.

247 2554 285 2619 τὸ
308 2549 368 2637 μέν
392 2554 433 2636 δή
456 2555 653 2619 τὰτοιαῦτα
676 2553 757 2618 ἄνευ
779 2555 917 2636 κρίσεως
939 2553 1117 2636 πιστεύειν,
1140 2555 1182 2619 άν
1204 2577 1255 2632 τις

248 2658 482 2742 ἐπαιτιάσηται,
502 2658 615 2723 δεινὸν
632 2657 753 2741 ἡγεῖτο,
774 2659 845 2724 δεῖν
864 2652 894 2723 δ’
911 2658 1151 2743 ὑπελάμβανεν,
1170 2658 1252 2726 ἐπει·

249 2765 352 2847 δήπερ
370 2761 463 2847 ἡμεῖς
480 2765 709 2848 τιμωρήσομεν
726 2773 771 2851 τῷ
791 2767 984 2847 πεπονθότι,
1002 2770 1180 2848 πεισθῆναι
1198 2764 1254 2833 καὶ

247 2877 370 2956 μαθεῖν
387 2869 472 2954 ἡμᾶς
490 2868 750 2954 διδασκομένους
768 2870 812 2946 ὡς
829 2869 979 2956 δέδρακε·
998 2880 1176 2955 τηνικαῦτα
1190 2873 1253 2957 γάρ

248 2972 380 3060 εὐσεβὲς
405 2976 470 3059 ήδη
498 2976 647 3054 κολάζειν
674 2977 801 3041 είδόσιν
829 2972 929 3059 εἶναι,
955 2979 1118 3062 πρότερον
1146 2972 1177 3041 δ’
1203 2979 1253 3044 οὔ.

208 3099 234 3138 ²⁶
248 3081 303 3148 καὶ
325 3085 372 3148 ἔτι
395 3083 477 3166 πρὸς
498 3083 605 3170 τούτῳ
629 3083 836 3165 διελογίζετο,
862 3082 913 3148 ότι
936 3083 1042 3148 πάντα
1063 3084 1104 3148 τά
1126 3080 1251 3149 τοιαῦτ’
1385 3145 1386 3152 ,

248 3189 407 3273 ὀνόματα,
432 3180 506 3254 οἷον
529 3187 587 3253 έάν
609 3211 658 3264 τις
682 3186 867 3274 άποκτείνη,
891 3187 950 3253 ἐάν
971 3212 1021 3267 τις
1044 3189 1253 3276 ίεροσυλήση,

249 3294 307 3360 ἐάν
335 3317 385 3372 τις
411 3294 541 3382 προδῷ,
569 3291 623 3359 καὶ
650 3295 690 3358 τά
716 3303 852 3359 τοιαῦτα
875 3295 996 3378 πάντα,
1024 3295 1088 3377 πρὸ
1111 3292 1171 3381 μὲν
1194 3306 1255 3363 τοῦ

249 3400 358 3480 κρίσιν
393 3397 551 3481 γενέσθαι
588 3401 703 3464 αίτιῶν
739 3395 873 3484 ὀνόματ’
908 3400 1013 3483 ἐστίν,
1050 3400 1184 3467 ἐπειδάν
1216 3399 1254 3469 δὲ

249 3505 376 3584 κριθείς
402 3527 452 3580 τις
479 3503 668 3589 έξελεγχθή,
696 3504 862 3589 τηνικαῦτ’
890 3505 1071 3590 ἀδικήματα
1097 3509 1253 3590 γίγνεται.
