<?xml version="1.0" encoding="UTF-8"?>
<!DOCTYPE html PUBLIC "-//W3C//DTD XHTML 1.0 Transitional//EN"
    "http://www.w3.org/TR/xhtml1/DTD/xhtml1-transitional.dtd">
<html xmlns="http://www.w3.org/1999/xhtml" xml:lang="en" lang="en">
 <head>
  <title>
</title>
<meta http-equiv="Content-Type" content="text/html;charset=utf-8" />
  <meta name='ocr-system' content='tesseract 3.04.00' />
  <meta name='ocr-capabilities' content='ocr_page ocr_carea ocr_par ocr_line ocrx_word'/>
</head>
<body>
  <div class='ocr_page' id='page_1' title='image "./orationes00demogoog_0329.png"; bbox 0 0 2938 4180; ppageno 0'>
   <div class='ocr_carea' id='block_1_1' title="bbox 268 163 970 229">
    <p class='ocr_par' dir='ltr' id='par_1_1' title="bbox 268 163 970 229">
     <span class='ocr_line' id='line_1_1' title="bbox 268 163 970 229; baseline -0.016 0"><span class='ocrx_word' id='word_1_1' title='bbox 268 163 333 229; x_wconf 88' lang='lat'><strong><em>180</em></strong></span> <span class='ocrx_word' id='word_1_2' title='bbox 566 167 668 221; x_wconf 81' lang='lat' dir='ltr'><strong><em>xxm</em></strong></span> <span class='ocrx_word' id='word_1_3' title='bbox 690 165 970 220; x_wconf 74' lang='grc' dir='ltr'><strong><em>ΔΗΜοεοεαοΤε</em></strong></span> 
     </span>
    </p>
   </div>
   <div class='ocr_carea' id='block_1_2' title="bbox 117 324 1377 3057">
    <p class='ocr_par' dir='ltr' id='par_1_2' title="bbox 214 324 1377 939">
     <span class='ocr_line' id='line_1_2' title="bbox 265 324 1279 412; baseline -0.004 -19"><span class='ocrx_word' id='word_1_4' title='bbox 265 329 369 409; x_wconf 88' lang='grc' dir='ltr'><strong><em>λόγου</em></strong></span> <span class='ocrx_word' id='word_1_5' title='bbox 393 327 495 412; x_wconf 73' lang='grc' dir='ltr'><strong><em>δῆλον</em></strong></span> <span class='ocrx_word' id='word_1_6' title='bbox 518 325 537 392; x_wconf 87' lang='grc' dir='ltr'><strong>δ</strong></span> <span class='ocrx_word' id='word_1_7' title='bbox 561 327 725 411; x_wconf 89' lang='grc' dir='ltr'><strong><em>βούλομαι</em></strong></span> <span class='ocrx_word' id='word_1_8' title='bbox 745 328 885 408; x_wconf 87' lang='grc' dir='ltr'><strong><em>ποιήσω,</em></strong></span> <span class='ocrx_word' id='word_1_9' title='bbox 908 324 1115 410; x_wconf 77' lang='grc' dir='ltr'><strong><em>παράδειγμά</em></strong></span> <span class='ocrx_word' id='word_1_10' title='bbox 1136 347 1169 390; x_wconf 92' lang='grc' dir='ltr'><strong><em>τι</em></strong></span> <span class='ocrx_word' id='word_1_11' title='bbox 1191 325 1279 408; x_wconf 81' lang='grc' dir='ltr'><strong><em>γνώ-</em></strong></span> 
     </span>
     <span class='ocr_line' id='line_1_3' title="bbox 265 429 1278 519; baseline -0.002 -20"><span class='ocrx_word' id='word_1_12' title='bbox 265 455 365 519; x_wconf 90' lang='grc' dir='ltr'><strong><em>ριμον</em></strong></span> <span class='ocrx_word' id='word_1_13' title='bbox 387 431 468 517; x_wconf 76' lang='grc' dir='ltr'><strong><em>ὑμίν</em></strong></span> <span class='ocrx_word' id='word_1_14' title='bbox 490 432 562 518; x_wconf 88' lang='grc' dir='ltr'><strong><em>έρῶ.</em></strong></span> <span class='ocrx_word' id='word_1_15' title='bbox 600 429 669 497; x_wconf 77' lang='grc' dir='ltr'><strong><em>ἴσθ’</em></strong></span> <span class='ocrx_word' id='word_1_16' title='bbox 693 431 744 497; x_wconf 81' lang='grc' dir='ltr'><strong><em>ότι</em></strong></span> <span class='ocrx_word' id='word_1_17' title='bbox 761 429 924 516; x_wconf 76' lang='grc' dir='ltr'><strong><em>συμφέρει</em></strong></span> <span class='ocrx_word' id='word_1_18' title='bbox 941 440 981 516; x_wconf 80' lang='grc' dir='ltr'><strong><em>τη</em></strong></span> <span class='ocrx_word' id='word_1_19' title='bbox 1000 433 1094 496; x_wconf 90' lang='grc' dir='ltr'><strong><em>πόλει</em></strong></span> <span class='ocrx_word' id='word_1_20' title='bbox 1112 431 1192 514; x_wconf 87' lang='grc' dir='ltr'><strong><em>μήτε</em></strong></span> <span class='ocrx_word' id='word_1_21' title='bbox 1212 433 1278 514; x_wconf 82' lang='grc' dir='ltr'><strong><em>Θη-</em></strong></span> 
     </span>
     <span class='ocr_line' id='line_1_4' title="bbox 264 532 1279 623; baseline 0 -21"><span class='ocrx_word' id='word_1_22' title='bbox 264 539 382 622; x_wconf 87' lang='grc' dir='ltr'><strong><em>βαίους</em></strong></span> <span class='ocrx_word' id='word_1_23' title='bbox 413 541 493 623; x_wconf 88' lang='grc' dir='ltr'><strong><em>μήτε</em></strong></span> <span class='ocrx_word' id='word_1_24' title='bbox 520 539 805 621; x_wconf 77' lang='grc' dir='ltr'><strong><em>Λακεδαιμονίους</em></strong></span> <span class='ocrx_word' id='word_1_25' title='bbox 836 537 977 623; x_wconf 77' lang='grc' dir='ltr'><strong><em>ἰσχύειν,</em></strong></span> <span class='ocrx_word' id='word_1_26' title='bbox 1011 535 1094 602; x_wconf 78' lang='grc' dir='ltr'><strong><em>ἀλλὰ</em></strong></span> <span class='ocrx_word' id='word_1_27' title='bbox 1119 548 1189 614; x_wconf 79' lang='grc' dir='ltr'><strong><em>τοῖς</em></strong></span> <span class='ocrx_word' id='word_1_28' title='bbox 1216 532 1279 621; x_wconf 60' lang='grc' dir='ltr'><strong><em>μὲν</em></strong></span> 
     </span>
     <span class='ocr_line' id='line_1_5' title="bbox 268 637 1279 725; baseline 0.001 -17"><span class='ocrx_word' id='word_1_29' title='bbox 268 642 404 720; x_wconf 83' lang='grc' dir='ltr'><strong><em>Φωκέας</em></strong></span> <span class='ocrx_word' id='word_1_30' title='bbox 436 643 650 725; x_wconf 72' lang='grc' dir='ltr'><strong><em>ἀντιπάλους,</em></strong></span> <span class='ocrx_word' id='word_1_31' title='bbox 681 637 810 718; x_wconf 77' lang='grc' dir='ltr'><strong><em>τοίς-θ’</em></strong></span> <span class='ocrx_word' id='word_1_32' title='bbox 841 643 964 718; x_wconf 76' lang='grc' dir='ltr'><strong><em>ἄλλους</em></strong></span> <span class='ocrx_word' id='word_1_33' title='bbox 989 643 1082 719; x_wconf 80' lang='grc' dir='ltr'><strong><em>τινάς</em></strong></span> <span class='ocrx_word' id='word_1_34' title='bbox 1109 638 1208 708; x_wconf 78' lang='grc' dir='ltr'><strong><em>εἶναι·</em></strong></span> <span class='ocrx_word' id='word_1_35' title='bbox 1241 641 1279 709; x_wconf 83' lang='grc' dir='ltr'><strong><em>έκ</em></strong></span> 
     </span>
     <span class='ocr_line' id='line_1_6' title="bbox 265 746 1278 834; baseline -0.002 -20"><span class='ocrx_word' id='word_1_36' title='bbox 265 750 329 834; x_wconf 79' lang='grc' dir='ltr'><strong><em>γὰρ</em></strong></span> <span class='ocrx_word' id='word_1_37' title='bbox 360 758 421 816; x_wconf 87' lang='grc' dir='ltr'><strong><em>τοῦ</em></strong></span> <span class='ocrx_word' id='word_1_38' title='bbox 451 746 550 815; x_wconf 82' lang='grc' dir='ltr'><strong><em>ταῦθ’</em></strong></span> <span class='ocrx_word' id='word_1_39' title='bbox 582 748 688 826; x_wconf 78' lang='grc' dir='ltr'><strong><em>οὕτως</em></strong></span> <span class='ocrx_word' id='word_1_40' title='bbox 719 750 807 832; x_wconf 80' lang='grc' dir='ltr'><strong><em>ἔχειν</em></strong></span> <span class='ocrx_word' id='word_1_41' title='bbox 836 747 918 832; x_wconf 84' lang='grc' dir='ltr'><strong><em>ήμίν</em></strong></span> <span class='ocrx_word' id='word_1_42' title='bbox 943 746 1085 833; x_wconf 85' lang='grc' dir='ltr'><strong><em>ύπάρχει</em></strong></span> <span class='ocrx_word' id='word_1_43' title='bbox 1112 750 1278 831; x_wconf 76' lang='grc' dir='ltr'><strong><em>μεγίστοις</em></strong></span> 
     </span>
     <span class='ocr_line' id='line_1_7' title="bbox 214 846 1377 939; baseline 0.006 -25"><span class='ocrx_word' id='word_1_44' title='bbox 214 872 252 914; x_wconf 80' lang='grc' dir='ltr'><strong><em>τοι</em></strong></span> <span class='ocrx_word' id='word_1_45' title='bbox 266 848 364 919; x_wconf 81' lang='grc' dir='ltr'><strong><em>οὖσιν</em></strong></span> <span class='ocrx_word' id='word_1_46' title='bbox 391 854 547 939; x_wconf 77' lang='grc' dir='ltr'><strong><em>ἀσφαλῶς</em></strong></span> <span class='ocrx_word' id='word_1_47' title='bbox 563 846 680 921; x_wconf 69' lang='grc' dir='ltr'><strong><em>οἰκεῖν.</em></strong></span> <span class='ocrx_word' id='word_1_48' title='bbox 726 853 848 920; x_wconf 78' lang='grc' dir='ltr'><strong><em>ταύτὸν</em></strong></span> <span class='ocrx_word' id='word_1_49' title='bbox 869 856 987 919; x_wconf 83' lang='grc' dir='ltr'><strong><em>τοίνυν</em></strong></span> <span class='ocrx_word' id='word_1_50' title='bbox 1009 856 1156 937; x_wconf 76' lang='grc' dir='ltr'><strong><em>νομίζετε</em></strong></span> <span class='ocrx_word' id='word_1_51' title='bbox 1177 862 1277 921; x_wconf 87' lang='grc' dir='ltr'><strong><em>τοῦτο</em></strong></span> <span class='ocrx_word' id='word_1_52' title='bbox 1376 927 1377 930; x_wconf 11' lang='lat'>¹</span> 
     </span>
    </p>

    <p class='ocr_par' dir='ltr' id='par_1_3' title="bbox 117 957 1278 1996">
     <span class='ocr_line' id='line_1_8' title="bbox 266 957 1276 1046; baseline -0.002 -21"><span class='ocrx_word' id='word_1_53' title='bbox 266 957 322 1026; x_wconf 83' lang='grc' dir='ltr'><strong><em>καί</em></strong></span> <span class='ocrx_word' id='word_1_54' title='bbox 344 969 413 1036; x_wconf 80' lang='grc' dir='ltr'><strong><em>τοίς</em></strong></span> <span class='ocrx_word' id='word_1_55' title='bbox 436 962 651 1046; x_wconf 81' lang='grc' dir='ltr'><strong><em>Χερρόνησον</em></strong></span> <span class='ocrx_word' id='word_1_56' title='bbox 674 961 803 1026; x_wconf 77' lang='grc' dir='ltr'><strong><em>οἰκοῦσι</em></strong></span> <span class='ocrx_word' id='word_1_57' title='bbox 825 970 892 1025; x_wconf 91' lang='grc' dir='ltr'><strong><em>τῶν</em></strong></span> <span class='ocrx_word' id='word_1_58' title='bbox 914 963 1060 1025; x_wconf 89' lang='grc' dir='ltr'><strong><em>πολιτῶν</em></strong></span> <span class='ocrx_word' id='word_1_59' title='bbox 1083 959 1276 1043; x_wconf 73' lang='grc' dir='ltr'><strong><em>συμφέρειν,</em></strong></span> 
     </span>
     <span class='ocr_line' id='line_1_9' title="bbox 266 1061 1278 1152; baseline -0.001 -22"><span class='ocrx_word' id='word_1_60' title='bbox 266 1063 382 1150; x_wconf 74' lang='grc' dir='ltr'><strong><em>μηδέν’</em></strong></span> <span class='ocrx_word' id='word_1_61' title='bbox 403 1061 490 1132; x_wconf 81' lang='grc' dir='ltr'><strong><em>εἰναι</em></strong></span> <span class='ocrx_word' id='word_1_62' title='bbox 508 1076 576 1132; x_wconf 88' lang='grc' dir='ltr'><strong><em>τῶν</em></strong></span> <span class='ocrx_word' id='word_1_63' title='bbox 591 1068 732 1152; x_wconf 77' lang='grc' dir='ltr'><strong><em>Θρακῶν</em></strong></span> <span class='ocrx_word' id='word_1_64' title='bbox 750 1067 901 1150; x_wconf 89' lang='grc' dir='ltr'><strong><em>ἰσχυρόν·</em></strong></span> <span class='ocrx_word' id='word_1_65' title='bbox 918 1064 940 1148; x_wconf 91' lang='grc' dir='ltr'><strong><em>ή</em></strong></span> <span class='ocrx_word' id='word_1_66' title='bbox 958 1066 1023 1150; x_wconf 80' lang='grc' dir='ltr'><strong><em>γάρ</em></strong></span> <span class='ocrx_word' id='word_1_67' title='bbox 1042 1064 1178 1130; x_wconf 83' lang='grc' dir='ltr'><strong><em>ἐκείνων</em></strong></span> <span class='ocrx_word' id='word_1_68' title='bbox 1195 1066 1278 1150; x_wconf 89' lang='grc' dir='ltr'><strong><em>πρὸς</em></strong></span> 
     </span>
     <span class='ocr_line' id='line_1_10' title="bbox 266 1168 1277 1257; baseline -0.001 -21"><span class='ocrx_word' id='word_1_69' title='bbox 266 1168 430 1256; x_wconf 76' lang='grc' dir='ltr'><strong><em>ἀλλήλους</em></strong></span> <span class='ocrx_word' id='word_1_70' title='bbox 454 1171 578 1257; x_wconf 90' lang='grc' dir='ltr'><strong><em>ταραχή</em></strong></span> <span class='ocrx_word' id='word_1_71' title='bbox 602 1168 657 1236; x_wconf 86' lang='grc' dir='ltr'><strong><em>καί</em></strong></span> <span class='ocrx_word' id='word_1_72' title='bbox 679 1170 805 1249; x_wconf 76' lang='grc' dir='ltr'><strong><em>ὑποψία</em></strong></span> <span class='ocrx_word' id='word_1_73' title='bbox 828 1172 962 1256; x_wconf 84' lang='grc' dir='ltr'><strong><em>φρουρὰ</em></strong></span> <span class='ocrx_word' id='word_1_74' title='bbox 986 1172 1200 1255; x_wconf 80' lang='grc' dir='ltr'><strong><em>Χερρονήσου</em></strong></span> <span class='ocrx_word' id='word_1_75' title='bbox 1222 1194 1277 1254; x_wconf 88' lang='grc' dir='ltr'><strong><em>με-</em></strong></span> 
     </span>
     <span class='ocr_line' id='line_1_11' title="bbox 266 1273 1277 1362; baseline 0.001 -21"><span class='ocrx_word' id='word_1_76' title='bbox 266 1279 361 1362; x_wconf 92' lang='grc' dir='ltr'><strong><em>γίστη</em></strong></span> <span class='ocrx_word' id='word_1_77' title='bbox 383 1289 451 1344; x_wconf 85' lang='grc' dir='ltr'><strong><em>τῶν</em></strong></span> <span class='ocrx_word' id='word_1_78' title='bbox 471 1287 587 1344; x_wconf 89' lang='grc' dir='ltr'><strong><em>πασῶν</em></strong></span> <span class='ocrx_word' id='word_1_79' title='bbox 605 1275 695 1342; x_wconf 84' lang='grc' dir='ltr'><strong><em>έστιν</em></strong></span> <span class='ocrx_word' id='word_1_80' title='bbox 712 1273 768 1342; x_wconf 82' lang='grc' dir='ltr'><strong><em>καί</em></strong></span> <span class='ocrx_word' id='word_1_81' title='bbox 786 1277 990 1360; x_wconf 79' lang='grc' dir='ltr'><strong><em>βεβαιοτάτη.</em></strong></span> <span class='ocrx_word' id='word_1_82' title='bbox 1025 1277 1063 1340; x_wconf 91' lang='grc' dir='ltr'><strong><em>τὸ</em></strong></span> <span class='ocrx_word' id='word_1_83' title='bbox 1081 1278 1198 1342; x_wconf 87' lang='grc' dir='ltr'><strong><em>τοίνυν</em></strong></span> <span class='ocrx_word' id='word_1_84' title='bbox 1215 1279 1277 1359; x_wconf 76' lang='grc' dir='ltr'><strong><em>ψή-</em></strong></span> 
     </span>
     <span class='ocr_line' id='line_1_12' title="bbox 182 1375 1277 1472; baseline -0.001 -24"><span class='ocrx_word' id='word_1_85' title='bbox 182 1375 190 1386; x_wconf 57' lang='grc'><em>”</em></span> <span class='ocrx_word' id='word_1_86' title='bbox 266 1399 373 1469; x_wconf 90' lang='grc' dir='ltr'><strong><em>φισμα</em></strong></span> <span class='ocrx_word' id='word_1_87' title='bbox 394 1380 488 1450; x_wconf 86' lang='grc' dir='ltr'><strong><em>τοντί</em></strong></span> <span class='ocrx_word' id='word_1_88' title='bbox 505 1391 551 1472; x_wconf 71' lang='grc' dir='ltr'><strong><em>τῷ</em></strong></span> <span class='ocrx_word' id='word_1_89' title='bbox 569 1378 631 1467; x_wconf 75' lang='grc' dir='ltr'><strong><em>μὲν</em></strong></span> <span class='ocrx_word' id='word_1_90' title='bbox 649 1380 823 1470; x_wconf 74' lang='grc' dir='ltr'><strong><em>ἡγουμένῳ</em></strong></span> <span class='ocrx_word' id='word_1_91' title='bbox 841 1392 909 1447; x_wconf 89' lang='grc' dir='ltr'><strong><em>τῶν</em></strong></span> <span class='ocrx_word' id='word_1_92' title='bbox 922 1379 1178 1466; x_wconf 79' lang='grc' dir='ltr'><strong><em>Κερσοβλέπτου</em></strong></span> <span class='ocrx_word' id='word_1_93' title='bbox 1194 1403 1277 1467; x_wconf 87' lang='grc' dir='ltr'><strong><em>πρα·</em></strong></span> 
     </span>
     <span class='ocr_line' id='line_1_13' title="bbox 264 1485 1278 1573; baseline -0.004 -17"><span class='ocrx_word' id='word_1_94' title='bbox 264 1490 399 1573; x_wconf 85' lang='grc' dir='ltr'><strong><em>γμάτῶν</em></strong></span> <span class='ocrx_word' id='word_1_95' title='bbox 417 1488 603 1573; x_wconf 90' lang='grc' dir='ltr'><strong><em>ἀσφάλειαν</em></strong></span> <span class='ocrx_word' id='word_1_96' title='bbox 621 1488 727 1570; x_wconf 78' lang='grc' dir='ltr'><strong><em>διδόν,</em></strong></span> <span class='ocrx_word' id='word_1_97' title='bbox 746 1498 816 1565; x_wconf 80' lang='grc' dir='ltr'><strong><em>τοίς</em></strong></span> <span class='ocrx_word' id='word_1_98' title='bbox 834 1485 872 1553; x_wconf 77' lang='grc' dir='ltr'><strong><em>δὲ</em></strong></span> <span class='ocrx_word' id='word_1_99' title='bbox 889 1497 958 1553; x_wconf 89' lang='grc' dir='ltr'><strong><em>τῶν</em></strong></span> <span class='ocrx_word' id='word_1_100' title='bbox 976 1486 1097 1570; x_wconf 81' lang='grc' dir='ltr'><strong><em>ἑτέρων</em></strong></span> <span class='ocrx_word' id='word_1_101' title='bbox 1113 1487 1278 1570; x_wconf 87' lang='grc' dir='ltr'><strong><em>βασιλέων</em></strong></span> 
     </span>
     <span class='ocr_line' id='line_1_14' title="bbox 265 1590 1276 1681; baseline -0.004 -19"><span class='ocrx_word' id='word_1_102' title='bbox 265 1605 462 1681; x_wconf 72' lang='grc' dir='ltr'><strong><em>στρατηγοῖς</em></strong></span> <span class='ocrx_word' id='word_1_103' title='bbox 488 1596 599 1679; x_wconf 91' lang='grc' dir='ltr'><strong><em>φόβον</em></strong></span> <span class='ocrx_word' id='word_1_104' title='bbox 625 1591 680 1660; x_wconf 81' lang='grc' dir='ltr'><strong><em>καί</em></strong></span> <span class='ocrx_word' id='word_1_105' title='bbox 704 1591 779 1670; x_wconf 76' lang='grc' dir='ltr'><strong><em>δέος</em></strong></span> <span class='ocrx_word' id='word_1_106' title='bbox 801 1595 845 1678; x_wconf 89' lang='grc' dir='ltr'><strong><em>μή</em></strong></span> <span class='ocrx_word' id='word_1_107' title='bbox 867 1590 930 1658; x_wconf 89' lang='grc' dir='ltr'><strong><em>τιν’</em></strong></span> <span class='ocrx_word' id='word_1_108' title='bbox 958 1594 1067 1658; x_wconf 88' lang='grc' dir='ltr'><strong><em>αἰτίαν</em></strong></span> <span class='ocrx_word' id='word_1_109' title='bbox 1091 1605 1194 1677; x_wconf 80' lang='grc' dir='ltr'><strong><em>σχῶσι</em></strong></span> <span class='ocrx_word' id='word_1_110' title='bbox 1215 1615 1276 1659; x_wconf 89' lang='grc' dir='ltr'><strong><em>πα-</em></strong></span> 
     </span>
     <span class='ocr_line' id='line_1_15' title="bbox 265 1692 1276 1786; baseline -0.002 -20"><span class='ocrx_word' id='word_1_111' title='bbox 265 1701 398 1786; x_wconf 89' lang='grc' dir='ltr'><strong><em>ριστάν,</em></strong></span> <span class='ocrx_word' id='word_1_112' title='bbox 425 1703 505 1778; x_wconf 84' lang='grc' dir='ltr'><strong><em>τοὺς</em></strong></span> <span class='ocrx_word' id='word_1_113' title='bbox 531 1695 592 1785; x_wconf 61' lang='grc' dir='ltr'><strong><em>μέν</em></strong></span> <span class='ocrx_word' id='word_1_114' title='bbox 619 1699 789 1782; x_wconf 72' lang='grc' dir='ltr'><strong><em>ἀσθενεῖς,</em></strong></span> <span class='ocrx_word' id='word_1_115' title='bbox 816 1699 876 1764; x_wconf 89' lang='grc' dir='ltr'><strong><em>τὸν</em></strong></span> <span class='ocrx_word' id='word_1_116' title='bbox 903 1694 933 1763; x_wconf 77' lang='grc' dir='ltr'><strong><em>δ’</em></strong></span> <span class='ocrx_word' id='word_1_117' title='bbox 964 1696 1012 1764; x_wconf 65' lang='grc' dir='ltr'><strong><em>ἕν’</em></strong></span> <span class='ocrx_word' id='word_1_118' title='bbox 1042 1692 1111 1764; x_wconf 82' lang='grc' dir='ltr'><strong><em>ὄντ’</em></strong></span> <span class='ocrx_word' id='word_1_119' title='bbox 1138 1700 1276 1786; x_wconf 85' lang='grc' dir='ltr'><strong><em>ἰσχυρὸν</em></strong></span> 
     </span>
     <span class='ocr_line' id='line_1_16' title="bbox 117 1801 1273 1891; baseline 0.001 -23"><span class='ocrx_word' id='word_1_120' title='bbox 117 1813 118 1817; x_wconf 77' lang='grc'><strong><em>’</em></strong></span> <span class='ocrx_word' id='word_1_121' title='bbox 213 1825 252 1868; x_wconf 83' lang='grc' dir='ltr'><strong><em>τοι</em></strong></span> <span class='ocrx_word' id='word_1_122' title='bbox 265 1811 473 1891; x_wconf 74' lang='grc' dir='ltr'><strong><em>καθίστησιν.</em></strong></span> <span class='ocrx_word' id='word_1_123' title='bbox 523 1807 579 1871; x_wconf 79' lang='grc' dir='ltr'><strong><em>ἵνα</em></strong></span> <span class='ocrx_word' id='word_1_124' title='bbox 609 1801 645 1872; x_wconf 71' lang='grc' dir='ltr'><strong><em>δέ</em></strong></span> <span class='ocrx_word' id='word_1_125' title='bbox 672 1806 716 1890; x_wconf 90' lang='grc' dir='ltr'><strong><em>μή</em></strong></span> <span class='ocrx_word' id='word_1_126' title='bbox 744 1805 833 1871; x_wconf 88' lang='grc' dir='ltr'><strong><em>πάνυ</em></strong></span> <span class='ocrx_word' id='word_1_127' title='bbox 858 1801 1042 1888; x_wconf 74' lang='grc' dir='ltr'><strong><em>θαυμάζητ’</em></strong></span> <span class='ocrx_word' id='word_1_128' title='bbox 1073 1806 1105 1872; x_wconf 88' lang='grc' dir='ltr'><strong><em>εἰ</em></strong></span> <span class='ocrx_word' id='word_1_129' title='bbox 1129 1807 1170 1871; x_wconf 84' lang='grc' dir='ltr'><strong><em>τά</em></strong></span> <span class='ocrx_word' id='word_1_130' title='bbox 1195 1802 1273 1891; x_wconf 86' lang='grc' dir='ltr'><strong><em>παρ’</em></strong></span> 
     </span>
     <span class='ocr_line' id='line_1_17' title="bbox 264 1910 1276 1996; baseline -0.002 -18"><span class='ocrx_word' id='word_1_131' title='bbox 264 1911 346 1996; x_wconf 78' lang='grc' dir='ltr'><strong><em>ὑμίν</em></strong></span> <span class='ocrx_word' id='word_1_132' title='bbox 367 1916 562 1996; x_wconf 72' lang='grc' dir='ltr'><strong><em>ψηφίσματα</em></strong></span> <span class='ocrx_word' id='word_1_133' title='bbox 584 1911 784 1995; x_wconf 78' lang='grc' dir='ltr'><strong><em>τηλικαύτην</em></strong></span> <span class='ocrx_word' id='word_1_134' title='bbox 802 1913 868 1995; x_wconf 75' lang='grc' dir='ltr'><strong><em>ἔχει</em></strong></span> <span class='ocrx_word' id='word_1_135' title='bbox 887 1911 1042 1994; x_wconf 72' lang='grc' dir='ltr'><strong><em>δύναμιν,</em></strong></span> <span class='ocrx_word' id='word_1_136' title='bbox 1064 1912 1203 1994; x_wconf 87' lang='grc' dir='ltr'><strong><em>γεγονὸς</em></strong></span> <span class='ocrx_word' id='word_1_137' title='bbox 1220 1910 1276 1977; x_wconf 85' lang='grc' dir='ltr'><strong><em>καί</em></strong></span> 
     </span>
    </p>

    <p class='ocr_par' dir='ltr' id='par_1_4' title="bbox 259 2013 1329 3057">
     <span class='ocr_line' id='line_1_18' title="bbox 265 2013 1329 2103; baseline -0.003 -18"><span class='ocrx_word' id='word_1_138' title='bbox 265 2016 285 2084; x_wconf 77' lang='grc' dir='ltr'><strong>δ</strong></span> <span class='ocrx_word' id='word_1_139' title='bbox 304 2019 424 2095; x_wconf 83' lang='grc' dir='ltr'><strong><em>πάντες</em></strong></span> <span class='ocrx_word' id='word_1_140' title='bbox 441 2017 620 2084; x_wconf 79' lang='grc' dir='ltr'><strong><em>ἐπίστασθε</em></strong></span> <span class='ocrx_word' id='word_1_141' title='bbox 638 2013 761 2103; x_wconf 83' lang='grc' dir='ltr'><strong><em>πρᾶγμ’</em></strong></span> <span class='ocrx_word' id='word_1_142' title='bbox 783 2017 868 2102; x_wconf 81' lang='grc' dir='ltr'><strong><em>ὑμᾶς</em></strong></span> <span class='ocrx_word' id='word_1_143' title='bbox 887 2016 1075 2102; x_wconf 78' lang='grc' dir='ltr'><strong><em>ὑπομνήσω.</em></strong></span> <span class='ocrx_word' id='word_1_144' title='bbox 1107 2016 1162 2083; x_wconf 80' lang='grc' dir='ltr'><strong><em>ὅτε</em></strong></span> <span class='ocrx_word' id='word_1_145' title='bbox 1179 2019 1329 2082; x_wconf 63' lang='lat' dir='ltr'><strong><em>Mai-65⁶</em></strong></span> 
     </span>
     <span class='ocr_line' id='line_1_19' title="bbox 264 2123 1276 2209; baseline -0.002 -19"><span class='ocrx_word' id='word_1_146' title='bbox 264 2126 412 2208; x_wconf 88' lang='grc' dir='ltr'><strong><em>τοκύθης</em></strong></span> <span class='ocrx_word' id='word_1_147' title='bbox 429 2123 550 2209; x_wconf 78' lang='grc' dir='ltr'><strong><em>ἀπέστη</em></strong></span> <span class='ocrx_word' id='word_1_148' title='bbox 570 2127 710 2207; x_wconf 86' lang='grc' dir='ltr'><strong><em>Κότυος,</em></strong></span> <span class='ocrx_word' id='word_1_149' title='bbox 734 2125 858 2209; x_wconf 89' lang='grc' dir='ltr'><strong><em>συχνὸν</em></strong></span> <span class='ocrx_word' id='word_1_150' title='bbox 876 2124 941 2208; x_wconf 76' lang='grc' dir='ltr'><strong><em>ἤδη</em></strong></span> <span class='ocrx_word' id='word_1_151' title='bbox 959 2127 1083 2209; x_wconf 92' lang='grc' dir='ltr'><strong><em>χρόνον</em></strong></span> <span class='ocrx_word' id='word_1_152' title='bbox 1101 2125 1196 2200; x_wconf 83' lang='grc' dir='ltr'><strong><em>ὄντος</em></strong></span> <span class='ocrx_word' id='word_1_153' title='bbox 1213 2132 1276 2188; x_wconf 92' lang='grc' dir='ltr'><strong><em>τοῦ</em></strong></span> 
     </span>
     <span class='ocr_line' id='line_1_20' title="bbox 264 2226 1276 2315; baseline -0.002 -19"><span class='ocrx_word' id='word_1_154' title='bbox 264 2230 426 2315; x_wconf 88' lang='grc' dir='ltr'><strong><em>πολέμου,</em></strong></span> <span class='ocrx_word' id='word_1_155' title='bbox 454 2228 510 2297; x_wconf 83' lang='grc' dir='ltr'><strong><em>καὶ</em></strong></span> <span class='ocrx_word' id='word_1_156' title='bbox 537 2228 792 2314; x_wconf 88' lang='grc' dir='ltr'><strong><em>ἀπηλλαγμένου</em></strong></span> <span class='ocrx_word' id='word_1_157' title='bbox 815 2226 876 2314; x_wconf 68' lang='grc' dir='ltr'><strong><em>μὲν</em></strong></span> <span class='ocrx_word' id='word_1_158' title='bbox 896 2226 1111 2312; x_wconf 87' lang='grc' dir='ltr'><strong><em>Ἐργοφίλου,</em></strong></span> <span class='ocrx_word' id='word_1_159' title='bbox 1138 2229 1276 2314; x_wconf 84' lang='grc' dir='ltr'><strong><em>μέλλον·</em></strong></span> 
     </span>
     <span class='ocr_line' id='line_1_21' title="bbox 264 2331 1272 2421; baseline -0.004 -17"><span class='ocrx_word' id='word_1_160' title='bbox 264 2360 321 2414; x_wconf 90' lang='grc' dir='ltr'><strong><em>τος</em></strong></span> <span class='ocrx_word' id='word_1_161' title='bbox 344 2331 376 2404; x_wconf 80' lang='grc' dir='ltr'><strong><em>θ’</em></strong></span> <span class='ocrx_word' id='word_1_162' title='bbox 398 2335 606 2414; x_wconf 79' lang='grc' dir='ltr'><strong><em>Αὐτοκλέους</em></strong></span> <span class='ocrx_word' id='word_1_163' title='bbox 628 2336 759 2402; x_wconf 79' lang='grc' dir='ltr'><strong><em>έκπλείν</em></strong></span> <span class='ocrx_word' id='word_1_164' title='bbox 777 2344 974 2421; x_wconf 84' lang='grc' dir='ltr'><strong><em>στρατηγοῦ,</em></strong></span> <span class='ocrx_word' id='word_1_165' title='bbox 998 2334 1127 2420; x_wconf 80' lang='grc' dir='ltr'><strong><em>ἐγράφη</em></strong></span> <span class='ocrx_word' id='word_1_166' title='bbox 1144 2357 1177 2400; x_wconf 88' lang='grc' dir='ltr'><strong><em>τι</em></strong></span> <span class='ocrx_word' id='word_1_167' title='bbox 1193 2331 1272 2419; x_wconf 90' lang='grc' dir='ltr'><strong><em>παρ’</em></strong></span> 
     </span>
     <span class='ocr_line' id='line_1_22' title="bbox 264 2436 1275 2528; baseline -0.002 -20"><span class='ocrx_word' id='word_1_168' title='bbox 264 2444 345 2528; x_wconf 78' lang='grc' dir='ltr'><strong><em>ὑμίύ</em></strong></span> <span class='ocrx_word' id='word_1_169' title='bbox 367 2445 523 2527; x_wconf 76' lang='grc' dir='ltr'><strong><em>ύήφισμα</em></strong></span> <span class='ocrx_word' id='word_1_170' title='bbox 540 2451 706 2524; x_wconf 88' lang='grc' dir='ltr'><strong><em>τοιοῦτον,</em></strong></span> <span class='ocrx_word' id='word_1_171' title='bbox 731 2438 775 2507; x_wconf 75' lang='grc' dir='ltr'><strong><em>δι’</em></strong></span> <span class='ocrx_word' id='word_1_172' title='bbox 797 2436 839 2507; x_wconf 87' lang='grc' dir='ltr'><strong><em>οὗ</em></strong></span> <span class='ocrx_word' id='word_1_173' title='bbox 856 2441 1077 2525; x_wconf 84' lang='grc' dir='ltr'><strong><em>Μιλτοκύθης</em></strong></span> <span class='ocrx_word' id='word_1_174' title='bbox 1093 2436 1155 2525; x_wconf 69' lang='grc' dir='ltr'><strong><em>μέν</em></strong></span> <span class='ocrx_word' id='word_1_175' title='bbox 1174 2440 1275 2525; x_wconf 77' lang='grc' dir='ltr'><strong><em>ἀπῆλ-</em></strong></span> 
     </span>
     <span class='ocr_line' id='line_1_23' title="bbox 264 2543 1274 2635; baseline -0.002 -21"><span class='ocrx_word' id='word_1_176' title='bbox 264 2556 328 2616; x_wconf 84' lang='grc' dir='ltr'><strong><em>θον</em></strong></span> <span class='ocrx_word' id='word_1_177' title='bbox 356 2545 522 2634; x_wconf 82' lang='grc' dir='ltr'><strong><em>φοβηθείς</em></strong></span> <span class='ocrx_word' id='word_1_178' title='bbox 548 2543 604 2613; x_wconf 86' lang='grc' dir='ltr'><strong><em>καί</em></strong></span> <span class='ocrx_word' id='word_1_179' title='bbox 630 2550 770 2631; x_wconf 87' lang='grc' dir='ltr'><strong><em>νομίσας</em></strong></span> <span class='ocrx_word' id='word_1_180' title='bbox 796 2547 881 2630; x_wconf 78' lang='grc' dir='ltr'><strong><em>ὑμᾶς</em></strong></span> <span class='ocrx_word' id='word_1_181' title='bbox 908 2545 950 2612; x_wconf 89' lang='grc' dir='ltr'><strong><em>ού</em></strong></span> <span class='ocrx_word' id='word_1_182' title='bbox 978 2546 1153 2632; x_wconf 82' lang='grc' dir='ltr'><strong><em>προσέχειν</em></strong></span> <span class='ocrx_word' id='word_1_183' title='bbox 1174 2545 1274 2635; x_wconf 77' lang='grc' dir='ltr'><strong><em>αύτῷ,</em></strong></span> 
     </span>
     <span class='ocr_line' id='line_1_24' title="bbox 264 2649 1275 2738; baseline -0.003 -18"><span class='ocrx_word' id='word_1_184' title='bbox 264 2658 375 2732; x_wconf 85' lang='grc' dir='ltr'><strong><em>Κότυς</em></strong></span> <span class='ocrx_word' id='word_1_185' title='bbox 403 2649 433 2720; x_wconf 75' lang='grc' dir='ltr'><strong><em>δ’</em></strong></span> <span class='ocrx_word' id='word_1_186' title='bbox 459 2653 618 2738; x_wconf 79' lang='grc' dir='ltr'><strong><em>ἐγκρατής</em></strong></span> <span class='ocrx_word' id='word_1_187' title='bbox 643 2661 704 2718; x_wconf 88' lang='grc' dir='ltr'><strong><em>τοῦ</em></strong></span> <span class='ocrx_word' id='word_1_188' title='bbox 730 2651 761 2718; x_wconf 87' lang='grc' dir='ltr'><strong><em>τ’</em></strong></span> <span class='ocrx_word' id='word_1_189' title='bbox 791 2653 891 2737; x_wconf 84' lang='grc' dir='ltr'><strong><em>ὅρους</em></strong></span> <span class='ocrx_word' id='word_1_190' title='bbox 918 2661 980 2719; x_wconf 87' lang='grc' dir='ltr'><strong><em>τοῦ</em></strong></span> <span class='ocrx_word' id='word_1_191' title='bbox 1007 2652 1100 2737; x_wconf 82' lang='grc' dir='ltr'><strong><em>ίεροῦ</em></strong></span> <span class='ocrx_word' id='word_1_192' title='bbox 1126 2649 1275 2718; x_wconf 79' lang='grc' dir='ltr'><strong><em>καὶτῶν</em></strong></span> 
     </span>
     <span class='ocr_line' id='line_1_25' title="bbox 263 2753 1281 2846; baseline -0.005 -19"><span class='ocrx_word' id='word_1_193' title='bbox 263 2769 448 2846; x_wconf 87' lang='grc' dir='ltr'><strong><em>θησαυρῶν</em></strong></span> <span class='ocrx_word' id='word_1_194' title='bbox 469 2759 607 2843; x_wconf 86' lang='grc' dir='ltr'><strong><em>έγένετο.</em></strong></span> <span class='ocrx_word' id='word_1_195' title='bbox 648 2755 703 2824; x_wconf 83' lang='grc' dir='ltr'><strong><em>καί</em></strong></span> <span class='ocrx_word' id='word_1_196' title='bbox 725 2758 789 2843; x_wconf 91' lang='grc' dir='ltr'><strong><em>γάρ</em></strong></span> <span class='ocrx_word' id='word_1_197' title='bbox 810 2780 863 2823; x_wconf 91' lang='grc' dir='ltr'><strong><em>τοι</em></strong></span> <span class='ocrx_word' id='word_1_198' title='bbox 885 2758 966 2841; x_wconf 84' lang='grc' dir='ltr'><strong><em>μετὰ</em></strong></span> <span class='ocrx_word' id='word_1_199' title='bbox 988 2754 1079 2824; x_wconf 83' lang='grc' dir='ltr'><strong><em>ταῦτ’</em></strong></span> <span class='ocrx_word' id='word_1_200' title='bbox 1106 2753 1133 2822; x_wconf 80' lang='grc' dir='ltr'>ὦ</span> <span class='ocrx_word' id='word_1_201' title='bbox 1155 2758 1281 2840; x_wconf 76' lang='grc' dir='ltr'><strong><em>ἀνδρες-</em></strong></span> 
     </span>
     <span class='ocr_line' id='line_1_26' title="bbox 259 2859 1274 2951; baseline -0.005 -18"><span class='ocrx_word' id='word_1_202' title='bbox 259 2865 445 2951; x_wconf 80' lang='grc' dir='ltr'><strong><em>Ἀθηναίοι,</em></strong></span> <span class='ocrx_word' id='word_1_203' title='bbox 464 2865 637 2948; x_wconf 79' lang='grc' dir='ltr'><strong><em>Αὐτοκλῆς</em></strong></span> <span class='ocrx_word' id='word_1_204' title='bbox 653 2859 715 2949; x_wconf 74' lang='grc' dir='ltr'><strong><em>μέν</em></strong></span> <span class='ocrx_word' id='word_1_205' title='bbox 734 2859 879 2949; x_wconf 77' lang='grc' dir='ltr'><strong><em>ἐκρίνεθ’</em></strong></span> <span class='ocrx_word' id='word_1_206' title='bbox 896 2863 941 2940; x_wconf 81' lang='grc' dir='ltr'><strong><em>ὡς</em></strong></span> <span class='ocrx_word' id='word_1_207' title='bbox 959 2861 1174 2940; x_wconf 79' lang='grc' dir='ltr'><strong><em>ἀπολωλεκὼς</em></strong></span> <span class='ocrx_word' id='word_1_208' title='bbox 1187 2867 1274 2929; x_wconf 88' lang='grc' dir='ltr'><strong><em>Μιλ-</em></strong></span> 
     </span>
     <span class='ocr_line' id='line_1_27' title="bbox 261 2965 1275 3057; baseline -0.004 -18"><span class='ocrx_word' id='word_1_209' title='bbox 261 2974 427 3057; x_wconf 87' lang='grc' dir='ltr'><strong><em>τοκύθην,</em></strong></span> <span class='ocrx_word' id='word_1_210' title='bbox 450 2972 486 3038; x_wconf 84' lang='grc' dir='ltr'><strong><em>οἰ</em></strong></span> <span class='ocrx_word' id='word_1_211' title='bbox 507 2966 544 3037; x_wconf 71' lang='grc' dir='ltr'><strong><em>δὲ</em></strong></span> <span class='ocrx_word' id='word_1_212' title='bbox 567 2973 683 3057; x_wconf 85' lang='grc' dir='ltr'><strong><em>χρόνοι</em></strong></span> <span class='ocrx_word' id='word_1_213' title='bbox 705 2971 787 3036; x_wconf 78' lang='grc' dir='ltr'><strong><em>κατὰ</em></strong></span> <span class='ocrx_word' id='word_1_214' title='bbox 808 2977 871 3035; x_wconf 87' lang='grc' dir='ltr'><strong><em>τοῦ</em></strong></span> <span class='ocrx_word' id='word_1_215' title='bbox 893 2969 930 3035; x_wconf 87' lang='grc' dir='ltr'><strong><em>τὸ</em></strong></span> <span class='ocrx_word' id='word_1_216' title='bbox 953 2965 1098 3053; x_wconf 83' lang='grc' dir='ltr'><strong><em>ψήφισμ’</em></strong></span> <span class='ocrx_word' id='word_1_217' title='bbox 1124 2971 1275 3046; x_wconf 86' lang='grc' dir='ltr'><strong><em>εἰπόντος</em></strong></span> 
     </span>
    </p>
   </div>
   <div class='ocr_carea' id='block_1_3' title="bbox 211 3071 1274 3584">
    <p class='ocr_par' dir='ltr' id='par_1_5' title="bbox 211 3071 1274 3584">
     <span class='ocr_line' id='line_1_28' title="bbox 262 3071 1274 3164; baseline -0.004 -20"><span class='ocrx_word' id='word_1_218' title='bbox 262 3088 321 3162; x_wconf 78' lang='grc' dir='ltr'><strong><em>της</em></strong></span> <span class='ocrx_word' id='word_1_219' title='bbox 347 3087 478 3164; x_wconf 73' lang='grc' dir='ltr'><strong><em>γραφῆς</em></strong></span> <span class='ocrx_word' id='word_1_220' title='bbox 506 3077 763 3160; x_wconf 78' lang='grc' dir='ltr'><strong><em>ἐξεληλύθεσαν,</em></strong></span> <span class='ocrx_word' id='word_1_221' title='bbox 790 3075 831 3141; x_wconf 82' lang='grc' dir='ltr'><strong><em>τά</em></strong></span> <span class='ocrx_word' id='word_1_222' title='bbox 854 3071 892 3141; x_wconf 72' lang='grc' dir='ltr'><strong><em>δέ</em></strong></span> <span class='ocrx_word' id='word_1_223' title='bbox 913 3071 1076 3160; x_wconf 87' lang='grc' dir='ltr'><strong><em>πράγματ’</em></strong></span> <span class='ocrx_word' id='word_1_224' title='bbox 1102 3073 1274 3142; x_wconf 83' lang='grc' dir='ltr'><strong><em>ἀπωλώλει</em></strong></span> 
     </span>
     <span class='ocr_line' id='line_1_29' title="bbox 211 3178 1274 3272; baseline 0 -26"><span class='ocrx_word' id='word_1_225' title='bbox 211 3196 303 3272; x_wconf 80' lang='grc' dir='ltr'><strong><em>ιοττη</em></strong></span> <span class='ocrx_word' id='word_1_226' title='bbox 331 3186 433 3250; x_wconf 89' lang='grc' dir='ltr'><strong><em>πόλει.</em></strong></span> <span class='ocrx_word' id='word_1_227' title='bbox 479 3178 517 3248; x_wconf 78' lang='grc' dir='ltr'><strong><em>εὖ</em></strong></span> <span class='ocrx_word' id='word_1_228' title='bbox 544 3186 660 3248; x_wconf 90' lang='grc' dir='ltr'><strong><em>τοίνυν</em></strong></span> <span class='ocrx_word' id='word_1_229' title='bbox 683 3179 753 3248; x_wconf 75' lang='grc' dir='ltr'><strong><em>ἴσθ’</em></strong></span> <span class='ocrx_word' id='word_1_230' title='bbox 781 3182 830 3248; x_wconf 83' lang='grc' dir='ltr'><strong><em>ὅτι</em></strong></span> <span class='ocrx_word' id='word_1_231' title='bbox 853 3178 909 3246; x_wconf 81' lang='grc' dir='ltr'><strong><em>καί</em></strong></span> <span class='ocrx_word' id='word_1_232' title='bbox 930 3189 1011 3264; x_wconf 77' lang='grc' dir='ltr'><strong><em>νῦν,</em></strong></span> <span class='ocrx_word' id='word_1_233' title='bbox 1037 3182 1070 3248; x_wconf 87' lang='grc' dir='ltr'><strong><em>εἰ</em></strong></span> <span class='ocrx_word' id='word_1_234' title='bbox 1090 3181 1135 3265; x_wconf 86' lang='grc' dir='ltr'><strong><em>μή</em></strong></span> <span class='ocrx_word' id='word_1_235' title='bbox 1157 3181 1274 3247; x_wconf 85' lang='grc' dir='ltr'><strong><em>λύσετε</em></strong></span> 
     </span>
     <span class='ocr_line' id='line_1_30' title="bbox 263 3285 1274 3376; baseline -0.003 -20"><span class='ocrx_word' id='word_1_236' title='bbox 263 3293 301 3358; x_wconf 87' lang='grc' dir='ltr'><strong><em>τὸ</em></strong></span> <span class='ocrx_word' id='word_1_237' title='bbox 324 3294 479 3376; x_wconf 77' lang='grc' dir='ltr'><strong><em>ψήφισμα</em></strong></span> <span class='ocrx_word' id='word_1_238' title='bbox 500 3291 590 3374; x_wconf 77' lang='grc' dir='ltr'><strong><em>τοδί,</em></strong></span> <span class='ocrx_word' id='word_1_239' title='bbox 614 3285 670 3355; x_wconf 79' lang='grc' dir='ltr'><strong><em>καὶ</em></strong></span> <span class='ocrx_word' id='word_1_240' title='bbox 692 3299 762 3365; x_wconf 81' lang='grc' dir='ltr'><strong><em>τοίς</em></strong></span> <span class='ocrx_word' id='word_1_241' title='bbox 783 3291 956 3372; x_wconf 87' lang='grc' dir='ltr'><strong><em>βασιλεῦσι</em></strong></span> <span class='ocrx_word' id='word_1_242' title='bbox 977 3287 1154 3372; x_wconf 91' lang='grc' dir='ltr'><strong><em>θαυμαστή</em></strong></span> <span class='ocrx_word' id='word_1_243' title='bbox 1177 3289 1274 3371; x_wconf 87' lang='grc' dir='ltr'><strong><em>γενή-</em></strong></span> 
     </span>
     <span class='ocr_line' id='line_1_31' title="bbox 265 3391 1273 3479; baseline -0.005 -17"><span class='ocrx_word' id='word_1_244' title='bbox 265 3415 356 3462; x_wconf 89' lang='grc' dir='ltr'><strong><em>σεται</em></strong></span> <span class='ocrx_word' id='word_1_245' title='bbox 369 3391 418 3461; x_wconf 74' lang='grc' dir='ltr'><strong><em>δι’</em></strong></span> <span class='ocrx_word' id='word_1_246' title='bbox 436 3393 508 3461; x_wconf 80' lang='grc' dir='ltr'><strong><em>αὕτ’</em></strong></span> <span class='ocrx_word' id='word_1_247' title='bbox 526 3395 654 3478; x_wconf 81' lang='grc' dir='ltr'><strong><em>ἀθυμία</em></strong></span> <span class='ocrx_word' id='word_1_248' title='bbox 672 3391 728 3460; x_wconf 81' lang='grc' dir='ltr'><strong><em>καί</em></strong></span> <span class='ocrx_word' id='word_1_249' title='bbox 744 3403 814 3470; x_wconf 86' lang='grc' dir='ltr'><strong><em>τοίς</em></strong></span> <span class='ocrx_word' id='word_1_250' title='bbox 832 3404 1027 3479; x_wconf 70' lang='grc' dir='ltr'><strong><em>στρατηγοῖς</em></strong></span> <span class='ocrx_word' id='word_1_251' title='bbox 1045 3391 1168 3458; x_wconf 76' lang='grc' dir='ltr'><strong><em>αὐτῶν·</em></strong></span> <span class='ocrx_word' id='word_1_252' title='bbox 1188 3393 1273 3470; x_wconf 86' lang='grc' dir='ltr'><strong><em>ὅλως</em></strong></span> 
     </span>
     <span class='ocr_line' id='line_1_32' title="bbox 266 3495 1273 3584; baseline -0.001 -20"><span class='ocrx_word' id='word_1_253' title='bbox 266 3503 329 3584; x_wconf 75' lang='grc' dir='ltr'><strong><em>τὰρ</em></strong></span> <span class='ocrx_word' id='word_1_254' title='bbox 350 3501 532 3583; x_wconf 85' lang='grc' dir='ltr'><strong><em>ήγήσονται</em></strong></span> <span class='ocrx_word' id='word_1_255' title='bbox 553 3506 746 3581; x_wconf 85' lang='grc' dir='ltr'><strong><em>παρεῶσθαι</em></strong></span> <span class='ocrx_word' id='word_1_256' title='bbox 769 3495 830 3584; x_wconf 70' lang='grc' dir='ltr'><strong><em>μέν</em></strong></span> <span class='ocrx_word' id='word_1_257' title='bbox 853 3499 958 3581; x_wconf 85' lang='grc' dir='ltr'><strong><em>αύτοί,</em></strong></span> <span class='ocrx_word' id='word_1_258' title='bbox 983 3498 1066 3580; x_wconf 86' lang='grc' dir='ltr'><strong><em>πρὸς</em></strong></span> <span class='ocrx_word' id='word_1_259' title='bbox 1088 3495 1273 3580; x_wconf 86' lang='grc' dir='ltr'><strong><em>Κερσοβλέ-</em></strong></span> 
     </span>
    </p>
   </div>
   <div class='ocr_carea' id='block_1_4' title="bbox 0 0 1474 4180">
    <p class='ocr_par' dir='ltr' id='par_1_6' title="bbox 0 0 1474 4180">
     <span class='ocr_line' id='line_1_33' title="bbox 0 0 1474 4180; baseline 0 2"><span class='ocrx_word' id='word_1_260' title='bbox 0 0 1474 4180; x_wconf 95' lang='lat' dir='ltr'><strong><em> </em></strong></span> 
     </span>
    </p>
   </div>
  </div>
 </body>
</html>
