2938 4180
257 165 321 230 154
558 167 657 219 xxm.
680 165 961 220 ΔΗΜΟΣΘΕΝΟΤΣ

216 347 240 388 ιε
254 328 423 408 πράττεινς
448 325 489 392 ού
511 329 628 392 τοίνυν
651 329 756 412 μόνον
779 326 815 394 ἐκ
836 327 964 392 τούτων
988 328 1090 412 δῆλόν
1114 320 1187 394 ἐσθ’
1212 325 1264 394 ὅτι

254 434 383 500 τούτων
410 429 493 499 ἕνεκ’
521 431 647 518 ἐρρηθη
672 433 710 498 τὸ
732 427 955 518 προβούλευμ’
981 425 1029 498 ὧν
1052 431 1151 517 λέγω,
1180 431 1263 499 ἀλλὰ

255 537 309 603 καὶ
332 538 369 606 ἐκ
390 548 451 605 τοῦ
472 541 684 624 ψηφίσματος
707 537 811 604 αὐτοῦ
832 541 994 624 μαρτυρία
1015 541 1064 617 τίς
1083 533 1148 605 ἐστ’
1169 537 1263 624 εὐμε-

253 643 364 729 γέθης.
410 643 452 712 ιἰν
478 645 542 730 γάρ
570 645 745 732 ἀποκτείνῃ
767 669 817 724 τις
840 647 1035 730 Χαρίδημον
1057 645 1186 729 γράψας
1208 643 1264 711 καλ

253 751 404 836 παραβὰς
429 751 467 817 τὸ
494 753 530 815 τί
553 747 727 834 πράττοντ’
754 752 874 836 εἰπεῖν,
900 746 1011 834 πότερ’
1036 757 1116 835 ἡμῖν
1138 749 1263 836 συμφέ-

255 853 345 941 ροντ’
371 855 392 940 ἢ
419 857 475 939 ού,
503 850 642 941 γέγραφ’
668 856 773 934 εὐθὺς
796 855 965 942 ἀγώγιμον
988 856 1023 922 ἐκ
1045 867 1113 922 τῶν
1136 864 1247 940 σνμμά

214 983 240 1025 ιι
254 986 324 1047 χειν
351 958 444 1028 εἶναι.
490 961 615 1028 οὐκοῦν
641 973 709 1028 τῶν
736 957 797 1047 μέν
825 962 956 1048 ἐχθρῶν
984 962 1104 1048 ὁμοίως
1126 962 1206 1047 ἡμῖν
1227 986 1261 1028 τε

253 1066 405 1156 κάκείνη),
430 1062 582 1135 οὐδέποτ’
609 1070 656 1146 είς
677 1071 756 1146 τοὺς
778 1066 957 1154 ἡμετέρους
979 1069 1048 1152 ἥξει
1071 1069 1263 1154 συμμάχους

254 1173 377 1258 ούδείς,
400 1168 470 1241 οὔτ’
492 1173 685 1251 ἀποκτείνας
709 1173 836 1240 ἐκεῖνον
855 1174 931 1240 οὔτε
950 1175 1005 1259 μή,
1024 1169 1099 1240 ὥστ’
1121 1175 1163 1240 οὐ
1181 1177 1263 1240 κατὰ

253 1279 381 1346 τούτων
403 1278 570 1365 γέγραφεν
592 1280 718 1364 ταύτην
739 1281 801 1365 τὴν
822 1283 991 1365 τιμωρίαν.
1030 1290 1097 1344 τῶν
1119 1277 1150 1344 δ’
1175 1279 1316 1365 ἡμε-οιο

253 1383 359 1472 τέροιν
386 1382 447 1470 μὲν
474 1389 598 1470 φίλων,
626 1385 756 1453 ἐκείνου
781 1383 826 1469 δ’,
854 1386 934 1452 ὅταν
957 1385 1086 1472 ἐγχειρῇ
1108 1408 1141 1452 τι
1162 1387 1262 1472 πράτ-

253 1513 323 1557 τειν
350 1490 502 1558 ἐναντίον
528 1492 624 1577 ὑμίν,
652 1492 798 1579 ἐχθρῶν,
825 1492 954 1559 τούτων
982 1493 1024 1576 δή
1051 1495 1102 1569 τίς
1128 1492 1217 1558 ἐστιν
1243 1493 1261 1560 δ

253 1606 351 1664 τοῦτο
379 1599 416 1664 τὸ
445 1601 601 1684 ψήφισμα
627 1597 792 1683 φοβηθεὶς
818 1597 861 1664 ἂν
882 1596 938 1665 καὶ
960 1598 1189 1683 φυλαξάμενος
1216 1599 1260 1684 μὴ

254 1701 298 1770 δι’
330 1704 478 1790 ἀνάγκην
510 1705 589 1790 ἡμῖν
620 1706 668 1782 είς
700 1707 827 1789 ἔχθραν
859 1705 980 1789 έλθειν.
1025 1707 1115 1771 ἐστιν
1144 1709 1261 1771 τοίνυν

254 1804 351 1888 οὗτος
365 1807 599 1896 Ἀθηνύδοιρος
614 1812 732 1896 Σίμων
750 1812 884 1895 Βιάνωρ
903 1811 939 1877 οί
955 1807 1086 1898 Θρηίκης
1104 1814 1260 1895 βασιλεῖς,
1303 1826 1305 1829 ’

254 1917 353 1992 άλλος
376 1913 465 1991 ὅστις
487 1914 529 1981 δν
552 1918 600 1994 είς
621 1917 811 2002 εὐεργεσίας
832 1916 931 2004 μέρος
952 1916 1159 1984 καταθέσθαι
1181 1921 1260 2004 βού-

254 2026 345 2086 λοιτο
367 2022 405 2085 τὸ
428 2021 583 2104 πράττειν
603 2017 775 2088 ὑπεναντί’
797 2022 925 2088 ἐκεῖνον
947 2022 1154 2108 ἐγχειροῦνθ’
1180 2025 1260 2110 ὑμῖν

254 2126 406 2212 ἐπισχεῖν.

217 2255 239 2294 ιι
336 2225 397 2299 Ὧν
419 2227 481 2319 μὲν
502 2235 619 2298 τοίνυν
639 2230 723 2298 ἕνεκ’
745 2234 872 2320 ἐρρήθη
891 2234 928 2299 τὸ
947 2232 1181 2321 προβούλευμ’,
1204 2238 1260 2304 ἵνα

254 2341 433 2426 κυρώσειεν
456 2339 475 2406 δ
498 2341 602 2425 δῆμος
622 2338 846 2425 ἐξαπατηθείς,
870 2339 925 2407 καλ
944 2339 987 2406 δι’
1009 2341 1030 2408 δ
1048 2344 1109 2428 τὴν
1125 2347 1260 2430 γραφὴν

254 2443 468 2532 ἐποιησάμεθ’
489 2445 583 2532 ἡμεῖς
600 2445 748 2531 ταυτηνὶ,
772 2450 970 2532 βουλόμενοι
987 2453 1144 2533 κωλῦσαι,
1164 2449 1256 2518 ταῦτ’

254 2552 344 2620 ἐστὶν
367 2548 393 2618 ὦ
417 2553 536 2639 ἄνδρες
555 2550 734 2638 Ἀθηναῖοι
781 2556 912 2620 δίκαιον
935 2552 965 2620 δ’
992 2553 1082 2620 ἐστὶν
1105 2562 1184 2634 ἴσως
1206 2553 1257 2642 ἔμ’

253 2657 480 2745 ὑπεσχημένον
511 2661 585 2742 τρία
618 2659 804 2742 ἐπιδείξειν,
838 2660 875 2725 δν
906 2656 967 2745 μὲν
996 2662 1040 2740 ὡς
1066 2664 1154 2748 παρὰ
1180 2667 1260 2742 τοὺς

252 2769 377 2851 νόμους
403 2766 441 2832 τὸ
466 2762 609 2849 ψήφισμ’
636 2771 776 2851 εἴρηται,
805 2767 961 2852 δεύτερον
985 2765 1015 2831 δ’
1042 2767 1086 2846 δις
1109 2768 1257 2855 άσύμφο-

253 2876 314 2959 ρόν
341 2872 409 2938 ἐστι
436 2881 476 2958 τῇ
500 2874 609 2954 πόλει,
636 2875 748 2956 τρίτον
771 2866 802 2937 δ’
828 2872 873 2949 ὡς
895 2872 1028 2954 άνάξιος
1049 2885 1161 2958 τυχεῖν
1183 2878 1258 2943 τού-

251 3004 319 3046 των
347 2970 373 3067 ηδ
400 2977 595 3064 γέγραπται,
623 2977 757 3044 πάντων
785 2979 913 3065 αἵρεσιν
939 2979 1019 3065 ὑμῖν
1046 2982 1164 3048 δοῦναι
1191 2995 1259 3062 τοῖς

252 3084 499 3171 ἀκουσομένοις,
518 3087 554 3150 τί
568 3095 700 3168 πρῶτον
718 3083 738 3168 ἢ
756 3087 792 3150 τί
807 3087 963 3171 δεύτερον
980 3085 1000 3171 ἢ
1020 3091 1055 3154 τί
1069 3093 1258 3156 τελευταῖον

213 3211 239 3252 ιι
252 3191 470 3276 βουλομένοις
493 3190 641 3272 [ἀκούειν
662 3189 756 3274 ὑμῖν]
782 3191 879 3257 ἐστίν.
925 3192 943 3258 ὅ
967 3194 1061 3278 τιδὴ
1086 3191 1257 3278 βούλεσθ’,

253 3300 360 3382 δρᾶτε,
384 3298 440 3364 ’ίνα
462 3305 559 3364 τοῦτο
583 3295 667 3381 λέγω
690 3309 822 3382 πρῶτον
844 3298 931 3384 ὑμῖν.
974 3297 1049 3384 περὶ
1072 3310 1132 3367 τοῦ
1154 3323 1257 3388 παρα-

253 3406 359 3488 νόμου
381 3403 545 3487 βούλεσθε
566 3414 712 3489 πρῶτονς
736 3414 834 3472 τοῦτο
856 3409 973 3472 τοίνυν
991 3405 1138 3492 ἐροῦμεν.
1175 3408 1256 3493 δδὴ

255 3507 368 3591 δέομαι
400 3505 455 3574 καὶ
484 3507 563 3588 ἀξιῶ
590 3512 677 3592 παρά
704 3513 837 3578 πάντων
863 3513 957 3597 ὑμῶν
983 3525 1109 3599 τυχεῖν,
1142 3514 1256 3595 δίκαι’,
