2614 3904
205 131 270 196 348
508 135 606 189 XXIX.
630 125 910 186 ᾹΗΜΟΣΘΕΝΟΤΣ

204 291 314 376 ὥσπερ
337 291 418 377 ὑμῖν
436 291 599 375 ἐπιδείξω,
622 291 724 359 πάνθ’
748 288 798 358 δσ’
819 291 899 377 ἡμῖν
917 297 1119 380 κατελείφθη
1139 298 1234 380 χρή-

204 394 278 482 ματ’
305 397 546 482 ἀπεστερηκότα
573 407 693 464 τοῦτον
716 396 784 482 μετ’
812 398 963 482 ἐκείνων,
992 399 1033 467 οὐ
1055 411 1232 478 καταψευ-

178 505 548 589 λδομαρτυρησάμενος.
581 508 758 588 τεκμήριον
777 501 814 570 δέ
833 503 1000 589 μέγιστον·
1024 519 1231 592 μαρτυριῶν

204 611 268 694 γὰρ
286 609 387 676 πλέον
405 608 426 694 ή
444 610 533 675 πάνυ
551 615 683 676 πολλῶν
699 621 767 676 τῶν
781 609 919 676 ἁπασῶν
933 610 1229 694 ἀναγνωσθεισῶν

204 713 258 780 ἐπὶ
280 725 319 802 τή
343 716 429 801 δίκη,
452 714 508 782 καὶ
530 717 658 782 τούτων
681 727 749 782 τῶν
771 713 833 802 μὲν
856 717 901 794 ὡς
919 718 1041 783 ἔδοσάν
1059 741 1091 783 τι
1108 720 1227 808 τούτῳ

204 831 271 886 τῶν
294 822 382 905 ἐμῶν
404 832 743 907 καταμαρτυρουσῶν,
770 832 838 889 τῶν
862 816 893 888 δ’
919 823 963 900 ὡς
985 832 1138 908 παρήσαν
1163 849 1226 891 κο-

204 927 381 1016 μιζομένῳ,
412 939 481 993 τῶν
509 922 539 993 δ’
570 929 614 1005 ὡς
640 929 816 1013 πριάμενοι
843 929 932 1012 παρὰ
960 931 1081 996 τούτου
1108 933 1225 1020 τούτῳ

204 1035 262 1111 τὰς
284 1035 377 1119 τιμὰς
400 1033 569 1117 διέλυσαν,
592 1032 666 1100 οὐδ’
695 1025 714 1120 ᾖ
738 1057 804 1100 τινι
826 1045 894 1100 τῶν
916 1035 1225 1122 ψευδομαρτυριῶν

204 1139 424 1224 ἐπεσκήψατο,
459 1136 538 1207 οὐδὲ
565 1142 741 1224 τετόλμηκε
769 1141 902 1206 διώκειν
930 1134 1003 1208 ἀλλ’
1033 1141 1054 1225 ή
1082 1143 1214 1226 ταύτην
1225 1157 1273 1207 84ν

204 1249 284 1330 μίαν
306 1241 423 1329 οὖσαν,
446 1245 483 1313 ἐν
506 1237 527 1332 ή
551 1246 702 1330 δραχμήν
725 1246 787 1312 οὐκ
810 1245 853 1312 δν
875 1249 945 1331 έχοι
969 1247 1074 1327 δείξαι
1094 1271 1222 1334 μεμαρ-

178 1351 401 1437 ετυρημένην.
446 1355 554 1418 καίτοι
580 1355 618 1418 τό
645 1375 682 1435 γε
709 1355 832 1437 τίμημα
857 1363 925 1418 τῶν
947 1354 1139 1437 χρημάτων,
1169 1351 1221 1421 ὧν

205 1457 443 1542 ἀπεστερήμην,
467 1458 529 1524 οὐκ
548 1457 587 1523 ἐκ
609 1459 729 1542 ταύτης
752 1456 923 1536 συντιθεὶς
945 1457 1140 1544 ἐλογιζόμην
1163 1484 1219 1526 το-

204 1575 326 1632 σοῦτον
346 1562 401 1651 (οὐ
419 1565 483 1650 γὰρ
502 1560 605 1629 ἔνεστ’
626 1563 812 1649 ἀργύριον),
833 1561 903 1629 ἀλλ’
927 1563 960 1644 ἐξ
979 1563 1116 1630 ἐκείνων
1133 1561 1215 1632 καθ’

203 1669 324 1737 ἕκαστα
341 1673 457 1753 τιθείς,
476 1661 528 1747 αἷς
547 1663 644 1747 οὗτος
663 1669 724 1735 οὐκ
743 1668 957 1754 ἐπεσκήψατο.
991 1670 1074 1736 ὅθεν
1094 1671 1130 1737 οί
1144 1671 1213 1737 τότ’

204 1778 404 1853 ἀκούσαντες
422 1775 464 1842 οὐ
481 1778 586 1860 μόνον
606 1774 709 1842 αὐτοῦ
727 1774 949 1859 κατέγνωσαν,
973 1775 1057 1842 ἀλλὰ
1074 1775 1130 1842 καί
1147 1789 1217 1842 τῶν

204 1881 493 1968 ἐπιγεγραμμένων
507 1880 672 1964 ἐτίμησαν.
703 1883 795 1957 τίνος
813 1876 876 1947 οὖν
895 1877 993 1946 εἵνεκ’
1010 1881 1137 1959 ἐκείνας
1155 1880 1216 1967 μὲν

178 1997 305 2072 οείασε,
323 1988 400 2073 τήδε
420 1983 449 2053 δ’
473 1986 692 2070 ἐπεσκήψατο;
714 1987 777 2070 ἐγὼ
796 1984 967 2053 καὶτοῦτο
987 1986 1117 2066 διδάξω.
1148 2001 1214 2055 τῶν

204 2105 395 2182 μαρτυριῶν
423 2093 498 2159 ὅσαι
524 2088 585 2178 μὲν
613 2093 717 2159 αὐτοῦ
741 2090 879 2177 χρήματ’
905 2095 993 2176 ἐχειν
1015 2098 1213 2180 κατεμαρτύ-

112 2221 115 2227 “
204 2227 303 2288 ρονν,
330 2199 403 2286 ήδει
431 2210 546 2283 σαφῶς
573 2199 624 2264 ότι
651 2201 798 2286 τοσούτω
827 2202 954 2282 μᾶλλον
982 2199 1213 2284 ἐλεγχθήσεται

203 2303 294 2374 ταῦτ’
316 2310 411 2392 ἔχων,
434 2304 501 2394 ὅσω
524 2309 647 2371 πλείων
667 2308 766 2388 λόγος
784 2306 964 2388 δοθήσεται
982 2303 1060 2371 καθ’
1082 2306 1120 2371 ἓν
1138 2306 1212 2391 περὶ

204 2413 352 2480 ἑκάστου.
388 2421 486 2478 τοῦτο
510 2409 541 2476 δ’
563 2414 698 2494 ἔμελλεν
716 2410 753 2476 ἐν
771 2419 810 2496 τή
828 2421 896 2475 τῶν
914 2411 1211 2497 ψευδομαρτυριῶν

204 2523 341 2586 ἔσεσθαι
367 2521 486 2601 κρίσει·
514 2515 532 2582 δ
560 2517 623 2601 γάρ
643 2511 717 2582 τότ’
743 2515 779 2581 ἐν
807 2524 912 2603 μικρςό
941 2514 1033 2602 μέρει
1061 2516 1127 2583 τινὶ
1152 2528 1212 2585 τοῦ

204 2627 326 2702 παντὸς
352 2624 473 2700 ὕδατος
499 2623 579 2708 μετά
606 2633 673 2688 τῶν
701 2623 811 2688 ἄλλων
836 2626 1121 2708 κατηγορήσαμεν,
1148 2634 1211 2689 νῦν

204 2735 287 2815 πρὸς
304 2732 392 2795 ἅπαν
409 2731 447 2795 τὸ
466 2729 558 2814 ὕδωρ
577 2725 751 2794 αὐτὸκαθ’
770 2727 850 2793 αὑτὸ
866 2727 1013 2807 διδάξειν
1027 2727 1209 2813 ἐμέλλομεν.

166 2861 191 2901 ιο
204 2838 375 2922 ἀποκρίσει
394 2830 424 2902 δ’
446 2834 710 2919 ἐπισκηψάμενος
727 2833 886 2917 ἐνόμιζεν,
906 2835 1015 2920 ὥσπερ
1034 2833 1107 2900 τόθ’
1130 2836 1208 2919 διμο-

205 2946 358 3028 λόγησεν,
377 2941 463 3008 οὕτω
483 2941 583 3007 πάλιν
601 2940 736 3025 ἔξαρνος
754 2938 913 3023 γενέσθαι
928 2935 1018 3006 ταῦτ’
1036 2938 1088 3025 ἐφ’
1108 2939 1207 3029 ἑαυτῷ

204 3054 413 3135 γενήσεσθαι.
447 3049 503 3112 διὰ
521 3056 623 3111 ταῦτα
642 3047 741 3130 τήνδε
756 3046 876 3110 διώκει.
904 3046 1067 3130 βούλομαι
1082 3047 1122 3130 δή
1136 3048 1208 3112 ταό-

205 3179 281 3241 την,
309 3156 353 3231 ὡς
380 3157 470 3219 ἔστιν
498 3153 640 3237 ἀληθής,
669 3149 828 3229 ἐπιδείξαι
856 3160 970 3236 σαφῶς
997 3161 1098 3218 πᾶσιν
1122 3153 1207 3238 ὑμῖν,

206 3261 267 3327 οὐκ
290 3260 323 3340 ἐξ
347 3262 481 3326 είκότων
505 3256 584 3324 οὐδὲ
606 3262 717 3342 λόγων
738 3259 821 3340 πρὸς
843 3259 880 3323 τὸ
902 3259 1011 3342 παρὸν
1029 3283 1207 3343 μεμηχανη-

206 3366 326 3449 μένων,
350 3362 421 3431 άλλ’
443 3365 479 3430 ἐκ
496 3373 557 3432 τοῦ
575 3366 664 3450 παρὰ
682 3372 783 3430 πᾶσιν
801 3362 881 3448 ὑμῖν
900 3362 1066 3446 δόξοντος,
1086 3364 1130 3441 ὡς
1148 3363 1205 3448 ἐγὼ

206 3474 343 3554 νομίζω,
366 3472 506 3536 δικαίου.
544 3481 693 3537 σκοπεῖτε
717 3467 747 3535 δ’
775 3469 982 3545 ἀκούσαντες.
