2644 4182
457 467 557 518 ΠΡΟΣ
574 465 777 520 ΔΕΠΤΙΝΗΝ.
804 499 806 502 -
1082 465 1124 530 19

111 625 193 710 ὑμῖν
216 622 353 703 ἑαυτοὺς
376 623 497 691 ἐκείνοι
519 625 696 711 παρέσχον,
720 625 820 691 ἐάσω·
844 620 916 692 ἀλλ’
944 624 999 692 ὅθ’
1025 627 1046 710 η
1070 649 1126 711 με·

111 731 197 814 γάλη
215 731 301 816 μάχη
320 731 402 815 πρὸς
415 729 701 816 Λακεδαιμονίους
719 729 847 814 ἐγένεθ’
865 731 886 814 ἡ
902 731 938 797 ἐν
953 735 1126 821 Κορίνθῳ,

112 847 180 902 τῶν
208 836 245 902 έν
270 839 320 922 τῇ
337 839 432 902 πόλει
458 835 738 922 βουλευσαμένων
762 838 842 921 μετά
865 834 927 920 τὴν
949 839 1058 922 μάχην
1081 837 1133 921 μη

114 941 273 1027 δέχεσθαι
294 951 340 1030 τῷ
363 945 463 1027 τείχει
485 945 564 1020 τοὺς
585 943 796 1029 στρατιώτας,
820 943 903 1008 ἀλλὰ
921 943 1003 1027 πρὸς
1020 947 1126 1008 Λακε-

71 1069 99 1108 εε
114 1049 309 1132 δαιμονίους
331 1047 644 1133 ἐπικηρυκεύεσθαι,
675 1047 818 1133 δρῶντες
840 1049 1042 1133 ἠτυχηκυῖαν
1065 1049 1127 1130 τὴν

112 1157 212 1219 πόλιν
242 1151 297 1219 καὶ
329 1163 387 1238 τῆς
418 1153 569 1239 παρόδου
600 1162 803 1239 κρατοῦντας
828 1156 1128 1238 Λακεδαιμονίους,

114 1257 188 1343 ούχὶ
207 1259 408 1345 προῦδωκαν
421 1253 495 1325 οὐδ’
512 1254 745 1343 ἐβουλεύσαντ’
763 1260 833 1346 ίδίηι
846 1257 921 1343 περὶ
935 1267 992 1343 τῆς
1006 1258 1117 1324 αὑτῶν
1126 1273 1178 1322 478

114 1370 290 1451 σωτηρίας,
319 1363 402 1429 ἀλλὰ
430 1367 574 1448 πλησίου
601 1366 709 1430 ὄντων
732 1362 808 1448 μεθ’
835 1362 947 1430 ὅπλων
970 1363 1126 1428 ἁπάντων

114 1473 410 1553 Πελοποννησίων,
430 1469 578 1558 ἀνέῳξαν
591 1471 649 1546 τὰς
664 1470 770 1546 πύλας
788 1469 869 1554 ὑμίν
886 1472 944 1556 βίᾳ
961 1481 1028 1534 τῶν
1047 1473 1134 1544 πολ-,

114 1580 196 1657 λῶν,
224 1573 280 1640 καὶ
307 1580 434 1659 μᾶλλον
462 1577 591 1641 εἵλοντο
619 1570 696 1660 μεθ’
722 1575 817 1659 ὑμῶν
842 1586 909 1640 τῶν
931 1578 1005 1641 τότε
1029 1591 1133 1660 στραε,

113 1679 339 1765 τευσαμένων,
364 1687 398 1748 εί
415 1703 447 1747 τι
471 1680 556 1764 δέοι,
580 1682 729 1766 πάσχειν,
752 1679 773 1764 ἢ
796 1679 897 1766 χωρὶς
918 1680 1012 1765 ὑμῶν
1036 1680 1130 1745 ἀκιν-·

114 1787 224 1863 δύνως
242 1778 421 1866 σεσῶσθαι,
444 1784 500 1852 καί
518 1785 698 1871 είσέφρουν
715 1788 753 1853 τὸ
772 1787 969 1872 στράτευμα,
982 1782 1042 1850 ’καὶ
1060 1783 1126 1850 διέ-

73 1915 101 1958 τι
114 1909 229 1958 σωσαν
259 1890 315 1957 καὶ
347 1892 432 1977 ὑμᾶς
463 1890 519 1958 καί
550 1895 629 1969 τοὺς
656 1893 857 1977 συμμάχους.
902 1889 1014 1974 ἐπειδη
1043 1884 1074 1957 δ’
1104 1889 1125 1974 ἡ

113 1999 197 2084 πρὸς
213 1999 501 2081 Λακεδαιμονίους
524 1999 638 2082 είρηνη
662 2000 742 2083 μετὰ
764 1990 855 2063 ταῦτ’
878 1994 1006 2080 ἐγένεθ’
1028 1996 1049 2080 ἡ
1072 1994 1133 2062 ἐπ”

110 2098 340 2186 Ἀνταλκίδου,
364 2101 438 2168 ἀντὶ
460 2113 528 2168 τῶν
550 2105 658 2196 ἐργων
680 2104 809 2170 τούτων
831 2103 897 2170 ὑπὸ
919 2104 1135 2187 Λακεδαιμο-

1 2241 6 2251 1
113 2212 197 2274 υίων
226 2207 388 2288 ἐξέπεσον.
432 2208 671 2293 ὑποδεξάμενοι
700 2205 730 2274 δ’
756 2209 850 2294 ὑμεῖς
872 2208 994 2285 αύτούς
1016 2207 1134 2293 ἐποιη-7

115 2312 185 2380 σατ’
217 2318 318 2400 ἔργον
346 2313 545 2396 ἀνθρώπων
562 2320 673 2380 καλῶν
700 2315 872 2398 κάγαθῶν·
896 2314 1134 2400 ἐψηφίσασθε·

113 2421 176 2506 γὰρ
201 2419 315 2496 αὐτοῖς
332 2416 457 2484 ἅπανθ’
479 2415 527 2484 ὧν
546 2419 687 2487 ἐδέοντο.
719 2416 794 2486 εἶτα
812 2429 915 2486 ταῦτα
931 2429 998 2486 νῦν
1015 2423 1047 2486 εί
1061 2421 1133 2506 χρὴι

112 2523 200 2612 κύρι’
228 2520 314 2590 εἶναι
338 2534 539 2608 σκοποῦμεν;
577 2520 649 2590 ἀλλ’
675 2525 693 2592 ὁ
717 2529 815 2609 λόγος
836 2537 969 2612 πρῶτον
991 2527 1134 2612 αίσχρδςτ

112 2643 183 2709 τοῖς
205 2629 456 2715 σκοπουμένοις,
479 2636 514 2696 εί
532 2653 582 2708 τις
604 2631 776 2697 ἀκούσειεν
795 2631 839 2707 ὡς
858 2628 1031 2713 Ἀθηναῖοι
1049 2649 1133 2696 ono-³

113 2747 251 2820 παῦσεν,
279 2738 311 2803 εί
336 2738 398 2823 χρὴ
425 2739 503 2813 τοὺς
526 2736 699 2822 εὐεργέτας
721 2737 780 2802 ἐᾶν
801 2737 842 2802 τά
865 2733 998 2802 δοθέντ’
1025 2739 1127 2821 ἔχειν·

113 2845 214 2909 πάλαι
246 2843 310 2928 γὰρ
342 2841 504 2926 ἐσκέφθαι
535 2851 638 2908 ταῦτα
668 2840 723 2908 καί
754 2843 923 2925 ἐγνῶσθαι
949 2851 1133 2926 προσῆκεν,

114 2949 288 3032 ἀνάγνωθι
310 2945 486 3014 καὶτοῦτο
509 2949 546 3016 τδ
569 2946 711 3034 ψήφισμ’
738 2948 858 3026 αὐτοῖς.

171 3211 173 3215 ,
526 3159 708 3212 ΨΗΦΙΣΜΔ.
748 3207 759 3214 ι,

73 3285 100 3326 ιε
194 3263 235 3331 ’Ἀ
261 3261 324 3351 μὲν
346 3264 558 3349 ἐψηφίσασθε
580 3278 650 3343 τοῑς
672 3267 859 3350 φεύγουσιν
881 3261 926 3334 δι’
951 3267 1036 3353 ὑμᾶς
1058 3271 1124 3334 Κο-

14 3427 17 3434 .
113 3375 257 3458 ρινθίων
283 3365 376 3437 ταῦτ’
406 3369 497 3437 ἐστὶν
524 3366 550 3436 ὦ
578 3373 698 3458 ἄνδρες
727 3374 886 3438 δικασταί.
933 3373 995 3460 δρα
1022 3371 1068 3458 δ’,
1095 3381 1135 3450 εί

111 3500 161 3554 τις
193 3475 341 3554 ἐκείνους
371 3480 451 3554 τοὺς
481 3481 619 3561 καιροὺς
651 3479 734 3544 ίδὼυ
766 3477 800 3562 [ἢ
828 3480 957 3565 παρὼν]
985 3481 1007 3563 ἦ
1034 3503 1135 3558 τινος

112 3584 240 3661 είδότος
262 3582 443 3662 διεξιόντος
465 3583 619 3667 ἀκούσας,
642 3584 781 3650 ἀκούσαι
798 3593 860 3652 τοῦ
877 3589 985 3669 νόμου
1002 3586 1135 3664 τούτουΙ

110 3689 169 3767 τάς
190 3691 264 3754 τότε
284 3689 424 3772 δωρειὰς
442 3689 600 3766 δοθείσας
618 3689 878 3776 ἀφαιρουμένου,
903 3691 985 3778 ὅσην
997 3689 1050 3758 Ἰδν
1067 3717 1123 3758 κα-

110 3798 186 3862 κίαν
208 3806 276 3860 τῶν
289 3787 453 3879 Ιθεμένων
474 3796 533 3861 τὸν
556 3799 662 3881 νόμου
683 3801 874 3881 καταγνοίη,
898 3799 934 3864 οἳ
953 3799 1042 3882 παρὰ
1063 3794 1125 3880 μὲν
1154 3813 1168 3830 ”

924 3905 962 3952 2*
