2614 3904
94 177 96 180 ’
166 189 233 254 330
463 194 573 246 xxvn.
597 193 877 246 ΔΗυοεοιιαουΣ

166 350 185 418 δ
208 353 428 438 διηρπάκασιν
452 347 560 435 οὗτοι,
588 354 646 430 τίς
667 376 703 419 τε
726 354 865 438 δωρειὰς
888 353 944 418 ἳνα
967 355 1011 438 μή
1036 355 1186 419 δοκῶσιν

165 457 265 542 ἔχειν,
288 459 398 544 ὥσπερ
422 459 485 524 οὐκ
508 458 541 539 ἐξ
564 459 669 525 αὐτοῦ
691 467 753 525 τοῦ
775 459 965 544 πράγματος
987 458 1185 543 ἐξελεγχθη-

166 567 303 650 σόμενοι
326 565 458 651 ῥᾳδίως.
495 561 575 648 λαβὲ
599 562 629 630 δ’
652 565 767 643 αὐτοῖς
785 565 845 642 τὰς
862 568 1044 650 μαρτυρίας
1063 560 1110 630 ὧν
1129 566 1185 630 ἐν·
1302 587 1303 620 ι

166 674 281 736 αντίον
305 669 537 756 ἀπεκρίναντο,
559 669 615 738 καὶ
638 670 822 755 ἀνάγνωθι.
1302 659 1303 684 ’

568 881 772 934 ΜΔΡΤΤΡΙΔΙ.

126 1005 153 1045 ⁴2
176 989 177 992 ’
259 982 365 1066 Οὗτος
393 989 562 1074 διαθήκην
585 985 647 1074 μὲν
668 985 828 1072 γενέσθαι
851 989 949 1073 φησί,
978 986 1033 1054 καὶ
1055 988 1095 1052 τδ
1117 988 1183 1054 δύο

166 1094 309 1159 τάλαντα
332 1100 540 1179 Δημοφῶντι
568 1092 624 1160 καὶ
650 1095 709 1172 τάς
735 1093 942 1178 ὀγδοήκοντα
968 1103 1052 1179 μνᾶς
1073 1094 1183 1182 τούτῳ

166 1201 311 1284 δοθῆναι
334 1211 509 1285 μαρτυρεῖ·
531 1201 590 1278 τάς
613 1196 643 1265 δ’
673 1197 900 1283 ἑβδομήκοντα
923 1209 1018 1284 μνᾶς,
1041 1199 1080 1276 ἀς
1101 1202 1184 1283 [Θη-

167 1307 335 1390 ριππίδης]
365 1308 497 1389 ἔλαβεν,
531 1305 572 1372 οὐ
600 1307 860 1390 προσγραφῆναί
884 1323 1004 1388 φησιν,
1036 1302 1115 1371 οὐδὲ
1142 1307 1182 1372 τὸ

166 1417 297 1496 πλῆθος
326 1420 384 1494 τῆς
411 1411 527 1488 οὐσίας
552 1413 590 1478 τὸ
618 1409 860 1495 καταλειφθέν,
893 1406 972 1476 οὐδὲ
999 1411 1058 1476 τὸν
1087 1407 1183 1477 οἶκον

167 1519 255 1595 ὅπως
281 1517 527 1603 μισθώσουσιν·
560 1517 601 1583 οὐ
629 1517 693 1601 μάρ
716 1517 805 1605 αὐτῷ
831 1515 993 1601 συμφέρει
1015 1533 1183 1601 προσομο·

167 1629 306 1708 λοχῆσαι
328 1631 439 1688 ταῦτα.
486 1619 565 1706 λαβὲ
590 1624 632 1706 δή
654 1625 716 1707 τήν
738 1622 862 1688 τούτου
885 1621 1069 1708 ἀπόκρισιν.

573 1833 763 1886 mmm.
871 1817 880 1838 ⁴
1181 1839 1235 1888 τοι

126 1959 153 1999 ⁴³
258 1936 365 2018 Οὗτος
392 1935 435 2006 αὐ
462 1942 522 2024 τήν
545 1936 606 2025 μὲν
629 1941 799 2025 διαθήκην
819 1939 979 2025 γενέσθαι
1002 1945 1099 2026 φησί,
1125 1940 1183 2008 καὶ

166 2051 204 2116 τὸ
228 2047 390 2133 ἀργύριον
413 2045 449 2112 ἐκ
472 2056 532 2111 τοῦ
556 2050 681 2130 χαλκοῦ
703 2044 759 2112 καὶ
780 2057 838 2131 τῆς
860 2048 994 2131 κηκῖδος
1012 2047 1183 2133 ἀποδοθῇ·

166 2177 223 2220 ναι
246 2162 291 2240 τῷ
311 2154 514 2237 Θηριππίδῃ,
539 2151 556 2216 ὃ
581 2151 707 2228 ἐκεῖνος
731 2153 772 2217 οὐ
795 2168 889 2236 φησι,
912 2151 968 2218 καὶ
987 2153 1028 2218 τὰ
1045 2154 1108 2220 δύο
1126 2156 1182 2220 τά·

168 2265 270 2325 λαντα
301 2267 347 2347 τῷ
375 2263 595 2343 Δημοφῶντι·
628 2255 704 2341 περὶ
732 2256 768 2324 δέ
795 2270 862 2324 τῶν
892 2258 980 2347 αὐτῷ
1009 2259 1205 2326 δοθέντων

167 2375 336 2451 γραφῆναι
364 2363 424 2450 μέν
454 2379 575 2448 φησιν,
603 2365 664 2448 οὐχ
693 2364 895 2449 ὁμολογήσαι
924 2363 954 2429 δ’
984 2365 1098 2448 αὐτός,
1126 2368 1182 2432 ἵνα

167 2473 211 2556 μή
235 2472 317 2558 δοκῇ
341 2474 465 2554 λαβεῖν.
502 2472 540 2537 τὸ
564 2466 601 2536 δὲ
625 2475 755 2554 πλῆθος
777 2479 835 2554 τῆς
856 2470 971 2549 οὐσίας
990 2465 1063 2537 οὐδ’
1085 2466 1184 2550 οὗτος

168 2578 348 2663 ἀποφαίνει
371 2580 522 2643 καθόλου
545 2578 583 2642 τὸ
606 2575 848 2660 καταλειφθέν,
872 2573 1012 2643 οὐδὲτὸ
1035 2585 1184 2662 μισθοῦν

167 2687 227 2750 τὸν
250 2679 357 2750 οἶκον·
382 2679 461 2748 οὐδὲ
485 2684 550 2768 χάρ
575 2679 655 2748 οὐδὲ
673 2685 779 2772 τούτῳ
799 2683 961 2768 συμφέρει
978 2689 1183 2769 προσομολο-

128 2809 154 2847 ⁴4
167 2800 266 2874 μῦσαι
288 2799 399 2857 ταῦτα.
437 2791 541 2872 δῆλον
564 2793 681 2854 τοίνυν
699 2788 790 2855 ἐστὶν
809 2787 910 2856 οὐδὲν
928 2785 1029 2874 ἦττον
1045 2793 1083 2854 τὸ
1102 2795 1182 2875 πλή-

167 2903 232 2974 θος
254 2907 321 2961 τῶν
344 2893 647 2978 καταλειφθέντων,
671 2899 788 2978 καίπερ
808 2894 1037 2978 ἀφανιζόντων
1054 2881 1183 2961 τούτων

167 3004 229 3086 τήν
253 3001 372 3068 οὐσίαν
396 3002 521 3067 ἐκτῶν
546 3003 732 3086 διαθηκῶν,
755 3001 788 3080 ἐξ
812 2997 859 3068 ὧν
879 3011 1024 3068 τοσαῦτα
1042 3001 1179 3089 χρήματ’

169 3109 323 3192 ἀλλήλοις
346 3106 429 3193 φασὶ
451 3109 605 3191 δοθῆναι.
638 3108 729 3185 ὅστις
747 3108 810 3193 μάρ
830 3108 865 3174 ἐκ
882 3109 1047 3193 τεττάρων
1064 3111 1182 3176 ταλάν-

169 3238 236 3280 τιον
264 3212 319 3279 καὶ
345 3217 542 3299 τρισχιλίων
561 3225 633 3292 τοῖς
654 3210 715 3299 μὲν
737 3218 813 3299 τρία
835 3216 977 3280 τάλαντα
1000 3217 1055 3280 καὶ
1079 3217 1183 3301 δισχι-

169 3322 242 3395 λίας
255 3318 363 3405 προῖκ’
382 3322 496 3404 ἔδωκε,
509 3329 555 3406 τῷ
571 3319 601 3386 δ’
620 3319 847 3406 ἑβδομήκοντα
860 3330 943 3406 μνᾶς
957 3327 1182 3406 καρποῦσθαι,

170 3426 317 3510 φανερὸν
337 3427 446 3508 δήπου
464 3435 566 3492 πᾶσιν
585 3428 636 3492 ὅτι
655 3427 717 3493 οὐκ
736 3426 800 3494 ἀπὸ
818 3437 936 3512 μικρᾶς
952 3426 1078 3510 οὐσίας,
1097 3426 1181 3493 ἀλλά

170 3527 271 3592 πλέον
303 3528 323 3612 ή
353 3532 527 3608 διπλασίας
554 3527 593 3616 ής
620 3531 692 3618 ἐμοὶ
718 3535 886 3602 κατέλειπε
912 3530 1001 3598 ταῦτ’
1034 3532 1180 3611 ἀφεῖλεν.
