2614 3904
163 171 230 238 378
462 175 573 228 XXXII.
597 171 877 226 ΔΗΜΟΣΘΕΝΟΤΣ

163 333 234 402 ἐστι
266 335 413 417 δίκαιον,
445 333 503 399 ἐάν
531 329 592 417 μέν
620 332 826 418 ὀγδοήκοντα
853 343 947 418 μνῶν
973 339 1041 419 θης
1067 333 1181 423 ὅρους,

163 439 370 524 ὀγδοήκοντα
397 449 482 524 μνᾶς
510 435 596 505 εἶναι
622 440 685 521 την
711 450 846 523 προῖκα,
875 439 934 505 ἐάν
962 435 998 504 δέ
1026 441 1186 516 πλείονος

162 545 277 627 πλέον,
301 546 360 612 ἐάν
384 541 413 611 δ’
438 545 612 622 ἐλάττονος
634 549 785 624 ἐλαττονς
809 545 830 630 ἢ
853 555 922 622 πῶς
945 543 1014 610 ἐστι
1038 546 1185 627 δίκαιον,
1285 549 1286 622 3

163 661 222 736 της
249 651 396 736 ἀδελφῆς
419 659 478 734 τῆς
502 659 562 734 σῆς
585 649 721 736 μηδέπω
744 648 799 716 καὶ
821 653 966 737 τήμερον
988 650 1078 740 άλλφ
1101 669 1186 716 συν-
1286 712 1287 784 ρ

162 759 322 843 οικούσης
341 756 418 844 μηδ’
437 755 690 842 ἀπηλλαγμένης
706 753 864 842 Ἀφόβου,
882 753 966 842 μηδὲ
984 758 1046 840 την
1059 769 1185 841 προῖκα
1286 793 1287 796 “

162 863 348 941 δεδωκότος
376 873 454 948 σοῦ,
482 859 560 948 μηδ’
586 859 670 947 ὑπὲρ
698 865 827 930 τούτων
855 865 902 940 εἰς
927 862 1076 946 βάσανον
1100 861 1180 947 μηδ’
1287 916 1288 954 ,

162 969 212 1045 εἰς
235 970 315 1035 άλλο
340 970 471 1034 δίκαιον
492 964 597 1054 μηδὲν
615 970 838 1052 καταφεύγειν
857 966 1044 1052 ἐθέλοντος,
1068 967 1119 1034 ὅτι
1138 971 1184 1034 σὺ
1287 961 1288 970 ’

165 1083 283 1158 στῆσαι
306 1075 372 1161 φῂς
395 1075 506 1158 ὅρους,
529 1075 591 1139 σὸν
613 1069 700 1139 εἶναι
724 1075 760 1139 τὸ
784 1077 924 1160 χωρίονς
950 1073 1014 1157 ἐγὼ
1038 1073 1099 1158 μέν
1122 1074 1183 1140 οὐ·
1288 1120 1289 1124 ,

165 1180 278 1263 δαμῶς
300 1176 405 1265 οἶμαι·
432 1179 494 1263 την
515 1180 580 1263 γάρ
604 1177 767 1262 ἀληθειαν
791 1177 965 1264 σκεπτέον,
992 1180 1055 1266 οὐχ
1077 1180 1099 1246 ά
1121 1205 1173 1258 τις
1183 1203 1237 1256 880

165 1285 254 1374 αὐτῷ
277 1286 524 1369 παρεσκεύασεν
547 1284 733 1368 ἐξεπίτηδες
754 1287 801 1363 εἰς
819 1286 857 1350 τὸ
877 1283 986 1367 λέγειν
1004 1309 1035 1350 τι
1055 1287 1181 1370 δοκεῖν,

125 1421 150 1458 ιι
164 1391 276 1477 ὥσπερ
298 1391 400 1475 ὑμεῖς.
445 1393 556 1456 ἐπειτα
579 1392 616 1456 τὸ
640 1392 845 1457 δεινότατον·
868 1393 901 1456 ελ
920 1389 977 1456 καὶ
999 1393 1183 1470 δεδωκότες

164 1492 222 1579 ἦθ’
240 1498 285 1575 ὡς
302 1499 442 1581 μάλιστα
461 1498 523 1580 την
541 1507 673 1580 προῖκα,
692 1495 735 1580 ἣν
754 1496 794 1562 οὐ
813 1497 988 1580 δεδώκατε,
1007 1501 1056 1575 τίς
1070 1497 1089 1563 ὁ
1103 1499 1182 1563 τού-

163 1626 231 1668 των
252 1609 369 1682 αλτιοςς
395 1603 456 1688 οὐχ
479 1602 583 1686 ὑμεῖς,
607 1600 677 1667 ἐπεὶ
700 1597 792 1667 ταῦτ’
814 1601 867 1668 έπλ
889 1597 963 1687 τᾶμ’
986 1604 1093 1682 ἐδοτε;
1118 1605 1181 1690 οὐχ

165 1710 255 1785 ὅλοις
271 1713 378 1775 ἔτεσιν
392 1711 555 1796 πρότερον
570 1707 649 1774 δέκα
662 1707 748 1794 τάμά
761 1709 874 1792 λαβὼν
889 1704 976 1794 εἶχεν
991 1710 1116 1788 ἐκεῖνος
1131 1707 1181 1777 ὧν

165 1811 277 1899 ὦφλεν
299 1817 360 1899 την
383 1816 491 1898 δίκην,
515 1813 536 1898 ἢ
558 1814 722 1899 κηδεστήν
746 1831 802 1880 σοι
823 1814 997 1898 γενέσθαι;
1021 1814 1041 1900 ἣ
1062 1813 1099 1882 σε
1117 1813 1180 1901 μέν

162 1923 219 1988 δεῖ
234 1925 437 2006 κομίσασθαι
454 1921 572 2004 πάντα,
595 1919 655 1985 τὸν
675 1916 712 1986 δὲ
730 1918 786 1985 καὶ
804 1921 1110 2006 καταδικασάμενον
1123 1923 1181 1990 καὶ

163 2025 210 2093 δι’
228 2028 395 2113 ὀρφανίαν
412 2025 616 2110 ἠδικημένον
634 2023 689 2091 καὶ
707 2027 844 2111 προικὸς
862 2025 1026 2111 ἀληθινῆς
1044 2026 1181 2095 άπεστε-

163 2134 321 2219 ρημένον,
340 2133 379 2198 ὃν
398 2135 503 2217 μόνον
520 2130 711 2217 ἀνθρώπων
726 2127 806 2198 ούδέ
819 2141 877 2215 τῆς
892 2132 1071 2217 ἐπωβελίας
1085 2136 1181 2215 άξιον

164 2235 207 2324 ἦν
229 2240 455 2322 κινδυνεύειν,
483 2237 693 2321 ἠναγκάσθαι
721 2245 858 2303 τοιαῦτα
882 2245 1021 2323 παθεῖν,
1049 2263 1181 2326 κεκομι-

162 2345 288 2431 σμένον
306 2342 382 2431 μηδ’
400 2345 527 2427 ὁτιοῦν,
546 2341 601 2408 καὶ
615 2337 705 2409 ταῦτ’
722 2343 885 2410 ἐθέλοντα
898 2355 1007 2412 ποιεῖν
1026 2344 1078 2430 ἐφ’
1099 2347 1181 2433 ὑμῖν

164 2454 292 2536 αὐτοῖς,
315 2459 350 2518 ελ
367 2475 399 2516 τι
421 2462 488 2516 τῶν
512 2451 657 2515 δεόντων
681 2449 862 2533 ἐβούλεσθε
884 2453 1055 2536 πράττειν;

602 2783 738 2850 XXXII.

248 2947 390 3024 ΠΡΟΣ
418 2943 730 3020 ΖΗΝΟΘΕΜΙΝ
756 2941 1088 3022 ΠΑΡΑΓΡΑΦΗ.

571 3113 773 3166 ΤΠΟΘΕΣΙΣ.

253 3232 472 3312 Δανεισάμενος
498 3226 578 3310 παρὰ
601 3225 763 3306 Δήμωνος,
789 3223 856 3300 ἐνὸς
878 3234 938 3289 τῶν
959 3227 1179 3308 Δημοσθένους

161 3340 329 3414 συγγενῶν,
355 3327 481 3410 ἐμπορός
504 3349 562 3404 τις,
585 3327 708 3406 Πρῶτος
732 3320 842 3405 ὄνομα,
865 3323 984 3405 ἐπρίατο
1007 3335 1060 3388 τοῦ
1084 3323 1177 3408 ἀργυ-

163 3431 230 3509 ρέου
249 3435 332 3489 σῖτον
349 3427 382 3488 έν
400 3423 620 3506 Συρακούσαις,
637 3419 688 3482 καὶ
705 3430 812 3484 τοῦτον
829 3420 964 3502 ἐκόμισεν
983 3422 1025 3496 εἰς
1043 3417 1178 3502 Ἀθήνας

162 3523 212 3583 ἐπὶ
238 3523 328 3602 νεώς,
355 3515 391 3600 ἧς
415 3519 605 3602 Ἡγέστρατος
632 3517 813 3599 ἐναυκλήρει.
854 3514 1045 3602 Ἡγέστρατος
1070 3518 1102 3584 δὲ
1124 3521 1178 3585 καὶ
