2590 3900
374 166 458 218 που
476 167 794 221 εειευοοοιυοποε
812 171 843 220 ι.
1048 166 1111 232 287

97 326 179 392 ὥστε
204 327 374 412 μηδεμίαν
395 331 651 394 καταλείπεσθαι
676 331 846 413 πρόφασιν
869 326 913 394 δι’
935 328 979 412 ἣν
1001 329 1043 393 ἀν
1064 351 1114 406 τις

63 445 84 487 1³
97 431 200 498 αὑτὸν
225 433 335 517 ἀφείη.
374 428 454 498 οὐδὲ
476 433 540 517 γὰρ
564 427 608 498 αὑ
630 432 719 498 τοῦτ’
742 437 832 500 ἔστιν
855 436 971 518 εἰπεῖν,
995 435 1039 510 ὡς
1057 429 1110 518 ἀρ’

96 537 131 603 ἐκ
154 541 289 605 τούτων
308 535 409 605 οὐδέν
427 539 447 622 ή
465 542 561 617 πόλις
579 540 764 623 βλάπτεται.
802 540 865 624 ἐγὼ
884 541 959 625 γάρ,
983 541 1033 606 ὅτι
1051 536 1112 624 μὲν

96 640 191 710 πάντ’
214 645 400 712 ἀπόλλυται
418 647 458 712 τὰ
477 643 654 730 ὀφλήματ’,
678 649 710 712 εί
726 649 766 712 τά
783 648 906 713 τούτου
925 650 1113 731 σοφίσματα

95 750 339 835 προσδέξεσθε,
367 749 423 817 καὶ
449 752 514 835 ότι,
542 754 574 818 εί
595 754 658 839 ἀρα
682 755 735 818 δεῖ
755 754 848 830 τινάς
869 764 937 818 τῶν
960 752 1113 836 ὀφειλόν-

95 879 161 922 των
190 856 345 942 ἀφιέναι,
373 861 451 934 τοὺς
478 856 739 936 ἐπιεικεστάτους
765 858 821 924 καὶ
846 862 1036 941 βελτίστους
1058 855 1113 923 καὶ

95 964 173 1040 τοὺς
202 961 258 1029 ἐπὶ
284 973 355 1040 τοῖς
381 963 498 1046 ήκιστα
525 963 649 1041 δεινοῖς
682 965 876 1048 ὠφληκότας
909 967 1039 1030 δίκαιον
1070 963 1112 1030 ἀν

96 1072 156 1150 εἴη,
182 1067 260 1153 οὐχὶ
279 1069 339 1133 τὸν
357 1070 585 1153 πονηρότατον
603 1068 658 1134 καὶ
676 1065 809 1136 πλεῖσθ’
830 1070 1040 1155 ἡμαρτηκότα
1057 1069 1113 1136 καὶ

62 1187 84 1226 1⁹
97 1171 278 1240 δικαιότατ’
311 1173 488 1259 ὠφληκότα
515 1174 569 1241 καὶ
598 1174 650 1240 ἐπὶ
678 1176 880 1253 δεινοτάτοις
907 1173 957 1264 (τί
979 1177 1043 1260 γάρ
1070 1174 1112 1241 ἀν

95 1277 229 1360 γίνοιτο
258 1285 484 1364 συκοφαντίας
510 1279 567 1347 καὶ
593 1283 800 1367 παρανομίας
823 1282 1027 1367 δεινότερον,
1055 1281 1107 1366 ἐφ’

97 1375 146 1462 οἷς
169 1384 372 1472 ἀμφοτέροις
396 1381 493 1464 οὑτος
516 1389 700 1472 ὥφληκεν;)
727 1385 782 1454 καὶ
806 1388 856 1453 ὅτι
880 1385 952 1453 οὐδ’
981 1389 1012 1452 εί
1032 1397 1113 1453 πᾶσι

96 1502 166 1568 τοῖς
196 1494 327 1575 ἀλλοις,
360 1492 435 1579 οὐχὶ
466 1502 511 1584 τῷ
544 1491 727 1582 βιαζομένῳ
759 1495 870 1577 δήπου
902 1502 1113 1579 συγχωρήσαι

97 1602 258 1684 προσήκει
281 1599 392 1685 (ὑβρις
413 1601 477 1685 γάρ
500 1602 598 1667 τοῦτό
621 1599 685 1685 γε),
709 1601 749 1665 τά
767 1596 892 1666 τοιαῦτ’
915 1599 1013 1665 ἐάσω·
1038 1593 1109 1663 ἀλλ’

99 1701 148 1767 ότι
175 1703 232 1771 καὶ
260 1715 323 1783 πᾶς
351 1705 369 1771 ὁ
396 1715 454 1790 τῆς
480 1709 607 1783 πόλεως
632 1705 689 1772 καὶ
715 1719 783 1772 τῶν
806 1708 919 1791 νόμων
941 1708 1063 1790 κόσμος
1086 1699 1112 1770 ὦ

99 1807 220 1893 ἀνδρες
238 1807 412 1893 Ἀθηναῖοι
435 1817 689 1897 συνταράττεται
706 1810 763 1877 καὶ
782 1813 1014 1896 διαφθείρεται
1031 1811 1113 1876 κατά

65 1923 236 1999 θιοῦτου,
259 1915 315 1982 καὶ
336 1914 427 1983 τοῦτ’
453 1913 546 2002 οἶμαι
569 1929 685 2001 σαφῶς
706 1917 787 2002 ὑμῖν
809 1916 994 1997 ἐπιδειῖειυ.
1031 1915 1111 1994 λέξω

100 2013 129 2082 δ’
156 2024 234 2088 οὔτε
260 2025 378 2088 καινὸν
406 2023 483 2091 οὑτε
506 2023 659 2108 περιττὸν
683 2020 785 2090 οὐδὲν
807 2021 878 2090 οὔτ’
905 2025 1009 2106 ῖδιον,
1037 2020 1108 2087 ἀλλ’

101 2123 117 2190 ὃ
146 2131 267 2206 πάντες
294 2129 388 2214 ὑμεῖς
415 2126 485 2195 ἴσθ’
518 2129 638 2214 ὁμοίως
666 2129 747 2215 ἐμοί.
794 2132 826 2195 εί
850 2130 914 2215 γάρ
941 2153 991 2205 τις
1017 2128 1118 2212 ὑμῖου.χ

101 2231 248 2310 ἐξετάσαι
266 2237 431 2317 βούλεται,
451 2239 486 2301 τί
500 2234 573 2302 ποτ’
594 2234 663 2302 ἐστὶ
680 2238 717 2302 τὸ
737 2241 845 2302 αἴτιον
863 2234 917 2301 καὶ
936 2236 972 2300 τὸ
991 2243 1112 2299 ποιοῦν

100 2340 160 2423 τήν
190 2343 318 2426 βουλήν
345 2340 582 2425 συλλέγεσθαι,
614 2343 673 2407 τὸν
702 2343 810 2426 δῆμον
837 2343 884 2418 είς
910 2342 972 2424 τήν
999 2341 1111 2425 ἐκκλη-

101 2449 178 2512 σίαν
201 2447 407 2531 ἀναβαίνειν,
433 2449 473 2513 τδ
496 2449 692 2531 δικαστήρια
714 2452 937 2532 πληροῦσθαι,
960 2447 1018 2523 τάς
1036 2445 1112 2524 ἕνας

101 2548 202 2638 ἀρχάς
228 2564 299 2630 ταῖς
325 2550 417 2630 νέαις
443 2551 583 2629 ἑκούσας
609 2549 793 2636 ὑπεξιέναι,
818 2553 926 2618 πάντα
949 2549 993 2617 δι’
1020 2547 1111 2636 ὧυή

101 2661 195 2736 πόλις
227 2660 363 2725 οἰκεῖται
394 2657 449 2724 καὶ
482 2656 617 2747 σῴζεται
649 2660 842 2741 γίγνεσθαι,
878 2660 957 2734 τοὺς
987 2659 1112 2742 νόμους

101 2763 233 2849 εὑρήσει
260 2763 315 2830 καὶ
342 2766 380 2829 τὸ
407 2765 538 2842 τούτοις
564 2765 711 2841 ἅπαντας
737 2767 932 2846 πείθεσθαι,
960 2762 1029 2829 ἐπεὶ
1055 2768 1111 2830 λυ-

101 2869 232 2936 θέντων
258 2894 296 2955 γε
322 2871 466 2954 τούτων,
494 2868 549 2936 καὶ
577 2868 701 2957 ἑκάστφ
730 2871 888 2952 δοθείσης
915 2868 1065 2949 ἐξουσίας
1092 2871 1111 2935 ὅ

102 2997 132 3040 τι
154 2976 309 3060 βούλεται
331 2987 451 3060 ποιεῖν,
474 2976 516 3041 οὑ
538 2978 643 3060 μόνον
663 2976 684 3059 ή
704 2981 851 3043 πολιτεία
869 2983 1002 3060 οίχεται,
1027 2975 1098 3042 ἀλλ’
1113 2990 1164 3040 776

103 3077 175 3148 οὐδ’
197 3082 215 3148 ὑ
239 3085 311 3162 βίος
331 3083 424 3169 ἡμῶν
442 3092 503 3148 τοῦ
521 3093 587 3147 τῶν
605 3085 738 3167 θηρίων
756 3079 858 3149 οὐδέν
876 3081 918 3147 ἀν
937 3082 1111 3166 διενέγκαι.

68 3197 89 3239 ¹1
102 3191 136 3252 τί
158 3189 223 3273 γάρ
249 3187 290 3253 ἀν
312 3198 432 3254 τοῦτον
456 3187 559 3252 αὑτὸν
581 3193 694 3254 οίεσθε
717 3198 826 3254 ποιεῖν
849 3185 1022 3253 λυθέντων
1044 3199 1111 3254 τῶν

103 3297 229 3379 νόμων,
258 3292 294 3370 ὃς
321 3295 429 3359 όντων
455 3296 582 3377 κυρίων
605 3295 754 3370 τοιοῦτός
777 3293 880 3371 έστιυ;
909 3293 1021 3378 ἐπειδή
1044 3298 1110 3360 τοί-

103 3421 164 3466 νυν
198 3399 234 3464 οί
259 3401 357 3485 νόμοι
385 3399 465 3483 μετά
491 3401 569 3474 τοὺς
596 3402 699 3476 θεοὺς
727 3400 967 3484 ὁμολογοῦνται
996 3397 1111 3488 σφ’ζειυ

103 3507 161 3591 τήν
184 3508 293 3589 πόλιν,
318 3507 371 3570 δεῖ
390 3505 515 3582 πάντας
537 3504 622 3589 ὑμᾶς
643 3507 703 3571 τὸν
721 3505 977 3592 αὐτὸντρόπον,
1001 3507 1110 3592 ὥσπερ
