2590 3900
411 190 495 243 m’
513 190 831 242 εΡιευοΓΕιΤοΝοε
850 193 880 244 A.
1086 191 1151 254 295

142 373 199 434 μαι
231 348 401 428 διεξιέναι·
434 344 505 414 ἀλλ’
535 348 642 415 ἐκεῖνο
675 348 768 432 λέγω.
813 352 845 416 εί
874 353 1020 435 πονηρός
1052 350 1201 416 έστινῖὃε

137 451 387 538 Ἀριστογείτων
415 455 525 531 ἁπλῶς
551 453 607 520 καὶ
633 457 749 537 πικρὸς
775 453 830 521 καλ
857 457 1069 540 συκοφάντης
1096 455 1150 521 καὶ

140 571 291 638 τοιοῦτος
317 553 388 638 οἷος
410 561 630 645 ὑπισχνεῖται,
660 562 780 646 δίδωμι
803 573 963 646 συγχωρῶ
989 565 1151 645 Φιλόκρα-

141 689 194 742 τες
212 663 266 731 σολ
284 675 329 754 τῷ
347 668 488 755 τοιούτῳ
506 667 566 731 τὸν
584 667 702 751 ὅμοιον
721 665 849 754 σώζειν·
873 678 940 732 τῶν
958 670 1021 752 γὰρ
1041 669 1151 733 ἄλλων

141 770 297 837 άπάντων
319 770 374 838 καὶ
397 773 617 856 φρονούντων
637 771 658 836 δ
678 771 801 838 δεῖκαὶ
819 777 1055 856 φυλαττόντων
1073 777 1151 850 τοὺς

104 883 279 964 ιινόμους,
308 874 409 944 οὐδὲν
436 877 478 943 διν
504 879 592 964 παρδι
619 873 707 944 τοῦτ’
734 874 826 963 οἶμαι
848 879 1016 963 γενέσθαι.
1062 883 1094 945 εί
1115 876 1151 944 δὲ

63 1021 68 1032 ·
141 985 286 1069 κάπηλός
313 984 403 1050 ἐστιν
430 987 591 1068 πονηρίας
618 982 673 1049 καὶ
700 986 947 1068 παλιγκάπηλος
974 983 1028 1052 καὶ
1057 1009 1152 1069 μετα-

141 1090 270 1174 βολεύς,
288 1086 344 1155 καὶ
362 1091 469 1173 μόνον
487 1089 529 1156 ού
548 1092 628 1173 ζυγά
646 1087 701 1156 καὶ
720 1087 840 1176 στάθμ’
863 1093 947 1175 ἐχων
965 1089 1067 1156 πάνθ’
1090 1092 1152 1156 ὅσα

142 1189 266 1261 πώποτ’
291 1195 431 1280 ἔπραξεν
458 1195 590 1278 ἐπώλει,
618 1198 654 1261 τί
676 1206 797 1261 τοῦτον
825 1192 851 1262 ὦ
879 1192 988 1281 μάται’
1015 1196 1150 1282 άκονᾷςς

143 1303 218 1367 οὔτε
242 1303 305 1385 γάρ
328 1304 472 1389 μαγείρῳ
496 1305 657 1386 μαχαίρας
680 1302 782 1367 οὐδέν
800 1299 866 1368 ἐστ’
889 1304 1011 1387 όφελος
1029 1303 1152 1386 δήπου·

142 1414 205 1473 θεν
223 1408 294 1492 ἥτις
312 1409 356 1492 μὴ
375 1407 495 1492 τέμνει,
515 1409 591 1474 ούτε
609 1416 654 1495 τῷ
672 1407 866 1496 βουλομένῳ
887 1406 930 1474 δι’
950 1408 1054 1474 αὑτοῦ
1072 1418 1153 1473 πᾶσι

142 1514 316 1598 πράγματα
338 1511 393 1579 καλ
416 1515 499 1579 κακά
520 1517 712 1596 γίγνεσθαι,
742 1513 759 1580 ὁ
782 1508 873 1580 ταῦτ’
899 1515 1153 1599 ἀποδωσόμενος

4 1691 5 1698 ρ
105 1637 129 1678 ιι
143 1620 355 1703 συκοφάντης
382 1617 482 1685 οὐδέν
510 1619 579 1685 ἐστι
605 1623 772 1705 χρήσιμος.
819 1620 902 1685 άλλδι
925 1622 990 1706 μην
1014 1622 1063 1686 ὅτι
1086 1643 1153 1686 τοι·

144 1735 240 1802 οῦτος
262 1720 360 1802 οὗτός
382 1725 482 1807 ἐστιν,
507 1726 606 1791 εἰδότι
632 1740 686 1789 σοι
709 1725 837 1810 φράσω.
872 1727 934 1810 την
954 1721 1031 1793 καθ’
1053 1725 1154 1810 Ἡγη-

143 1854 245 1916 μονος
276 1832 485 1914 εἰσαγγελίαν
516 1829 678 1914 μέμνησαι
709 1830 755 1907 ώς
787 1830 943 1897 ἀπέδοτο·
984 1834 1042 1908 τάς
1072 1834 1154 1898 κατά

143 1936 308 2020 Δημάδου
331 1936 461 2022 γραφάς
483 1929 574 2002 οἷσθ’
599 1936 643 2012 ώς
666 1933 820 2014 ἐξέλιπεν.
866 1939 926 2002 τὸν
948 1936 1154 2022 ἐλαιοπώλην

141 2037 315 2126 Ἀγάθωνα
343 2039 451 2126 (ταυτὶ
477 2042 541 2125 γάρ
568 2043 608 2106 τδι
634 2042 764 2128 πρώην)
792 2045 883 2126 βοῶν
909 2040 965 2108 καὶ
989 2046 1155 2125 κεκραγὼς

144 2146 200 2214 καὶ
228 2149 281 2213 ἰοὺ
309 2148 378 2229 ίού,
406 2144 502 2214 πάντ’
533 2147 602 2212 άνω
629 2170 664 2212 τε
690 2145 746 2212 καλ
771 2148 859 2212 κάτω
887 2160 994 2214 ποιῶν
1021 2148 1058 2214 ἐν
1084 2160 1156 2226 ταις

144 2253 330 2337 ἐκκλησίαις
348 2254 393 2329 ὡς
407 2252 485 2318 δέον
499 2255 692 2338 στρεβλοῦν,
711 2253 823 2334 λαβὼν
838 2252 1020 2336 ὁτιδήποτε,
1039 2255 1155 2338 παρών

145 2354 193 2426 ὅτ’
223 2359 356 2444 ἠφίετο,
389 2360 524 2441 άφωνος
555 2357 693 2442 ἐγένετο.
737 2359 799 2443 τὴν
832 2361 913 2424 κατὰ
940 2358 1155 2444 Δημοκλέους

146 2468 355 2550 εἰσαγγελίαν
382 2465 559 2541 ἀνασείσας
584 2475 645 2530 πολ
669 2467 818 2548 ἐτρεύενς
853 2465 935 2530 άλλα
963 2468 1079 2549 μυρία,
1107 2461 1155 2531 ὧν

146 2571 219 2658 ἐμοὶ
247 2568 307 2656 μέν
334 2574 433 2656 ἔργον
460 2569 615 2637 ἁπάντων
642 2577 849 2656 μνησθῆναι,
880 2574 923 2635 σὺ
951 2567 981 2636 δ’
1013 2566 1077 2636 οἶδ’
1104 2571 1155 2637 ότι

105 2697 132 2738 ιε
145 2676 201 2744 καὶ
219 2674 414 2761 τάντίγραφ’
437 2675 548 2742 αὐτῶν
566 2679 659 2761 ἐγεις,
679 2676 870 2761 ἐργολαβῶν
889 2677 988 2766 αύτῷ.
1024 2681 1075 2754 τίς
1093 2672 1155 2743 οὖν

146 2784 165 2850 ὁ
192 2785 252 2848 τὸν
277 2792 431 2848 τοιοῦτον
458 2783 577 2848 σώσων
604 2781 624 2865 ἢ
652 2783 797 2867 πονηρὸς
826 2781 844 2866 ἢ
872 2785 1026 2867 χρηστός,
1054 2781 1076 2867 ἢ
1100 2785 1155 2849 διὰ

146 2893 192 2966 τίς
221 2899 289 2954 τῶν
315 2885 376 2973 μὲν
402 2890 465 2972 γάρ
493 2888 619 2972 ὁμοίων
645 2890 824 2972 προδότης,
851 2899 918 2953 τῶν
945 2884 983 2954 δέ
1005 2901 1156 2974 χρηστῶν

148 2995 268 3079 ἐχθρός
291 2994 327 3060 ἐκ
347 2994 479 3077 φύσεως
496 2992 551 3060 καὶ
570 2992 701 3076 γένους·
723 2994 810 3077 πλὴν
829 2995 860 3058 εί
877 2995 1090 3078 συκοφάντου
1107 3017 1157 3072 τις

147 3099 203 3166 καὶ
224 3108 375 3184 πονηροῦ
397 3098 524 3184 σπέρμα
544 3098 600 3165 καλ
618 3100 722 3185 ῥίζαν,
746 3100 855 3185 ὥσπερ
873 3103 1029 3186 γεωργὸς,
1053 3107 1157 3166 οίεται

149 3209 221 3273 δεῖν
244 3206 404 3291 ὑπάρχειν
426 3215 466 3291 τῇ
488 3208 590 3271 πόλει.
626 3214 725 3270 τοῦτο
748 3199 779 3270 δ’
801 3204 843 3272 ού
860 3206 964 3272 καλὸν
984 3201 1009 3271 ὦ
1029 3207 1211 3289 άνδρεςτυο

145 3310 329 3398 Ἀθηναῖοι,
352 3313 474 3395 νομίζω
498 3307 535 3376 δέ
558 3311 603 3394 μδ
625 3314 703 3387 τοὺς
725 3312 828 3387 θεοὺς
850 3307 923 3376 οὐδ’
945 3311 1053 3375 ὅσιον·
1077 3307 1156 3375 οὐδὲ

52 3423 54 3428 ’
148 3420 211 3502 γὰρ
234 3420 312 3494 τοὺς
333 3419 520 3500 προγόνους
541 3415 765 3500 ὑπολαμβάνω
783 3417 824 3481 τά
843 3418 1037 3501 δικαστήρια
1054 3409 1153 3480 ταῦθ’

134 3524 229 3610 «ύμῖν
256 3523 488 3608 οἰκοδομῆσαι,
516 3523 572 3588 ίνα
599 3525 677 3599 τοὺς
704 3522 877 3598 τοιούτους
904 3521 941 3587 ἐν
963 3519 1076 3595 αὐτοῖς
1098 3541 1156 3603 μο-
