2616 3910
167 197 234 265 482
456 201 581 255 xxm
603 199 884 254 ιωιοτοταοττ

166 362 304 446 πότερος
325 370 397 438 ταῖς
415 359 452 427 ἐκ
469 371 537 427 τῶν
554 361 669 445 νόμων
687 364 777 427 ἔσται
797 361 924 445 ζημίαις
941 361 1069 446 ἕνοηοςς
1093 364 1169 426 τίνα
1181 371 1238 423 991

166 459 198 531 θ’
224 465 261 531 oc
284 464 463 551 στρατηγοί
488 469 614 551 τρόπον
642 467 883 551 ἐγγράψουσιν,
910 463 953 532 ἀν
980 467 1028 544 είς
1052 481 1181 551 συμμο-

166 573 244 656 ρίαν
267 571 495 656 ἐγγράφωσιν,
517 571 538 657 ἢ
562 570 604 638 ἀν
626 576 827 658 τριήραρχον
849 578 1068 651 καθιστῶσιυς
1091 571 1112 657 ή
1135 569 1181 638 ἀν

165 680 320 762 στρατεία
341 700 392 756 τις
414 669 446 765 ή,
469 687 516 767 τῷ
540 678 644 763 δήλου
667 680 758 744 ἔσται
780 681 919 764 πότερός
941 671 1014 744 ἐσθ’
1036 677 1182 744 ὁκατει-

139 779 338 866 ιλεγμένοςς
366 787 402 848 τί
426 779 473 867 β’,
500 781 543 848 ἀν
570 783 653 867 άλλη
681 805 731 860 τις
757 782 841 867 ἀργή
868 789 1011 868 καθιστή
1038 787 1181 868 λητουρ-

165 897 253 971 γεῑυ,
285 879 360 954 οἷον
387 889 513 974 ἀρχῶν,
546 890 716 972 βασιλεὺς,
749 887 948 970 ἀθλοθέται,
980 891 1016 954 τί
1040 901 1181 972 σημείου

164 994 256 1058 έσται
277 996 420 1078 πότερον
437 999 652 1073 καθιστάσιν;
674 994 1020 1080 προσπαραγράψουσι
1037 995 1079 1078 νή
1098 998 1180 1078 Δία,

164 1099 224 1163 τὸν
251 1097 288 1164 έιι
311 1101 523 1183 Πλαγγόνος,
552 1098 595 1165 ἀν
621 1096 660 1166 σλ
680 1100 872 1186 γράφωσιν,
900 1096 943 1163 ἀν
966 1093 997 1164 6'
1024 1095 1093 1183 ἐμὲ,
1120 1109 1182 1182 τῆς

166 1203 244 1288 έμής
263 1205 386 1289 μητρὸς
407 1205 565 1289 τοῦνομα.
602 1201 657 1270 καὶ
678 1207 729 1281 τίς
752 1205 874 1288 ήκουσε
887 1200 1043 1285 πώποτέ,
1062 1203 1180 1289 ήκατὰ

164 1319 263 1376 ποῖον
290 1312 396 1395 νόμον
423 1307 753 1394 προσπαραγράφοιτ’
780 1307 823 1376 ἀν
848 1318 947 1376 τοῦτο
972 1310 1010 1375 τὸ
1032 1311 1179 1394 γράμμα,

165 1413 186 1499 ἣ
209 1415 290 1480 ἀλλο
313 1437 344 1480 τι
366 1415 454 1499 πλήν
476 1414 496 1481 6
519 1416 626 1500 πατήρ
648 1412 704 1481 καὶ
726 1413 746 1481 6
769 1416 887 1500 ιλήμος;
916 1407 1095 1481 ἀνέντων
1118 1413 1180 1500 ἀμ·

126 1540 152 1580 ιο
165 1529 247 1604 φολν
268 1531 336 1585 τῶν
358 1519 468 1586 αὐτῶν
490 1521 596 1604 πολλή
615 1522 739 1606 ταραχή
759 1521 942 1604 συμβαίνει.
979 1515 1068 1606 φέρ’,
1091 1521 1124 1586 εί
1140 1517 1180 1586 66

165 1626 278 1710 κριτής
306 1629 440 1692 καλολτο
468 1629 663 1704 Μαντίθεος
690 1629 847 1693 Μαντίου
874 1629 1044 1708 Θορίκιος,
1075 1629 1111 1689 τί
1136 1623 1180 1690 ἀν

164 1741 332 1816 ποιοίμεν;
355 1729 377 1815 ή
400 1733 591 1816 βαδίζοιμεν
614 1729 656 1798 ἀν
678 1732 792 1816 ἀμφω;
815 1740 861 1819 τῷ
879 1731 944 1815 γάρ
963 1733 1055 1796 ἔσται
1074 1732 1179 1813 όήλον

165 1840 307 1922 πότερον
333 1831 371 1901 σέ
398 1835 555 1921 κέκληκεν
583 1831 691 1922 ή’μέ;
719 1838 802 1921 πρὸς
824 1837 922 1918 Διὸς,
950 1833 993 1901 ἀν
1015 1831 1047 1902 δ’
1073 1837 1177 1921 ἀρχὴν

164 1941 324 2027 ἡντινοῦν
350 1941 372 2027 ή
399 1945 494 2020 πόλις
521 1948 653 2028 κληροῖ,
686 1935 761 2009 οἷον
786 1945 924 2026 βουλής,
953 1941 1178 2027 θεσμοθέτου,

164 2059 233 2114 τῶν
260 2049 385 2130 ἀλλων,
413 2057 458 2136 τῷ
487 2050 587 2134 όήλος
614 2048 707 2132 ήμῶν
730 2047 749 2114 6
772 2047 882 2133 λαχὼν
905 2050 1010 2126 έσται;
1038 2048 1126 2131 πλήν
1148 2050 1181 2113 εί

165 2165 317 2239 σημείου,
346 2155 456 2238 ῶσπερ
484 2151 526 2218 ἀν
550 2154 638 2242 άλλφ
661 2150 743 2236 τιυὶ,
771 2162 816 2240 τῷ
840 2155 963 2241 χαλκίῳ
985 2152 1179 2236 προσέσται·

164 2257 220 2327 καλ
248 2257 327 2326 οὐδὲ
353 2253 451 2325 τοῦθ’
477 2258 639 2343 ὁποτέρου
667 2256 758 2324 ἐστὶν
786 2259 822 2324 oc
839 2255 958 2324 πολλοὶ
981 2258 1178 2341 γνώσονται.

165 2366 291 2432 οὐκοῦν
313 2363 333 2431 6
356 2360 417 2450 μάν
439 2364 557 2447 αὑτὸν,
580 2363 645 2446 ἐγὼ
669 2358 700 2429 δ’
726 2363 868 2449 ἐμαυτὸν
891 2367 987 2448 φήσω
1009 2364 1070 2429 τὸν
1093 2365 1178 2448 είλη-

127 2492 151 2532 11
166 2470 234 2558 χότ’
262 2468 356 2538 εἶναι.
402 2471 531 2546 λοιπὸν,
548 2473 595 2547 είς
621 2471 659 2536 τὸ
688 2470 901 2554 δικαστήριον
923 2469 1009 2552 ήμόις
1031 2467 1179 2536 είσιέναι.

166 2578 291 2645 οὐκοῦν
318 2574 371 2661 ἐφ’
398 2575 523 2664 ἑκάστῳ
547 2576 677 2641 τούτων
700 2576 914 2659 δικαστήριον
936 2572 1016 2658 ήμίυ
1038 2574 1059 2659 ή
1082 2578 1179 2653 πόλις

123 2741 149 2754 ..
166 2689 288 2766 καθιεῖ,
310 2679 366 2748 καὶ
388 2690 448 2749 τοῦ
471 2678 532 2765 μὲν
554 2690 671 2748 κοινοῦ
693 2679 748 2747 καὶ
772 2687 858 2764 ίσου,
881 2691 942 2747 τοῦ
964 2683 1023 2746 τὸν
1041 2680 1174 2766 λαχόντ’

166 2790 295 2875 ἀρχειν,
319 2787 626 2872 ἀποστερησόμεθα,
650 2787 814 2870 ἀλλήλους
837 2784 874 2853 δέ
896 2792 1099 2871 πλυνοῦμεν,
1122 2787 1179 2854 καὶ

166 2893 185 2961 6
212 2904 258 2983 τῷ
286 2898 374 2981 λόγφ
401 2895 566 2978 κρατήσας
592 2892 692 2978 ἀρξει.
737 2889 793 2958 καὶ
819 2889 928 2977 πότερ’
958 2891 1001 2957 ἀν
1027 2895 1178 2975 βελτίους

166 3007 280 3085 είημεν
312 3010 380 3066 τῶν
411 2999 634 3083 ὑπαρχουσῶν
666 3001 853 3066 δυσκολιῶν
885 2998 1177 3082 ἀπαλλαττόμενοι,

166 3105 187 3191 ή
210 3107 326 3183 καινὰς
350 3108 472 3189 ἔχθρας
494 3101 550 3170 καὶ
572 3107 782 3189 βλασφημίας
804 3105 1012 3188 ποιούμενοι;
1037 3101 1076 3182 ἀς
1097 3096 1176 3171 πᾶσ’

167 3213 294 3296 ἀνάγκη
321 3212 532 3294 συμβαίνειν,
563 3210 636 3275 ὅτατ
671 3208 773 3294 ἀρχῆς
799 3210 821 3292 ή
848 3232 939 3286 τινος
965 3210 1071 3275 άλλου
1096 3208 1179 3295 πρὸς

128 3338 153 3378 ιι
166 3320 251 3403 ήμάς
277 3317 399 3392 αὐτοὺς
422 3315 688 3401 ἀμφισβητῶμεν.
733 3318 768 3380 τί
789 3310 833 3398 θ’,
862 3313 903 3380 ἀν
929 3317 994 3400 άρα
1016 3314 1085 3401 (δεῖ
1104 3319 1229 3400 γάρ998

166 3423 295 3488 ἅπαντα
320 3422 429 3506 [ἡμᾶς]
455 3419 615 3508 ἐξετάσαι)
639 3421 755 3508 ἅτερος
777 3420 871 3506 ήμῶν
893 3423 1009 3499 πείσας
1030 3422 1090 3489 τὸν
1111 3421 1178 3489 ἕτε-

167 3548 244 3610 ρον,
274 3525 315 3591 ἀν
344 3528 441 3611 λάχη,
468 3529 677 3611 παραδοῦναι
706 3526 823 3616 [αὑτῶ]
850 3528 912 3612 τήν
940 3527 1061 3613 ἀρχήν,
1089 3528 1178 3595 οὕτω
