2590 3900
181 172 246 237 272
484 175 581 227 XXIV.
604 172 884 226 ΔΗΜΟΣΘΕΝΟΤΣ

180 339 295 415 μνᾶνλ,
315 333 364 418 ἃς,
384 334 463 400 ὅταν
482 351 536 400 σοι
551 335 644 419 δοκη,
663 332 763 399 πάλιν
777 335 915 416 γράψεις
927 333 1193 417 καταχωνεύειν].
1270 360 1271 409 η

130 457 168 498 1⁸⁵
182 441 223 506 ού
242 443 304 526 γὰρ
325 440 462 518 ἑαυτοὺς
480 440 721 523 δεκατεύοντες,
745 432 818 504 οὐδ’
840 437 882 504 δν
899 433 1139 521 καταράσαινθ’
1161 438 1197 508 οί
1271 458 1272 484 ¹

182 545 299 632 ἐχθροὶ
330 553 519 629 ποιοῦντες,
556 545 674 622 διπλᾶς
704 544 903 628 πράττοντες
933 543 992 620 τάς
1024 545 1194 629 εἰσφορὰς,
1272 556 1273 598 ³

181 650 272 719 ταῦτ’
295 651 471 730 άνέθεσαν,
496 648 569 716 οὐδ’
592 643 728 735 οἷόσπερ
747 653 790 716 σύ
808 653 973 736 χρώμενοι
991 653 1196 736 συμβούλοις
1273 653 1274 678 ³

182 757 429 841 ἐπολιτεύοντο,
460 757 542 823 ἀλλὰ
568 759 648 834 τοὺς
676 756 819 843 ἐχθροὺς
845 765 1057 840 κρατοῦντες,
1090 756 1146 822 καὶ
1175 755 1197 822 δ
1274 757 1275 760 ’

182 873 246 941 πᾶς
266 887 316 942 τις
335 863 377 931 άν
395 859 433 930 εὖ
452 875 590 948 φρονῶν
608 865 749 947 εὔξαιτο,
772 865 834 948 την
852 866 951 930 πόλιν
968 865 1016 940 είς
1034 863 1197 948 ὁμόνοιαν
1275 851 1276 856 “

184 972 334 1054 ύνοντες,
363 971 534 1037 ἀθάνατον
562 970 657 1048 κλέος
679 970 790 1036 αὑτῶν
812 974 998 1045 λελοίπασι,
1025 973 1104 1047 τοὺς
1127 970 1197 1035 ἐπι-

183 1078 406 1160 τηδεύσαντας
437 1069 492 1143 οίά
524 1093 578 1142 σοι
605 1079 760 1160 βεβίωται
786 1085 843 1160 της
870 1076 992 1161 ἀγορᾶς
1020 1081 1197 1160 είργοντες.

132 1199 170 1240 1⁸⁶
184 1183 277 1268 ὑμεῖς
300 1180 331 1250 δ’
354 1185 401 1260 είς
423 1178 554 1248 τοσοῦτ’
576 1178 602 1248 ὦ
626 1183 746 1266 άνδρες
765 1180 937 1266 Ἀθηναῖοι
955 1176 1098 1265 προῆχθ’
1120 1180 1197 1266 εὐη-

184 1291 281 1367 θείας
302 1286 357 1354 καὶ
380 1288 559 1374 ῥᾳθυμίας,
583 1283 660 1354 ὥστ’
686 1284 766 1354 οὐδὲ
788 1281 912 1353 τοιαῦτ’
939 1289 1070 1373 ἔχοντες
1091 1308 1196 1372 παρα-

185 1395 342 1478 δείγματα
368 1403 470 1458 ταῦτα
493 1399 662 1478 μιμεῖσθε,
692 1389 763 1460 ἀλλ’
786 1390 988 1478 Ἀνδροτίων
1009 1394 1090 1476 ὑμῖν
1112 1415 1196 1478 πομ-

183 1505 287 1566 πείων
309 1500 558 1582 ἐπισκευαστής,
583 1496 799 1582 Ἀνδροτίων,
823 1494 849 1564 ὦ
872 1507 914 1586 μή
938 1497 992 1564 καί
1014 1504 1099 1565 θεοί.
1140 1498 1196 1565 καί

184 1604 273 1671 τοῦτ’
305 1602 441 1691 ἀσέβημ’
472 1607 607 1671 ἔλαττον
639 1609 730 1681 τίνος
760 1603 912 1687 ἡγείσθες
946 1603 1010 1688 ἐγὼ
1043 1602 1104 1689 μὲν
1131 1608 1194 1690 γὰρ

185 1719 297 1797 οίομαι
329 1713 401 1777 δεῖν
431 1713 491 1777 τὸν
523 1713 570 1788 είς
603 1705 664 1795 ἱέρ’
695 1713 841 1777 εἰσιόντα
867 1708 922 1776 καὶ
949 1714 1113 1796 χερνίβων
1140 1710 1195 1777 καὶ

184 1829 295 1883 κανῶν
316 1816 500 1901 ἁψόμενον,
524 1815 579 1882 καὶ
601 1825 660 1900 τῆς
681 1817 765 1902 πρὸς
786 1819 865 1894 τοὺς
886 1819 990 1893 θεοὺς
1013 1817 1195 1902 ἐπιμελείας

185 1923 373 2010 προστάτην
391 1923 560 2008 ἐσόμενον,
580 1921 656 2008 οὐχὶ
673 1921 923 2007 προειρημένων
936 1921 1069 2009 ἡμερῶν
1085 1923 1195 2010 [ιἰρνθ·

185 2031 261 2113 μὸν]
281 2027 445 2112 ἁγνεύειν,
463 2029 546 2094 ἀλλὰ
564 2029 624 2094 τὸν
642 2031 718 2112 βίον
736 2027 932 2112 ἡγνευκέναι
949 2030 1112 2095 τοιούτων
1128 2029 1194 2096 ἐπι

185 2135 412 2219 τηδενμάτων,
435 2127 490 2200 οἷα
511 2134 617 2223 τούτῳ
641 2136 805 2217 βεβίωται.

134 2257 171 2298 1⁸¹1
274 2238 341 2306 Καὶ
362 2238 438 2325 περὶ
456 2236 517 2324 μὲν
534 2242 656 2306 τούτου
674 2239 756 2305 κατά
775 2242 911 2324 σχολήν·
935 2236 1012 2306 δδέ
1034 2241 1193 2328 Τιμοκρά-

185 2371 234 2413 τει
257 2357 399 2430 συνερεῖ,
422 2347 527 2411 πολλά
551 2344 659 2428 λέγειν
681 2347 729 2411 ἐτι
752 2347 834 2430 πρὸς
856 2347 986 2423 τούτοις
1008 2348 1094 2431 ἔχων
1113 2348 1194 2413 παύ-

186 2469 294 2538 σομαι.
332 2447 408 2517 οίδα
431 2446 462 2517 δ’
483 2452 544 2535 ότι,
568 2452 613 2528 ὡς
635 2447 696 2535 μέν
719 2451 782 2517 οὐκ
804 2449 999 2536 ἀσύμφορος
1018 2453 1100 2538 ύμῖν
1118 2451 1190 2520 ἐσθ’

187 2559 205 2626 ὁ
223 2561 336 2642 νόμος,
356 2555 411 2623 καί
429 2560 517 2641 παρά
535 2559 659 2634 πάντας
675 2560 756 2633 τοὺς
772 2559 897 2641 νόμους
916 2558 1194 2643 είσενηνεχμένος,

186 2662 345 2730 καὶκατὰ
368 2659 462 2729 πάντ’
490 2664 612 2740 ἀδίκως
635 2666 735 2748 ἔχων,
763 2663 824 2749 οὐχ
847 2662 912 2741 ἕξει
934 2661 1056 2746 λέγειν·
1086 2665 1195 2730 ἀκούω

187 2769 217 2837 δ’
241 2770 344 2836 αὐτὸν
364 2768 473 2852 λέγειν
491 2770 536 2846 ὡς
555 2767 750 2836 ἐκτέτεισται
767 2771 807 2836 τό
825 2766 963 2857 χρήματ’
982 2765 1196 2854 Ἀνδροτίωνι

186 2874 242 2943 καὶ
270 2874 438 2962 Γλαυκέτη
470 2873 526 2941 καὶ
553 2877 766 2965 Μελανώπῳ,
797 2874 851 2942 καὶ
882 2877 934 2942 ὅτι
961 2871 1123 2942 δεινότατ’
1154 2874 1195 2942 άν

186 2983 293 3049 πάθοι
326 2982 460 3047 πάντων
497 2981 701 3064 ἀνθρώπων,
737 2983 770 3048 εί
802 2984 1029 3065 πεποιηκότων
1061 2981 1196 3056 ἐκείνων

186 3091 227 3154 τὰ
251 3091 372 3170 δίκαια,
395 3085 478 3171 ὑπὲρ
501 3081 549 3153 ὧν
569 3087 694 3168 [αὐτὸς]
714 3088 823 3154 αἰτίαν
841 3090 908 3172 ἔχει
925 3095 1039 3154 θεῖναι
1056 3089 1116 3153 τὸν
1134 3090 1248 3154 νό-ισε

136 3211 175 3251 18⁸
189 3218 265 3278 μον,
288 3191 393 3278 μηδὲν
415 3189 514 3277 ἧττον
537 3193 637 3270 αύτὸς
659 3191 835 3259 ἁλίσκοιτο.
871 3192 935 3276 ἐγὼ
960 3190 996 3260 δὲ
1017 3195 1077 3260 τὸν
1095 3196 1197 3278 λόγον

187 3298 331 3382 ἡγοῦμαι
361 3309 481 3366 τοῦτον
513 3296 593 3365 οὐδὲ
622 3293 701 3364 καθ’
731 3299 769 3365 ἓν
796 3297 904 3382 λέγειν
931 3298 1053 3365 ἐνεῖναι
1080 3301 1196 3389 τούτῳ.

191 3405 222 3466 εί
243 3399 303 3486 μὲν
325 3405 388 3488 γάρ
412 3401 494 3486 ὑπὲρ
517 3405 656 3489 τούτων,
679 3403 739 3482 οὓς
760 3405 801 3470 τά
822 3406 1030 3491 προσήκοντα
1053 3405 1120 3491 φῂς
1141 3427 1197 3472 πε-

193 3508 377 3591 ποιηκέναι,
409 3515 521 3575 θεῖναι
552 3512 611 3576 τὸν
639 3513 745 3595 νόμον
772 3511 957 3594 ὁμολογεῖς,
989 3504 1060 3574 κατ’
1090 3509 1197 3576 ἐκεῖνο

1116 3846 1121 3849 ,
1137 3836 1287 3849 ,..-,...-..-
