2614 3904
133 225 198 290 340
419 231 544 282 XXVIII.
567 229 848 281 ΔΗΜΟΣΘΕΝΟΤΣ

133 385 206 454 οὐδ’
228 387 335 472 αὐτὴν
357 388 533 456 ἀπέδοσαν.
570 387 663 468 άξιόν
686 411 723 472 γε
746 389 914 455 πιστεύειν
937 387 1050 466 αὐτοῖς
1072 387 1091 454 δ
1113 410 1146 453 τι

132 490 176 558 δν
198 491 274 578 περὶ
296 495 426 560 τούτων
448 495 597 578 λέγωσιν.

106 613 119 653 ¹
218 595 303 664 Ἀλλ’
335 597 431 682 ἔγωγ’
459 600 520 666 οὐκ
547 595 612 666 οἶδ’
639 598 658 665 ὅ
685 623 717 665 τι
743 596 832 667 τοῦτ’
859 601 958 665 ἔστιν.
1005 598 1067 664 οὐκ
1093 603 1145 664 εία

133 710 281 789 μισθοῦν
307 706 366 771 τὸν
390 701 484 772 οἶκον
507 703 580 772 οὐδ’
608 705 738 790 ἐμφανή
759 705 800 770 τά
823 706 971 790 χρήματα
994 702 1144 770 ποιείνδ

133 812 248 896 πατήρ.
284 813 427 894 πότερον
450 809 523 896 ἐμοὶ
543 809 647 890 ταῦτ’;
672 809 750 896 ήτή
769 813 877 890 πόλεις
902 813 1066 895 φαίνεσθε
1084 807 1145 895 μεν

133 915 197 1000 γάρ
224 915 423 982 τούναντίον
450 917 559 1003 ἐκείνη
586 913 647 1001 μὲν
674 918 804 1001 φανερά
833 919 1043 1000 ποιήσαντες,
1072 913 1146 1000 ἐμοὶ

134 1017 172 1087 δὲ
203 1023 412 1089 παντάπασιν
444 1023 556 1108 άφανή
588 1025 819 1106 πεποιηκότες,
851 1020 907 1088 καὶ
939 1017 1018 1088 οὐδὲ
1050 1018 1142 1088 ταῦτ’

133 1126 387 1211 ἀποφαίνοντες,
412 1128 445 1208 ἐξ
466 1125 514 1197 ὧν
531 1129 747 1214 τιμησάμενοι
765 1129 824 1204 τάς
842 1128 1001 1213 είσφορδς
1020 1126 1146 1210 είσεφέ-

135 1255 216 1318 ρετε.
253 1235 379 1314 δείξατε
401 1236 464 1320 γὰρ
487 1236 611 1320 ταύτην
633 1235 695 1317 τὴν
718 1230 848 1317 οὐσίαν,
870 1237 920 1310 τίς
937 1229 980 1317 ήυ
998 1231 1052 1299 καὶ
1071 1243 1204 1300 ποῦ838

107 1338 298 1426 θπαρέδοτέ
317 1363 374 1425 μοι
395 1339 452 1408 καὶ
473 1344 564 1417 τίνος
587 1339 749 1406 ἐναντίον.
785 1341 825 1405 τὰ
848 1335 908 1424 μέν
929 1341 992 1424 γάρ
1011 1341 1073 1406 δύο
1091 1340 1147 1403 τά·

135 1449 238 1512 λαντα
259 1443 314 1512 καὶ
337 1447 394 1523 τὰς
417 1446 622 1531 ὀγδοήκοντα
640 1455 724 1530 μνᾶς
742 1443 807 1511 ἀπὸ
825 1456 892 1511 τῶν
909 1446 1073 1530 τεττάρων
1091 1468 1147 1508 τα-

135 1552 264 1618 λάντων
282 1550 338 1617 καὶ
356 1555 547 1638 τρισχιλίων
566 1551 708 1635 ἐλάβετε,
727 1545 805 1616 ὥστ’
827 1547 906 1618 οὐδὲ
924 1552 1045 1627 ταύτας
1062 1547 1147 1636 ὑπὲρ

135 1657 217 1742 ἐμοῦ
239 1660 287 1734 είς
308 1658 346 1725 τὸ
370 1659 533 1742 δημόσιον
555 1656 769 1742 ἐτιμήσασθε·
797 1656 952 1742 ὑμέτεραι
974 1657 1037 1741 γάρ
1059 1651 1146 1739 ήσαν

135 1762 172 1829 ἐν
199 1762 337 1840 ἐκείνοις
364 1775 433 1840 τοῖς
460 1766 601 1848 χρόνοις.
647 1762 730 1828 ἀλλά
752 1763 819 1847 μήν
842 1764 879 1828 ἐκ
900 1786 938 1845 γε
960 1771 1018 1846 τής
1042 1763 1147 1838 οίκίας

135 1866 279 1936 καὶτῶν
301 1869 465 1951 τεττάρων
487 1866 543 1934 καὶ
567 1864 632 1934 δέκ’
660 1867 882 1952 ἀνδραπόδων
899 1866 954 1934 καὶ
972 1878 1040 1932 τῶν
1057 1868 1147 1952 τριά-

135 1999 237 2041 κοντα
255 1986 359 2061 μνῶν,
377 1975 399 2040 ά
416 1998 474 2060 μοι
491 1976 711 2059 παρεδώκατε,
730 1976 792 2058 τήν
810 1974 975 2060 είσφορδν
992 1973 1053 2058 οὐχ
1073 1965 1147 2038 οἷόν

134 2103 170 2148 τε
197 2081 356 2164 γενέσθαι
382 2082 563 2165 τοσαύτην,
591 2081 674 2165 ὅσην
699 2080 793 2165 ὑμεῖς
816 2079 1041 2158 συνετάξασθε
1064 2079 1148 2164 πρὸς

109 2189 197 2272 ιτὴν
215 2189 410 2273 συμμορίαν.
440 2183 511 2253 ἀλλ’
529 2187 655 2270 ἀνάγκη
675 2187 800 2271 μεγάλη
816 2187 857 2252 τά
870 2183 1146 2268 καταλειφθέντα,

135 2299 246 2381 πολλῷ
272 2289 398 2359 πλείον’
425 2294 506 2359 όντα
528 2293 672 2376 τούτων,
699 2286 803 2358 πάνθ’
828 2291 913 2376 ὑμᾶς
935 2294 1022 2377 ἐχειν
1045 2290 1146 2374 ἐστίν,

136 2399 157 2466 δ
175 2410 328 2485 φανερῶς
345 2398 398 2464 ότι
417 2393 609 2485 διηρπάκατ’
632 2397 876 2483 ἐξελεγχόμενοι
894 2405 1030 2464 τοιαῦτα
1047 2397 1146 2462 πλάτ-

134 2513 253 2574 τεσθαι
274 2511 422 2589 τολμᾶτε.
458 2503 514 2572 καὶ
535 2500 609 2571 τοτὲ
627 2500 689 2589 μὶν
706 2507 754 2582 είς
772 2503 937 2589 ἀλλήλους
955 2501 1145 2587 ἀναφέρετε,
1226 2567 1229 2576 .

135 2613 236 2678 πάλιν
255 2609 285 2678 δ’
308 2611 481 2697 εἰληφέναι
499 2608 569 2677 κατ’
592 2611 744 2695 ἀλλήλων
762 2621 965 2696 μαρτυρεῖτε.
1000 2611 1147 2695 φάσκον·
1166 2627 1171 2640 “

135 2741 188 2797 τες
211 2713 242 2783 δ’
263 2719 306 2784 οὐ
327 2718 434 2785 πολλά
456 2719 581 2802 λαβεῖν,
606 2719 758 2801 μεγάλων
781 2717 1005 2802 ἀναλωμάτων
1026 2718 1146 2798 λόγους

97 2848 123 2890 ιο
136 2823 368 2910 ἀπενηνόχατε.
399 2825 519 2901 πάντες
538 2819 575 2889 δὲ
592 2833 688 2910 κοινή
702 2821 735 2908 μ’
754 2822 1056 2909 ἐπιτροπεύσαντες,
1076 2822 1145 2908 ίδίμ

136 2931 217 3016 μετὰ
238 2925 337 2996 ταῦθ’
358 2928 489 2996 ἕκαστοι
509 2934 711 3012 μηχανᾶσθε.
746 2926 802 2994 καί
819 2928 882 3012 τήν
900 2925 961 3013 μὲν
979 2929 1145 3012 διαθήκην

135 3036 328 3120 ήφανίκατε,
348 3035 381 3116 ἐξ
399 3031 439 3120 ής
456 3030 499 3118 ήν
517 3033 642 3100 εἰδέναι
660 3033 736 3121 περὶ
749 3036 884 3101 πάντων
897 3037 958 3118 τήν
972 3033 1144 3118 ἀλήθειαν,

14 3151 15 3154 ’
135 3146 300 3227 φαίνεσθε
328 3138 358 3208 δ’
391 3139 549 3207 οὐδέποτε
577 3141 680 3205 ταύτδι
706 3139 781 3226 περὶ
808 3140 960 3224 ἀλλήλων
986 3138 1145 3224 λέγοντες.

225 3243 317 3331 Λαβέ
335 3248 376 3331 δή
391 3249 448 3324 τὰς
462 3249 644 3332 μαρτυρίας
657 3246 712 3312 καὶ
727 3240 898 3330 ἀνάγνωθ’
914 3244 1026 3322 αὐτοῖς
1039 3246 1147 3322 πάσας

138 3350 267 3434 ἐφεξῆς,
296 3353 351 3417 ἵνα
375 3351 579 3438 μνησθέντες
600 3351 656 3419 καλ
679 3365 746 3419 τῶν
768 3350 1069 3438 μεμαρτυρημένων
1090 3347 1146 3418 καὶ

137 3465 204 3518 τῶν
231 3456 414 3541 εἰρημένων
442 3457 675 3544 ἀκριβέστερον
697 3459 906 3544 γιγνώσκωσι
928 3455 1002 3542 περὶ
1026 3457 1144 3524 αὐτῶν.
