2590 3900
470 125 564 176 xm
581 122 848 190 τεμοκοετουε.
1098 120 1161 184 24λ

112 299 142 340 ει
155 289 325 365 προσηκον
351 291 444 368 ποιής
474 281 614 366 ἐροῦμεν
641 283 682 366 νή
706 284 774 347 Δία
796 292 865 360 τοίς
879 279 1017 366 Ἕλλησι
1039 284 1164 366 ,,Τιμο-

155 387 297 472 κράτους
329 389 430 472 νόμος
462 386 531 453 ἐστὶ
557 385 635 471 παρ’
665 386 757 464 ἡμῖν·
791 385 982 472 ἀναμείνατ’
1014 381 1076 452 οὖν
1102 388 1166 470 τήν

156 491 277 575 ἐνάτην
298 497 512 576 πρυτανείαν·
536 488 605 558 εἶτα
627 490 693 558 τότ’
717 493 865 576 ἔξιμεν·“
887 501 986 559 τοῦτο
1009 493 1072 576 γὰρ
1096 496 1165 556 λοι-

155 599 229 662 πόν.
266 595 308 663 ἀν
331 595 361 664 δ’
383 595 467 682 ὑπὲρ
489 599 584 683 ὑμῶν
606 599 717 664 αὐτῶν
740 598 928 684 ἀμύνεσθαι
951 597 1019 683 δέη,
1043 591 1108 680 ἀρά
1129 595 1160 680 μ’

156 708 271 769 οίεσθε
293 705 372 780 τοὺς
394 703 537 788 ἐχθροὺς
558 705 616 780 τάς
638 715 705 768 τῶν
723 701 800 787 παρ’
822 704 902 788 ήμίν
919 713 1075 787 πονηρῶν
1094 703 1165 767 δια·

157 811 270 886 δύσεις
291 806 347 874 καὶ
370 811 570 893 κακουργίας
591 809 781 893 ἀναμενείνς
805 807 826 892 ή
849 809 910 892 τήν
927 810 1036 890 πόλιν,
1059 806 1165 890 αὑτήν

156 914 390 998 ἐμποδίζοντας
408 916 533 998 νόμους
550 916 582 978 εί
597 916 737 998 θήσεται
755 911 810 979 καὶ
827 913 985 978 τάναντία
1002 925 1069 979 τῶν
1082 928 1165 996 συμ-

156 1023 330 1103 φερόντων
353 1019 519 1103 λέγοντας,
544 1021 754 1102 δυνήσεσθαί
772 1042 805 1084 τι
827 1029 961 1104 ποιήσαι
983 1030 1051 1084 τῶν
1072 1019 1165 1084 δεόν-

113 1142 237 1202 κστωνς
265 1122 337 1189 ἀλλ’
366 1123 535 1208 ἀγαπητὸν
562 1119 588 1190 ὦ
615 1125 736 1207 ἀνδρες
760 1117 947 1207 Ἀθηναῖοι,
975 1125 1007 1189 εί
1031 1125 1165 1189 πάντων

155 1234 264 1305 καλῶς
286 1228 430 1314 ἐχόντων
452 1229 547 1313 ἡμῖν,
574 1227 630 1294 καὶ
651 1230 793 1313 μηδενὸς
815 1230 911 1305 όυτος
933 1229 1088 1295 τοιούτου
1109 1230 1166 1294 νό-

156 1358 237 1419 μου,
263 1345 440 1421 κρατοίμεν
466 1345 533 1399 τῶν
561 1334 693 1419 ἐχθρῶν
718 1332 774 1399 καὶ
800 1345 871 1411 ταῖς
893 1332 1027 1418 ὀξύτησι
1051 1336 1165 1400 δυναί-

156 1445 244 1524 μεθα
275 1437 332 1505 καὶ
362 1449 432 1516 τοίς
462 1447 523 1505 τοῦ
554 1438 701 1523 πολέμου
728 1451 856 1525 καιροῖς
882 1439 1083 1505 ἀκολουθεῖν
1109 1437 1165 1506 καλ

156 1545 299 1630 μηδενὸς
322 1530 523 1629 ὑστερίζειν.
557 1544 640 1610 ἀλλά
663 1546 729 1629 μήν
752 1547 783 1610 εί
804 1548 918 1630 φαίνει
938 1554 1093 1611 τοιοῦτον
1114 1567 1164 1611 τε·

156 1651 270 1734 θηκὼς
287 1652 404 1734 νόμον,
423 1648 459 1727 ὃς
477 1650 517 1715 τὰ
535 1659 671 1715 τοιαῦτα
689 1651 893 1738 λυμαίνεται,
913 1645 953 1715 δι’
966 1645 1013 1716 ὧν
1030 1649 1051 1734 ή
1070 1653 1166 1728 πόλις

156 1752 212 1820 καὶ
235 1755 338 1839 σεμνή
359 1752 415 1819 καλ
434 1756 565 1838 λαμπρά
583 1756 671 1837 παρὰ
688 1763 769 1818 πᾶσι
787 1753 981 1839 καθέστηκε,
1003 1766 1072 1832 πῶς
1090 1753 1165 1841 οὐχὶ

157 1861 292 1936 δικαίως
315 1858 428 1924 ὁτιοῦν
450 1857 493 1925 ἀν
515 1861 652 1936 πάθοις;

115 1985 144 2028 ω
237 1962 310 2030 Ἔτι
346 1968 462 2030 τοίνυν
494 1959 520 2030 ὦ
552 1966 671 2050 ἀνδρες
703 1958 875 2048 Ἀθηναῖοι
906 1966 968 2048 τήν
1000 1967 1165 2050 διοίκησιν

158 2069 303 2156 ἀναιρεῖ,
335 2071 395 2154 τήν
426 2066 462 2134 θ’
494 2070 587 2154 ίεράν
619 2069 673 2135 καὶ
704 2071 765 2154 τήν
797 2070 901 2136 ὁσίαν.
947 2071 991 2148 ὡς
1023 2069 1069 2154 δ’,
1100 2070 1164 2155 ἐγὼ

78 2192 83 2201 ·
159 2176 285 2261 φράσω.
321 2177 411 2240 ἔστιν
432 2174 514 2258 ὑμῖν
535 2177 649 2258 κύριος
670 2176 783 2261 νόμος,
806 2181 913 2264 καλῶς
934 2183 1024 2259 είπερ
1043 2199 1092 2254 τις
1110 2176 1165 2244 καὶ

158 2283 258 2358 ἄλλος
282 2283 446 2365 κείμενος,
473 2283 552 2358 τοὺς
574 2283 708 2366 ἔχοντας
730 2282 770 2346 τά
792 2279 829 2345 θ’
856 2282 928 2365 ίερά
951 2280 1068 2348 καὶτὰ
1091 2282 1166 2349 ὅσια

158 2390 307 2471 χρήματα
333 2387 550 2470 καταβάλλειν
577 2389 625 2464 είς
650 2388 687 2452 τὸ
715 2388 970 2471 βουλευτήριον,
997 2389 1029 2452 εί
1049 2384 1088 2453 δὲ
1110 2389 1166 2472 μή,

159 2493 219 2576 τήν
245 2493 372 2576 βουλήν
395 2491 516 2568 αὐτοὺς
538 2493 743 2573 εἰσπράττειν
765 2490 938 2578 χρωμένην
959 2505 1030 2570 τοίς
1051 2496 1167 2578 νόμοις

117 2619 144 2661 ω
159 2609 228 2674 τοῖς
254 2602 450 2674 τελωνικοῖς.
496 2598 551 2662 διὰ
577 2601 693 2663 τοίνυν
720 2605 780 2662 τοῦ
806 2600 914 2682 νόμου
939 2599 1061 2665 τούτου
1084 2597 1183 2664 &coſs

159 2715 263 2769 κεῖται
293 2705 333 2768 τά
363 2703 473 2768 κοινά·
504 2703 544 2766 τὰ
572 2704 636 2788 γὰρ
663 2705 711 2778 είς
736 2704 794 2779 τὰς
821 2702 992 2787 ἐκκλησίας
1018 2702 1074 2770 καί
1099 2707 1158 2782 τὰς
1168 2717 1218 2768 '1³1

158 2812 281 2886 θυσίας
298 2806 355 2873 καὶ
372 2809 433 2892 τήν
451 2809 578 2892 βουλήν
595 2806 651 2874 καὶ
668 2810 746 2884 τοὺς
766 2805 882 2884 ἱππέας
899 2806 954 2873 καὶ
972 2810 1073 2874 τᾶλλα
1089 2813 1167 2895 χρή-

159 2908 233 3001 ματ’
250 2913 502 2998 ἀναλισκόμενα,
521 2908 618 2990 οὗτός
637 2910 709 2978 ἐσθ’
729 2911 761 2994 [ὁ
779 2916 894 2998 νόμος]
914 2913 1052 2979 ὁποιῶν
1065 2933 1167 3000 προσ-

160 3026 384 3104 ευπορεῖσθαι.
422 3018 544 3104 οὐγὰρ
563 3019 671 3084 όντων
690 3019 813 3084 ἱκανῶν
830 3029 898 3084 τῶν
916 3018 952 3085 ἐκ
973 3031 1040 3085 τῶν
1062 3025 1167 3087 τελῶν

159 3127 334 3212 χρημάτων
356 3134 395 3210 τη
419 3126 590 3207 διοικήσει,
615 3125 655 3188 τὰ
677 3121 983 3209 προσκαταβλήματ’
1010 3124 1167 3210 ὀνομαζό

123 3313 125 3319 A
160 3256 243 3316 μενα
271 3231 327 3296 ὃιά
353 3232 411 3296 τὸν
433 3239 494 3295 τοῦ
517 3232 624 3313 νόμου
646 3230 768 3295 τούτου
790 3222 899 3313 φόβον
921 3231 1166 3313 καταβάλλεται.

119 3357 146 3398 ω
160 3347 229 3415 πῶς
257 3331 319 3402 οὖν
342 3336 403 3420 οὐχ
426 3328 543 3400 ἅπαντ’
569 3333 694 3420 ἀνάγκη
717 3340 945 3419 καταλυθῆναι
967 3337 1006 3400 τά
1029 3345 1086 3420 τῆς
1107 3323 1172 3402 τιό-Ι

160 3447 253 3526 λεως,
276 3442 356 3508 ὅταν
379 3441 417 3508 αί
431 3436 492 3525 μὲν
509 3451 576 3506 τῶν
594 3445 698 3505 τελῶν
716 3439 894 3523 καταβολαὶ
913 3441 956 3525 μή
977 3434 1035 3506 ὦσ’
1057 3439 1166 3507 ίκαναὶ
1283 3467 1284 3516 ι
