2612 3918
498 145 595 198 RATA
611 145 776 202 ΜΕΙΔΙΟΤ.
1102 141 1146 206 63

179 306 285 389 χαλκῆν
311 305 425 390 τίχυην.
470 306 608 383 ἐκδόντος
635 306 668 371 δέ
694 331 745 388 μοι
767 307 993 389 Δημοσθένους,
1017 295 1040 393 ᾧ
1064 311 1202 389 pap-⁶2²

181 413 273 486 τυρῶ,
300 403 448 484 στέφανον
475 416 605 488 χρυσοῦν
627 404 699 468 ὥστε
720 407 935 468 κατασκευάσαι
955 403 1007 468 καί
1029 403 1147 483 ἱμάτιον

182 501 340 584 διάχρυσον
367 511 502 583 πονῆσαι,
529 502 609 578 ὅπως
635 503 802 583 πομπεύσαι
828 501 862 565 ἐν
888 500 990 575 αὐτοῖς
1015 499 1070 580 τῆν
1093 509 1146 562 τοῦ

181 599 332 662 Διονύσου
349 598 483 680 πομπήν,
501 597 552 662 καί
569 598 642 678 ἐμοῦ
660 597 884 674 συντελέσαντος
902 597 978 660 αιἰτόι
996 596 1046 659 καί
1064 594 1147 679 ἐχον-

182 719 232 770 τος
262 690 333 778 παρ’
362 693 478 782 ἐμαυτῷ
510 693 625 776 ἕτοιμα,
656 695 836 775 εἰσπηδήσας
867 693 942 777 πρός
969 716 1003 775 με
1029 695 1146 777 νύκτωρ

181 793 313 866 Μειδίας
337 791 353 855 ό
375 792 550 876 κρινόμενος
567 792 626 856 ὖπό
644 792 871 874 Δημοσθένους,
894 791 968 875 ἔχων
986 785 1057 873 μεθ’
1076 788 1146 852 ἐαυ-

181 899 233 952 τοῦ
256 889 307 952 καί
328 887 446 969 ἀλλους,
468 889 632 972 ἐπεχείρησε
655 891 842 971 διαφθείρειν
860 889 912 952 τὸν
931 887 1078 968 στέφανον
1095 886 1147 950 καί

180 987 212 1049 τὸ
241 987 371 1068 ἱμάτιον,
400 985 448 1049 καί
476 987 543 1049 τινὰ
570 983 624 1068 μέν
651 987 750 1049 αὐτῶν
776 985 955 1066 ἐλυμήνατο,
982 984 1020 1049 οά
1046 983 1147 1068 μέντοι

179 1084 277 1146 πάντα
298 1105 331 1165 γι
352 1083 490 1164 ἐδυνήθη
513 1081 563 1146 διδ
585 1082 618 1146 τό
640 1081 821 1163 ἐπιφανέντα
844 1106 878 1165 με
899 1083 1051 1161 κωλῦσαι]

95 1273 120 1316 2³
225 1258 342 1324 Πολλά
368 1253 430 1340 μὲν
456 1259 573 1322 τοίνυν
601 1250 627 1322 ὦ
656 1257 775 1341 ἀνδρες
799 1251 970 1341 Ἀθηναῖοι
992 1253 1047 1321 καὶ
1069 1253 1146 1340 περὶ

135 1356 185 1428 ὧν
206 1364 285 1439 τοὺς
308 1363 430 1439 ἀλλους
452 1361 609 1446 ἠδίκηκεν
631 1365 695 1447 ἐχω
718 1360 837 1444 λέγειν,
861 1362 971 1446 ὥσπερ
995 1357 1090 1427 εἶπον
1108 1361 1148 1427 ἐν

136 1454 219 1555 ἀρχῆ
241 1475 303 1534 τοῦ
325 1470 443 1550 λόγου,
468 1464 524 1533 καί
547 1462 712 1552 συνείλοχ’
738 1467 852 1552 ὕβρεις
874 1466 978 1534 αὐτοῦ
999 1464 1054 1533 καὶ
1077 1466 1145 1532 ἀτι-

135 1577 212 1660 μίας
228 1573 402 1656 τοσαύτας,
420 1573 500 1651 ὅσας
519 1571 698 1641 ἀκούσεσθ’
720 1573 838 1640 αὐτίκα
857 1574 898 1657 δὴ
916 1573 1012 1658 μάλα.
1048 1569 1141 1656 ἀνθ’

134 1680 155 1764 ἡ
179 1679 325 1764 συλλογὴ
348 1677 461 1766 ῥᾳδία·
484 1678 580 1745 αὐτοὶ
602 1681 666 1764 γάρ
690 1680 726 1746 οί
745 1682 950 1756 πεπονθότες
971 1680 1147 1765 προσῆσάν

94 1801 121 1843 ει
135 1811 200 1872 μοι.
236 1784 400 1869 βούλομαι
423 1781 460 1850 δέ
482 1786 547 1870 πρὸ
569 1785 699 1850 τούτων
717 1787 832 1868 εἰπεῖν,
856 1776 906 1861 οἷς
925 1785 1147 1870 ἐπιχειρήσειν

136 1892 238 1959 αὐτὸν
265 1887 378 1975 ἀκήκο’
404 1890 568 1970 ἐξαπατᾶν
593 1891 692 1977 ὑμᾶς·
722 1894 802 1969 τοὺς
824 1892 888 1977 γάρ
910 1888 993 1978 ὑπὲρ
1016 1894 1147 1960 τούτων

135 2001 256 2082 λόγους
286 1994 360 2082 ἐμοὶ
390 1994 453 2081 μὲν
484 1996 763 2080 ἀναγκαιοτάτους
792 2008 964 2082 προειπεῖν
988 1998 1147 2086 ἡγοῦμαι,

134 2106 215 2190 ὑμῖν
237 2099 275 2170 δέ
297 2102 565 2188 χρησιμωτάτους
587 2102 735 2169 ἀκοῦσαι.
781 2104 837 2170 διά
858 2107 905 2183 τίς
938 2103 989 2170 ότι
1011 2114 1073 2172 τοῦ
1095 2108 1145 2173 δι-

134 2214 233 2278 καίαν
254 2206 310 2275 καί
333 2209 474 2293 εὔορκον
495 2206 621 2274 θέσθαι
638 2208 701 2292 τὴν
717 2218 844 2293 ψῆφον,
868 2209 886 2276 ὁ
905 2211 1056 2288 κωλύσας
1073 2211 1145 2292 ἐξα-

134 2322 324 2402 πατηθῆναι
350 2316 450 2398 λόγος
471 2312 572 2398 ὑμάς,
599 2307 698 2392 οὗτος
720 2320 825 2392 αἴτιος
847 2316 945 2381 ἐσται.
991 2319 1078 2382 πολὺ
1101 2319 1144 2404 δὴ

134 2424 275 2509 μάλιστα
301 2421 436 2487 πάντων
462 2420 569 2508 τούτῳ
596 2428 642 2509 τῷ
665 2421 753 2509 λόγῳ
776 2418 952 2505 προσέχειν
973 2420 1059 2506 ὑμᾶς
1081 2423 1145 2509 δεῖ,

134 2527 190 2596 καί
221 2534 448 2613 μνημονεῦσαι
478 2533 600 2592 τοῦτον
630 2523 685 2593 καί
716 2527 799 2610 πρὸς
828 2523 968 2593 ἕκαστον
994 2526 1147 2596 ἀπαντᾶν

93 2648 121 2690 2⁶
134 2637 216 2702 όταν
238 2627 336 2710 οὗτος
357 2631 445 2717 λέγη.
481 2633 551 2697 ἐστι
575 2627 612 2697 δέ
629 2643 762 2715 πρῶτον
779 2627 842 2716 μὲν
859 2630 966 2698 ἐκεῖνο
985 2633 1046 2700 οὐκ
1063 2636 1144 2721 ἀδη-

134 2747 192 2818 λος
214 2739 311 2824 ἐρῶν,
333 2738 367 2818 ἐξ
390 2731 438 2804 ὧν
461 2738 531 2825 ίδίρι
552 2739 636 2822 πρός
657 2760 750 2815 τινας
772 2736 872 2815 αὐτὸς
891 2737 1022 2818 διεξιὼν
1040 2741 1145 2826 ἀπηγ-

134 2844 267 2930 γέλλετό
298 2867 370 2930 μοι,
402 2843 447 2920 ὡς
478 2849 570 2929 είπερ
601 2842 737 2928 ἀληθῶς
764 2842 963 2911 ἐπεπόνθειν
992 2845 1091 2913 ταῦθ’
1122 2846 1144 2914 θ

134 2951 233 3035 λέγω,
260 2952 355 3027 δίκας
377 2950 464 3026 ἰδίας
486 2972 543 3034 μοι
565 2942 704 3034 προσῆκ’
729 2948 819 3037 αὐτῷ
842 2953 969 3034 λαχεῖν,
992 2963 1060 3018 τῶν
1082 2948 1145 3037 μέν

135 3059 274 3142 ἱματίων
295 3053 351 3122 καί
372 3065 440 3121 τῶν
459 3066 593 3141 χρυσῶν
612 3055 788 3139 στεφάνων
805 3062 863 3140 τῆς
881 3055 1071 3143 διαφθορᾶς
1087 3055 1144 3125 καί

133 3172 191 3245 τῆς
212 3160 288 3245 περὶ
309 3163 369 3227 τὸν
386 3162 490 3246 χορὸν
506 3161 614 3245 πόσης
631 3160 795 3246 ἐπηρείας,
817 3162 953 3245 βλάβης,
977 3156 1025 3228 ὧν
1043 3158 1074 3228 δ’
1095 3165 1144 3241 είς

132 3271 170 3335 τὸ
189 3265 271 3354 σῶμ’
288 3267 450 3354 ὑβρίσθαι
467 3265 566 3352 φήμ’,
583 3265 722 3352 ὕβρεως,
741 3266 783 3333 οὐ
801 3269 846 3352 μά
861 3263 920 3332 Δί’
938 3266 1013 3353 οὐχί
1032 3270 1197 3353 δημο-σεε
1283 3301 1284 3305 =

133 3378 190 3463 σίηι
211 3377 339 3460 κρίνειν
362 3372 465 3440 αὐτὸν
486 3370 541 3439 καὶ
563 3370 675 3458 τίμημ’
698 3372 832 3455 ἐπάγειν
852 3373 870 3438 δ
889 3394 920 3437 τι
938 3373 1000 3460 χρῆ
1019 3380 1143 3441 παθεῖν
1282 3379 1283 3384 ’

93 3478 153 3564 τοῆ
177 3479 355 3546 ἀποτεῖσαι.
394 3478 458 3563 ἐγὼ
482 3475 512 3544 δ’
538 3478 577 3545 ἓν
599 3474 661 3563 μὲν
684 3475 781 3544 ἐκεῖν’
808 3472 846 3543 εὖ
869 3473 957 3562 οἶδα,
979 3477 1035 3546 καί
1056 3479 1143 3565 ὑμᾶς
1280 3531 1281 3564 ;

7 3839 216 3853 -“--.Ι-.,“.-
226 3850 235 3853 .,
265 3853 267 3855 .
