2614 3904
167 153 235 218 394
449 159 574 213 xxxm.
599 155 904 229 [Δευοεοεαοτε]

167 315 227 380 τὸν
254 309 465 401 Ἀριστοκλέα
498 317 649 404 ἐκφέρειν
681 319 739 394 τὰς
769 317 954 399 συνθήκας,
987 315 1029 382 οὐ
1056 319 1173 401 πόρρω
1185 330 1239 380 898

168 421 306 504 φιίσκων
329 418 416 488 εἶναι
437 424 497 490 τὸν
520 426 670 508 ἔλεγχον,
694 428 728 488 εί
746 444 778 488 τι
799 431 1018 506 κακουργοῖτο
1042 419 1117 504 περὶ
1140 421 1184 487 τὰ

128 543 153 584 ιε
168 526 354 610 γράμματα·
377 527 579 614 γεγραφέναι
602 531 665 612 γὰρ
684 527 768 594 αὐτὰ
786 525 917 610 οἰκέτην
936 524 1066 594 ἑαυτοῦ.
1102 526 1184 612 ὁμο·

167 635 311 716 λογήσας
339 627 370 698 δ’
396 633 536 713 ἐξοίσειν
558 636 616 711 τὰς
639 637 812 718 συνθήκας
834 632 852 698 ὁ
872 629 1098 716 Ἀριστοκλῆς,
1126 631 1183 717 έμ-

168 749 286 822 φανεῖς
308 735 369 823 μέν
392 739 524 806 οὐδέπω
546 738 602 806 καὶ
624 743 768 824 τήμερον
790 737 964 824 ένήνοχεν,
991 741 1038 816 είς
1060 734 1097 804 δὲ
1119 740 1183 822 τήν

167 843 293 929 ἡμέραν
311 845 373 929 τήν
391 847 610 931 συγκειμένην
630 846 820 929 ἀπαντήσας
837 846 885 921 είς
901 845 938 910 τὸ
952 841 1182 928 Ἡφαιστεῖον,

166 950 409 1035 προύφασίζετο
433 950 479 1028 ὡς
501 950 519 1017 6
542 961 620 1028 παῖς
637 949 823 1036 περιμένων
843 950 945 1016 αὐτὸν
965 949 1182 1028 ἀπολωλεκὼς

168 1061 219 1140 είη
241 1057 279 1122 τὸ
298 1067 522 1139 γραμματεῖον
540 1058 727 1122 καθεύδων.
764 1056 783 1122 6
802 1052 840 1122 δέ
858 1065 960 1121 ταῦτα
979 1056 1182 1122 κατασκευά-

170 1164 233 1240 ζων
256 1157 298 1244 ήν
317 1159 468 1246 Ἐρυξίας
490 1162 508 1228 6
530 1164 642 1245 ίατρὸς
661 1162 678 1228 6
698 1161 734 1230 έιι
753 1167 928 1248 Πειραιῶς,
949 1163 1077 1238 οίκείως
1096 1163 1182 1246 ἔχων

168 1276 213 1353 τῷ
229 1265 444 1350 Ἀριστοκλεῖ·
467 1268 569 1352 ὅσπερ
587 1267 642 1334 καλ
661 1267 734 1353 ἐμοὶ
751 1277 812 1336 τοῦ
830 1265 959 1352 ἀγῶνος
977 1269 1081 1344 αίτιός
1100 1265 1180 1350 ἐστι,

167 1374 339 1457 διαφόρως
357 1375 449 1459 έχων.
493 1371 548 1439 καί
571 1372 616 1455 ὡς
639 1370 802 1456 έσιιήήιατο
826 1371 1032 1438 ἀπολωλέναι
1055 1371 1179 1456 δἈρι-

170 1482 323 1562 στοκλής,
346 1477 508 1545 ἀκούσατε
530 1487 598 1543 τῶν
620 1489 820 1564 μαρτυριῶν.

573 1689 777 1744 ΜΔΡΤΤΡῙΑΙ.

131 1811 157 1852 1⁰
257 1790 434 1862 Ἐντεῦθεν
461 1797 578 1860 τοίνυν
605 1797 642 1861 τὸ
670 1791 731 1880 μὲν
758 1804 816 1879 τῆς
838 1793 1013 1878 ἐπιτροπῆς
1036 1794 1181 1880 έλέλυτο,

171 1899 407 1984 ήφανισμένων
429 1911 497 1966 τῶν
521 1906 701 1984 συνθηκῶν
724 1898 779 1965 καὶ
802 1911 869 1966 τῶν
893 1901 1069 1985 διαιτητῶν
1093 1901 1183 1967 ἀντι-

172 2004 373 2090 λεγομένων·
397 2005 638 2091 ἐπιχειροῦντες
662 2002 697 2073 δδ
720 2007 863 2091 γράφειν
881 2004 992 2091 ἑτέρας
1010 2011 1183 2092 συνθήκας

171 2110 247 2196 περὶ
270 2111 399 2178 τούτων
423 2111 664 2197 διηνέχθησαν,
692 2107 790 2189 οὗτος
811 2109 873 2197 μὲν
896 2111 996 2192 ἀξιῶν
1018 2115 1078 2178 τὸν
1097 2111 1182 2198 Ἀρι

172 2217 321 2299 στοκλέα,
341 2216 359 2283 6
379 2215 415 2282 δέ
430 2215 618 2301 Παρμένων
635 2219 714 2292 τοὺς
731 2226 830 2300 τρεῖς,
850 2207 964 2300 οἷσπερ
982 2217 1020 2280 τὸ
1035 2214 1067 2295 έξ
1083 2216 1184 2302 ἀρχῆς

171 2323 192 2407 ή
217 2323 374 2405 ἐπιτροπὴ
398 2320 536 2404 ἐγένετο.
576 2321 617 2388 οὐ
639 2331 832 2407 γραφεισῶν
855 2318 886 2386 δ’
913 2320 1034 2407 ἑτέρων
1057 2329 1185 2407 συνθη·

171 2441 251 2511 κῶν,
276 2439 343 2492 τῶν
367 2425 397 2492 δ’
425 2427 458 2506 ἐξ
481 2427 582 2512 ἀρχῆς
605 2428 869 2512 ἀφανισθεισῶν,
893 2429 940 2504 είς
962 2424 1051 2494 τοῦτ’
1077 2424 1185 2512 ἦλθεν

172 2535 342 2610 ἀναιδείας
362 2532 381 2598 6
400 2533 571 2618 ἠφανικὼς
588 2535 647 2610 τάς
665 2535 846 2616 συνθήκας,
871 2533 953 2598 ὥστε
973 2525 1020 2612 εἷς
1038 2533 1086 2599 ὢν
1104 2534 1185 2600 ἀπο-

174 2646 356 2725 φανεῖσθαι
380 2642 443 2724 ἔφη
463 2642 524 2722 τήν
543 2641 682 2706 δίαιταν.
714 2637 943 2724 παρακαλέσας
962 2635 992 2704 δ’
1015 2639 1033 2706 6
1052 2639 1185 2725 Παρμέ-

173 2771 244 2813 νων
263 2747 440 2830 μάρτυρας,
460 2746 574 2812 ἀπεῖπε
593 2755 638 2833 τῷ
653 2743 859 2831 Ἀριστοκλεῖ
873 2746 917 2830 μή
937 2744 1186 2830 ἀποφαίνεσθαι

173 2854 263 2938 παρὰ
281 2854 339 2929 τὰς
357 2855 530 2934 συνθήκας
543 2847 620 2918 καθ’
639 2852 743 2918 αὑτοῦ
757 2853 839 2917 ἀνευ
851 2862 919 2916 τῶν
934 2853 1185 2935 συνδιαιτητῶν.

174 2957 229 3026 καὶ
252 2952 299 3024 ὧν
323 2958 475 3024 ἐναντίον
498 2957 645 3040 ἀπεῖπεν,
670 2958 830 3023 ἀκούσατε
853 2966 911 3044 της
932 2961 1122 3042 μαρτυρίας.

583 3169 774 3222 ΜΑΡΓΤΡῙΑ.

135 3295 163 3335 ¹⁰
264 3277 360 3342 Μετδ
386 3285 489 3341 ταῦτα
514 3277 631 3342 τοίνυν
652 3284 697 3364 τῷ
723 3273 935 3358 Παρμένοντι
957 3272 1080 3359 συνέβη
1105 3291 1186 3361 συμ·

178 3381 266 3465 φορὰ
290 3381 382 3464 δεινή
406 3377 432 3447 δι
456 3383 575 3463 ἀνδρες
599 3383 758 3446 δικασταί.
797 3381 969 3457 οἰκοῦντος
990 3382 1054 3465 γὰρ
1073 3380 1238 3447 αὐτοῦεθθ

132 3502 136 3508 ·
179 3485 214 3546 ἐν
239 3481 421 3574 Ὀφρυνείῳ
450 3488 505 3552 διδ
533 3488 594 3571 τήν
622 3493 758 3553 οίκοθεν
781 3489 907 3571 φυγήν,
935 3486 989 3552 ὅτε
1012 3485 1031 3553 6
1054 3488 1187 3571 σεισμὸς
