2614 3904
484 159 568 213 m'
587 160 739 213 ΑΦΟΒΟΤ
757 161 786 215 Β,
1078 157 1143 222 343

137 321 217 406 μετὰ
252 331 319 386 τῶν
355 323 621 405 συνεπιτρόπων,
658 317 823 384 έλεείσθαι
859 328 924 384 νῦν
955 316 1014 404 ὑφ’
1050 319 1145 404 ὑμῶν

78 445 80 452 ⁴
137 427 283 510 ἀξιοσει,
315 436 408 511 μνῶν
440 419 514 491 οὐδ’
550 422 764 510 ἑβδομήκοντ’
800 425 874 504 ἀξια
906 427 1015 509 τρίτος
1047 425 1146 502 αὐτὸς

137 533 368 615 ἀποδεδωκώς,
392 526 461 597 εἶτα
483 529 539 596 καί
562 531 693 608 τούτοις
716 531 829 608 αὐτοῖς
851 531 952 596 ποίλιν
975 531 1146 614 ἐπιβεβου-

96 657 122 697 11
137 641 267 716 λευκός.
313 638 358 715 ὡς
389 638 452 720 γὰρ
484 638 542 713 τὰς
574 637 668 713 δίκας
697 636 817 712 ταύτας
844 637 982 721 ἔμελλον
1009 635 1146 702 εἰσιέναι

135 740 206 810 κατ’
238 743 362 827 αὐτῶν,
390 743 561 808 ἀντίδοσιν
589 739 638 808 ἐπ’
670 738 726 826 ἐμὲ
752 743 1017 827 παρεσκεύασαν,
1045 738 1089 806 ἵν’
1117 743 1148 807 εί

136 847 198 934 μέν
225 849 411 933 ἀντιδοίην,
439 848 483 932 μη
512 845 597 931 ἐξείη
626 870 682 931 μοι
704 848 787 931 πρὸς
810 847 931 924 αὐτούς
954 846 1145 930 ἀντιδικεῖν,

136 955 181 1032 ῶς
203 952 258 1020 καὶ
280 965 347 1020 τῶν
371 955 474 1019 δικῶν
490 953 620 1019 τούτων
638 961 698 1018 τοὺ
717 952 910 1029 ἀντιδόντος
927 953 1145 1037 γιγνομένων,

135 1063 167 1127 εί
194 1057 230 1126 δέ
257 1056 362 1144 μηδὲν
387 1060 516 1125 τούτων
537 1062 686 1142 ποιοίην,
714 1056 758 1124 ἵν’
786 1058 821 1125 έκ
844 1062 998 1143 βραχείας
1021 1058 1136 1135 ούοίας
1144 1071 1196 1122 841

135 1173 330 1253 λῃτουργῶν
351 1166 561 1232 παντάπασιν
583 1165 806 1249 ἀναιρεθείην.
844 1163 898 1230 καὶ
922 1162 1010 1232 τοῦτ’
1034 1165 1147 1242 αὐτοῖς

135 1271 319 1358 ὑπηρέτησε
335 1272 548 1357 Θρασύλοχος
562 1269 581 1337 ὑ
595 1267 846 1356 Ἀναγυράσιος·
864 1262 891 1359 ᾧ
905 1271 1033 1337 τούτων
1046 1267 1147 1337 οὐδὲν

135 1375 342 1462 ἐνθυμηθεὶς
355 1377 523 1443 ἀντέδωκα
539 1375 611 1462 μέν,
630 1374 806 1442 ἀπέκλεισα
826 1373 857 1440 δ’
875 1377 919 1453 ὡς
939 1377 1147 1453 διαδικασίας

135 1485 342 1568 τευξόμενος·
362 1481 404 1548 οὑ
421 1483 530 1567 τυχὼν
549 1480 586 1548 δὲ
604 1483 735 1566 ταύτης,
754 1492 821 1546 τῶν
839 1484 970 1566 χρόνων
990 1482 1146 1566 ὑπογύων

137 1591 259 1671 όντων,
283 1588 404 1671 ἵναμὴ
428 1594 580 1672 στερηθῶ
603 1599 670 1652 τῶν
693 1588 807 1670 δικῶν,
831 1586 984 1653 ἀπέτεισα
1007 1590 1067 1672 τὴν
1091 1593 1147 1674 λη-

136 1697 295 1779 τοοργίαν
312 1691 453 1769 ὑποθεὶς
469 1682 532 1776 την
551 1696 660 1758 οίκίαν
678 1691 735 1759 καί
748 1692 918 1777 τάμαυτοῦ
931 1693 1048 1777 πάντα,
1067 1696 1146 1776 βου-

137 1803 276 1885 λόμενος
302 1802 349 1876 είς
376 1799 461 1883 ὑμᾶς
488 1800 653 1864 είσελθείν
681 1800 739 1876 τὰς
761 1799 844 1883 πρὸς
865 1797 1023 1865 τουτουσὶ
1046 1800 1146 1877 δίκας.

97 1929 122 1968 ιε
220 1898 287 1991 Ἆρ’
321 1905 361 1971 ού
389 1905 514 1990 μεγάλα
541 1900 602 1989 μὲν
630 1903 663 1984 ἐξ
692 1904 793 1990 ἀρχῆς
819 1904 991 1989 ἠδίκημαι,
1022 1906 1147 1990 μεγάλα

137 2008 182 2096 δ’,
206 2011 256 2077 ὅτι
279 2013 377 2095 δίκην
401 2014 482 2094 ζητῶ
506 2013 632 2094 λαβεῖν,
654 2019 719 2077 νῦν
739 2007 794 2075 ὑπ’
818 2010 928 2076 αὐτῶν
946 2011 1145 2095 βλύπτομαι;

49 2107 51 2112 ’
136 2120 185 2195 τίς
216 2115 247 2182 δ’
279 2117 341 2183 οὑκ
373 2115 414 2181 ἀν
446 2117 541 2202 ὑμῶν
567 2118 673 2204 τούτῳ
701 2113 763 2201 μὲν
790 2117 974 2201 φθονήσειε
1002 2119 1147 2200 δικαίως,

136 2223 221 2307 ἡμᾶς
253 2219 283 2287 δ’
314 2221 493 2308 έλεησειεν,
526 2223 615 2308 ὁρῶν
644 2232 689 2310 τῷ
718 2218 779 2306 μὲν
806 2224 888 2308 πρὸς
914 2232 954 2308 τῇ
982 2221 1080 2309 οὑσίηι
1106 2231 1146 2308 τη

137 2329 366 2414 παραδοθείση
389 2334 485 2394 πλεῖν
507 2328 527 2412 ἢ
552 2327 631 2394 δέκα
653 2329 824 2394 ταλάντων
846 2330 908 2412 τὴν
929 2328 1012 2413 ἐμὴν
1028 2330 1146 2394 τοσαύ

137 2457 199 2518 την
227 2429 333 2499 οὖσαν
360 2433 685 2520 προσγεγενημένην,
712 2434 798 2519 ἡμᾶς
824 2431 861 2500 δὲ
886 2435 930 2519 μὴ
953 2437 1058 2519 μόνον
1080 2445 1148 2500 τῶν

137 2537 300 2628 πατρῴων
320 2540 590 2625 διημαρτηκότας,
611 2540 693 2605 ἀλλὰ
711 2538 847 2606 καὶτῶν
860 2550 924 2608 νῦν
936 2540 1152 2626 παραδοθέν-“

137 2670 206 2711 των
238 2646 294 2711 διά
325 2647 386 2729 τὴν
416 2647 543 2711 τούτων
570 2650 735 2730 πονηρίαν
762 2645 1058 2732 ἀπεστερημένονς;
1090 2659 1151 2714 ποί
1215 2718 1217 2722 ,

139 2748 169 2817 δ’
197 2750 239 2818 ἀν
266 2753 488 2837 τραποίμεθα,
518 2757 551 2818 εἴ
571 2774 601 2816 τι
626 2753 706 2819 ἀλλο
729 2749 930 2837 ψηφίσαισθ’
956 2753 1050 2837 ὑμεῖς
1073 2753 1147 2840 περὶ

138 2858 264 2936 αὑτῶν;
311 2859 358 2934 είς
393 2858 434 2922 τὰ
469 2857 668 2943 ὑποκείμενα
704 2869 775 2936 τοῖς
810 2861 1017 2939 δανείσασιν;
1065 2859 1148 2926 ἀλλὰ

137 2975 206 3029 τῶν
233 2962 451 3048 ὑποθεμένων
476 2962 575 3028 ἐστίν.
621 2959 692 3030 ἀλλ’
719 2967 766 3041 είς
788 2966 827 3028 τά
850 2962 994 3050 περιόντ’
1022 2965 1146 3046 αὐτῶν;

139 3069 222 3135 ἀλλά
253 3069 376 3135 τούτου
404 3072 566 3153 γίγνεται,
598 3071 659 3153 τὴν
686 3069 870 3153 ἐπωβελίαν
897 3069 956 3136 ἐὰν
983 3073 1148 3155 ὄφλωμεν.

100 3197 125 3236 ιε
139 3178 296 3260 μηδαμῶς
324 3171 349 3241 ὦ
378 3176 498 3260 ἀνδρες
527 3173 678 3241 δικασταὶ
704 3174 842 3260 γένησθ’
872 3176 953 3261 ἡμίν
978 3180 1149 3244 τοσούτων

140 3288 239 3347 αίτιοι
261 3292 386 3348 κακῶν·
409 3277 492 3366 μηδὲ
514 3282 575 3365 τὴν
598 3280 721 3366 μητέρα
743 3279 825 3366 κάμὲ
845 3281 899 3348 καὶ
918 3284 979 3367 τὴν
998 3283 1147 3367 ἀδελφὴν

140 3386 257 3468 ἀνάξια
279 3389 450 3463 παθόντας
471 3388 649 3471 περιίδητε,
674 3387 733 3464 οὓς
756 3387 774 3453 δ
792 3389 899 3473 πατὴρ
919 3388 980 3454 οὐκ
999 3387 1052 3453 ἐπὶ
1069 3389 1146 3453 ταύ-

139 3516 210 3569 ταις
236 3503 307 3569 ταῖς
334 3490 442 3558 ἐλπίσι
469 3491 655 3574 κατέλιπεν,
684 3492 767 3557 ἀλλά
792 3495 854 3578 τὴν
881 3489 941 3577 μὲν
966 3493 1011 3570 ῶς
1032 3498 1147 3577 Δημο-
