2590 3900
444 171 540 221 xm
558 168 825 222 οιαοιιειτονε.
1075 160 1139 226 261

135 329 360 411 δεσμωτήριον
377 326 433 393 καὶ
452 330 518 393 ἔδει
536 313 657 394 τούτου
675 327 831 412 κειμένου
849 335 909 392 τοῦ
927 328 1043 409 νόμου,
1067 321 1140 388 ἀλλ’

135 429 186 516 ἐφ’
210 425 260 509 οἷς
282 444 386 498 κεῖται
404 433 422 499 ὁ
441 435 542 518 νόμος
561 429 669 516 οὗτος,
693 434 814 512 διδάξω
834 432 927 515 ὑμᾶς.
965 425 1062 506 οὗτος
1080 429 1142 512 γὰρ
1170 421 1180 442 ”

42 561 44 566 ·
135 535 161 602 ὧ
189 540 309 621 ἀνδρες
332 536 483 604 δικασταὶ
506 539 567 605 οὐκ
590 537 642 604 ἐπὶ
663 537 959 622 τοίςιιεκριμένοις
981 533 1035 600 καὶ
1058 535 1143 618 ῆγω-

134 644 303 728 νισμένοις
330 656 449 726 κεῖται,
477 639 549 710 ἀλλ’
575 643 628 709 ἐπὶ
654 655 724 721 τοῖς
751 643 910 728 ἀκρίτοις,
939 643 994 706 ἵνα
1019 642 1063 724 μῆ
1088 641 1144 704 διά

134 751 172 814 τὸ
205 748 365 815 δεδέσθαι
391 760 503 833 χεῖρον
532 750 766 833 ἀναγκάζοιντο
795 749 1014 831 ἀγωνίζεσθαι
1040 744 1060 828 ῆ
1089 741 1143 810 καὶ

134 857 343 921 παντάπασιν
372 855 595 940 ἀπαράσκευοι
623 851 699 921 εἷεν.
745 852 859 920 οὑτοσὶ
882 852 927 936 δ’,
955 851 977 918 δ
1000 850 1052 916 ἐπὶ
1074 861 1145 927 τοῖς

136 961 282 1044 ἀκρίτοις
300 971 416 1044 κεῖται,
434 961 480 1037 ὡς
496 959 571 1046 περὶ
590 960 745 1027 ἀπάντων
764 959 919 1045 εἰρημένα
938 958 1047 1043 μέλλει
1063 957 1145 1038 πρὸς

86 1087 122 1126 14⁸
134 1067 220 1152 ὑμᾶς
243 1066 362 1151 λέγειν.
399 1066 444 1142 ὡς
467 1063 503 1132 δέ
526 1077 641 1149 σαφῶς
662 1061 829 1149 γνώσεσθ’
851 1066 901 1130 ότι
920 1065 1029 1147 ἀληθῆ
1048 1061 1144 1145 λέγω,

136 1172 199 1256 ἐγὼ
223 1173 304 1256 ὑμῖν
328 1170 401 1257 έρῶ.
438 1171 600 1255 οὔτεγὰρ
624 1168 665 1235 ἀν
690 1166 715 1234 ὦ
739 1172 857 1254 ἀνδρες
879 1166 1029 1234 δικασταὶ
1046 1177 1145 1252 τιμᾶν

137 1277 212 1361 ἐξῆν
240 1278 320 1361 ὑμῖν
348 1278 366 1342 ὅ
393 1300 424 1342 τι
453 1279 514 1361 χρῆ
542 1284 665 1342 παθεῖν
692 1275 713 1360 ῆ
741 1277 911 1342 ἀποτεῖσαι
939 1273 989 1361 (ἐν
1014 1276 1077 1359 γάρ
1100 1282 1145 1361 τῷ

136 1392 260 1450 παθεῖν
291 1381 345 1449 καὶ
379 1382 397 1448 ὁ
428 1383 548 1466 δεσμὸς
575 1386 638 1448 ἐνι·
670 1383 732 1448 οὐκ
759 1381 801 1448 ἀν
829 1377 891 1446 οὖν
918 1380 993 1464 ἐξῆν
1021 1383 1146 1465 δεσμοῦ

138 1489 295 1574 τιμῆσαι),
320 1486 396 1554 οὔθ’
419 1489 508 1554 ὅσον
531 1488 669 1566 ἔνδειξίς
692 1487 781 1553 ἐστιν
803 1486 824 1570 b)
844 1486 1012 1570 ἀπαγωγη,
1035 1505 1136 1570 προσ·
1147 1491 1198 1541 '14⁶

137 1590 308 1680 εγέγραπτ’
338 1593 380 1660 ἀν
412 1594 449 1659 ἐν
480 1605 549 1670 τοῖς
581 1596 696 1677 νόμοις
723 1593 804 1676 ,τὸν
830 1587 860 1658 δ’
891 1590 1144 1676 ἐνδειχθένταῆ

138 1700 329 1784 ἀπαχθέντα
360 1700 534 1783 δησάντων
562 1699 598 1764 ολ
622 1697 739 1764 ἕνδεκα
767 1697 803 1763 ἐν
829 1706 875 1785 τῷ
903 1698 1023 1786 ξάλῳιί,
1056 1705 1146 1781 εἴπερ

137 1809 181 1892 μῆ
212 1805 289 1889 ἐξῆν
317 1807 438 1882 ἀλλους
465 1803 485 1889 ῆ
513 1807 592 1881 τοὺς
619 1803 672 1870 ἐπὶ
698 1806 863 1890 προδοσίᾳ
890 1813 947 1887 τῆς
974 1807 1098 1879 πόλεως
1125 1801 1145 1886 ῆ

138 1912 190 1979 ἐπὶ
223 1912 398 1978 καταλύσει
425 1920 485 1976 τοῦ
514 1911 622 1994 δῆμον
649 1912 824 1987 συνιόντας
851 1909 871 1992 ἢ
899 1913 977 1986 τοὺς
1003 1910 1043 1974 τά
1069 1908 1146 1992 τέλη

87 2039 123 2078 ιιι
138 2017 351 2100 ὠνουμένους
369 2015 422 2082 καὶ
441 2018 485 2101 μῆ
499 2017 763 2096 καταβάλλοντας
778 2017 884 2099 δῆσαι.
912 2025 976 2080 νῦν
995 2013 1032 2080 δὲ
1046 2013 1143 2080 ταῦθ’

139 2118 220 2208 ὑμῖν
246 2125 404 2207 τεκμήρια
431 2125 513 2187 ἐστιν
543 2122 593 2186 ὅτι
620 2122 724 2200 ἔξεστι
752 2123 863 2204 δῆσαι·
891 2127 1058 2197 παντελῶς
1084 2122 1147 2204 γάρ

138 2232 203 2314 ῆδη
232 2226 326 2315 ἄκυρ’
359 2227 400 2293 ἀν
427 2224 469 2312 ῆν
495 2229 536 2293 τά
563 2231 734 2313 τιμῆματα.
780 2231 890 2293 ἔπειτα
919 2224 948 2292 δ’
976 2223 1001 2292 ὦ
1029 2228 1171 2311 ἀνδρες,

140 2333 292 2402 δικασταὶ
324 2343 423 2400 τοῦτο
449 2334 486 2401 τὸ
514 2335 646 2419 γράμμα
673 2333 754 2399 αὐτὸ
782 2331 842 2417 μὲν
869 2331 946 2398 καθ’
978 2332 1058 2398 αὑτὸ
1087 2332 1148 2398 οὐκ

139 2444 209 2507 ἔστι
231 2442 344 2525 νόμος,
366 2441 404 2506 τὸ
428 2436 530 2523 ,οὐδὲ
554 2439 644 2522 δῆσω
665 2436 853 2522 Ἀθηναίων
876 2438 1032 2521 οὐδένα“,
1055 2437 1092 2503 έν
1112 2435 1148 2503 δέ

139 2555 185 2636 τῷ
214 2547 301 2634 ὅρκῳ
328 2554 374 2634 τῷ
402 2550 603 2634 βουλευτικῷ
627 2544 821 2630 γέγραπται,
849 2546 971 2629 ἵναμὴ
995 2547 1148 2611 συνιστά-

140 2677 234 2738 μενοι
262 2652 298 2719 οί
322 2653 458 2737 ῥήτορες
485 2652 521 2716 οί
546 2651 582 2716 έν
609 2659 648 2736 τῆ
676 2654 781 2735 βουλῆ
810 2652 933 2735 δεσμὸν
955 2650 1036 2716 κατά
1058 2675 1149 2728 τινος

89 2779 126 2818 ιιε
139 2771 208 2824 τῶν
231 2763 375 2823 πολιτῶν
398 2756 533 2841 λέγοιεν.
570 2758 695 2841 ἀκνρου
716 2751 856 2822 οὖντοῦ
875 2758 974 2840 δῆσαι
991 2758 1052 2840 τῆν
1070 2759 1149 2840 βου-

140 2867 203 2948 λῆν
230 2875 335 2930 ποιῶν
363 2863 381 2929 ὁ
405 2866 525 2929 Σόλων
551 2871 650 2928 τοῦτο
676 2864 760 2945 πρὸς
784 2865 843 2928 τὸν
867 2863 968 2946 ὅρκον
989 2864 1049 2928 τὸν
1071 2867 1149 2947 βου-

140 2972 291 3036 λευτικὸν
323 2968 568 3052 προσέγραψεν,
601 2963 672 3033 ἀλλ’
703 2968 744 3032 οὐ
775 2970 857 3053 πρὸς
888 2970 948 3032 τὸν
976 2966 1148 3054 ὑμέτερον·

141 3075 296 3142 ἁπάντων
318 3077 384 3161 γάρ
405 3076 608 3159 κυριώτατον
632 3072 714 3160 ᾤετο
738 3075 809 3138 δεῖν
831 3069 918 3139 εἶναι
940 3075 977 3138 τὸ
997 3074 1148 3156 δικαστη-

141 3206 226 3267 ριον,
249 3178 304 3247 καὶ
327 3180 345 3246 δ
367 3203 399 3244 τι
422 3183 530 3264 γνοίη,
554 3188 652 3244 τοῦτο
670 3179 808 3263 πάσχειν
827 3181 885 3244 τὸν
904 3179 1032 3244 ἁλόντα.
1071 3179 1149 3244 ἀνα-

140 3285 302 3370 γνώσεται
330 3282 361 3351 δ’
387 3285 467 3368 ὑμῖν
495 3285 599 3350 αὐτοῦ
625 3284 748 3348 τούτου
770 3283 866 3350 ἕνεκα
888 3285 947 3349 τὸν
969 3294 1036 3348 τῶν
1058 3283 1144 3364 ῆλια·
1172 3343 1173 3346 ,

141 3405 229 3459 στῶν
254 3393 363 3476 ὅρκον.
401 3388 474 3474 λέγε
498 3390 548 3455 σύ.
