2612 3918
193 143 238 208 90
508 149 580 202 m
603 149 884 204 οεοιοεοεαουε

141 319 179 360 11²
194 307 448 388 συλληψεσθεςίί
478 305 535 374 καί
566 305 656 374 ταῦτ’
688 303 773 392 ἔλεγ’
802 308 823 394 ἡ
853 311 955 395 μιαρὰ
982 308 1037 377 καί
1064 310 1204 396 ἀναιδὴς

194 409 278 495 αὕτη
296 413 434 495 κεφαλή,
458 411 664 497 ἐξεληλυθὼς
682 423 722 501 τῇ
740 419 920 502 προτεραίᾳ
937 411 1014 501 παρ’
1034 413 1204 502 Ἀριστόρ-

192 538 270 600 χον,
297 514 351 582 καὶ
378 518 547 603 χρώμενος
573 519 683 605 ὥσπερ
705 518 748 585 όν
771 521 870 596 ύλλος
892 544 942 598 τις
964 521 1053 610 αύτῷ
1076 525 1116 590 τὰ
1137 525 1202 608 πρὸ

192 623 329 706 τούτου,
357 621 427 706 καί,
451 618 499 688 ὅτ’
524 623 674 710 ηὐτύχει,
697 630 832 691 πλείστα
855 629 1099 712 παρεσχηκότος
1120 629 1202 694 ποίν-

192 750 260 793 των
277 727 407 794 ἐκείνου
425 729 601 814 πράγματα
618 753 675 814 μοι
693 727 769 814 περὶ
786 742 854 796 τῶν
871 734 954 815 πρὸς
966 741 1087 798 τοῦτον
1100 733 1203 800 ἀπαλ-

193 837 311 917 λαγῶν.
348 835 381 899 εἰ
401 831 464 918 μὲν
486 829 549 900 οὖν
571 835 748 919 εἰργάσθαι
770 859 803 902 τι
825 837 954 905 τούτων
976 835 1030 923 ἐφ’
1052 829 1103 917 οἷς
1123 839 1203 905 ιἰπό-

192 943 299 1005 λωλεν
316 938 501 1024 ἡγούμενος
518 941 578 1006 τὸν
593 938 806 1026 Ἀρίσταρχον
824 939 879 1009 καί
897 945 1121 1021 πεπιστευκὼς
1132 955 1203 1022 τοῖς

192 1055 260 1109 τῶν
282 1043 524 1130 αἰτιασαμένων
547 1048 659 1129 λόγοις
681 1041 773 1113 ταῦτ’
794 1050 917 1131 ἔλεγεν,
939 1056 1024 1134 χρῆν
1046 1045 1107 1133 μὲν
1124 1045 1200 1116 οὐδ’

140 1163 179 1206 11⁸
193 1149 294 1214 οὕτω·
317 1154 432 1236 μετρία
454 1151 518 1236 γὰρ
541 1152 616 1236 όίκη
639 1148 727 1238 παρὰ
749 1163 817 1218 τῶν
840 1155 949 1236 φίλων
971 1152 1074 1238 ἐστὶν,
1096 1156 1139 1220 ἄν
1162 1166 1250 1220 τιοττ

193 1255 316 1320 δοκῶσι
342 1255 554 1339 πεποιηκέναι
578 1258 705 1341 δεινόν,
733 1257 848 1342 μηκέτι
869 1268 928 1343 της
949 1264 1066 1343 λοιπῆς
1088 1263 1202 1344 φιλίας

192 1371 382 1446 κοινωνεῖν,
409 1363 447 1427 τὸ
475 1358 512 1426 δὲ
539 1369 757 1448 τιμωρεῖσθαι
784 1361 840 1431 καί
867 1362 1028 1444 ἐπεξιέναι
1054 1375 1123 1442 τοῖς
1145 1388 1201 1431 πε-

192 1469 337 1533 πονθόσι
359 1465 415 1532 καί
436 1479 507 1544 τοῖς
529 1467 664 1553 ἐχθροῖς
685 1473 933 1554 παραλείπεται·
957 1470 1045 1554 ὅμως
1064 1468 1094 1535 θ’
1116 1472 1201 1538 ἐστω

193 1573 297 1661 τούτφ
320 1595 357 1656 γε
381 1574 569 1659 συγγνώμη.
606 1575 638 1639 εἰ
659 1569 696 1640 δέ
719 1579 830 1640 λαλῶν
852 1572 914 1659 μέν
936 1573 991 1642 καί
1012 1575 1202 1660 ὁμωρόφιος

191 1681 387 1763 γιγνόμενος
410 1679 454 1757 ὡς
476 1676 577 1745 ούθέν
599 1679 803 1769 εἰργασμένῳ
822 1682 1015 1766 φανήσεται,
1039 1679 1144 1764 λέγων
1164 1679 1202 1748 δὲ

192 1782 246 1850 καὶ
273 1786 528 1870 καταιτιώμενος
549 1779 648 1851 ταῦθ’
674 1785 784 1851 εἵνεκα
805 1795 866 1852 τοῦ
889 1798 1111 1870 συκοφαντεῖν
1133 1786 1201 1872 ἐμέ,

191 1902 260 1968 πῶς
283 1890 325 1956 ού
348 1891 488 1973 δεκάκις,
511 1894 639 1975 μᾶλλον
663 1888 700 1956 θλ
717 1892 870 1977 μυριάκις
888 1893 1016 1969 όίκαιός
1034 1886 1099 1958 ἐστ’
1121 1892 1201 1960 ἀπο-

141 2009 178 2050 un
192 1996 347 2074 λωλέναις
372 1994 455 2061 ἀλλὰ
477 1997 543 2080 μην
566 1996 611 2074 ότς
633 1996 742 2082 ἀληθῆ
766 1996 850 2080 λε’γω
873 1995 929 2063 καὶ
950 2006 991 2083 τη
1011 2002 1201 2086 προτεραίᾳ,

192 2102 245 2167 ὅτε
271 2099 361 2166 ταῦτ’
389 2099 488 2184 ἔλεγ’,
516 2103 725 2186 εἰσεληλύθει
747 2100 803 2168 καλ
827 2099 975 2168 διείλεκτ’
1003 2103 1133 2192 ἐκείνφ,
1160 2114 1201 2190 τῇ

192 2204 223 2272 δ’
249 2207 406 2294 ὑστεραίᾳ
433 2208 533 2272 πόλιν
561 2208 673 2286 (τοῦτο
701 2209 781 2292 γὰρ,
807 2205 896 2273 τοῦτ’
923 2207 985 2273 οὐκ
1009 2211 1087 2293 ἐχον
1110 2209 1201 2276 ἐστὶν

191 2313 381 2396 ὑπερβολὴν
416 2312 622 2398 ἀκαθαρσίας
658 2315 777 2398 ἄνδρες
814 2309 1002 2402 Ἀθηναῖοι)
1039 2316 1201 2380 εἰσελθὼν

192 2415 298 2484 οἴκοθ’
321 2418 365 2495 ότς
388 2417 516 2484 ἐκείνου
533 2416 588 2483 καὶ
607 2418 724 2502 ἐφεξῆς
745 2416 868 2484 οὑτωσί
885 2422 1116 2502 καθεζόμενος,
1139 2422 1202 2505 την

192 2524 305 2602 δεξιὰν
330 2524 496 2608 ἐμβαλών,
525 2526 700 2607 παρόντων
723 2529 871 2607 πολλῶν,
898 2525 978 2609 μετὰ
1000 2526 1079 2601 τοὺς
1101 2523 1138 2591 ἐν
1160 2535 1200 2611 τῇ

192 2631 296 2714 βουλῇ
323 2631 462 2706 τούτους
488 2632 624 2713 λόγους,
653 2630 689 2694 ἐν
717 2621 767 2706 οἷς
794 2629 970 2714 αὐτόχειρα
993 2628 1111 2698 καὶτὰ
1134 2633 1200 2698 θεν·

191 2729 300 2801 νότατ’
321 2737 444 2818 εἰρηκει
467 2737 525 2801 τὸν
545 2730 770 2820 Ἀρίσταρχον,
793 2736 926 2818 ὤμνυεν
947 2733 1008 2819 μέν
1030 2734 1099 2802 κατ’
1123 2736 1200 2815 ἐξω-

191 2846 280 2917 λείας
302 2837 407 2926 μηόέν
429 2840 592 2925 εἰρηκέναι
617 2839 688 2906 κατ’
710 2840 815 2906 αὐτοῦ
836 2845 999 2928 φλαῦρον,
1023 2838 1079 2907 καλ
1098 2840 1199 2908 οὐδὲν

191 2941 355 3032 ἐφρόντιζ’
381 2946 560 3031 ἐπιορκῶν,
587 2945 643 3012 καί
670 2956 772 3012 ταῦτα
798 2949 973 3032 παρόντων
995 2957 1063 3012 τῶν
1090 2965 1200 3013 συνει-

192 3055 311 3138 θότων,
334 3053 429 3137 ηξίου
452 3049 489 3118 δὲ
511 3050 566 3118 καὶ
588 3054 671 3135 πρὸς
693 3050 742 3137 ἔμ’
764 3053 853 3141 αὐτῷ
877 3049 920 3118 δι’
943 3053 1074 3119 ἐκείνου
1091 3057 1199 3137 γίγνε-

191 3167 273 3226 σθαι
295 3161 354 3237 τὰς
377 3159 553 3240 διαλύσεις,
576 3159 705 3224 τούτων
726 3160 805 3235 τούς
826 3161 991 3243 παρόντας
1010 3158 1091 3244 ὑμῖν
1109 3166 1200 3226 καλῶ

140 3284 178 3323 12⁰
191 3269 367 3353 μάρτυρας.
406 3269 512 3331 καίτοι
534 3277 604 3342 πῶς
625 3265 667 3330 οὐ
691 3265 804 3330 δεινὸν
827 3259 853 3330 ὦ
876 3265 995 3350 ἄνδρες
1014 3261 1198 3347 Ἀθηναῖοι,

192 3377 317 3456 μᾶλλον
335 3366 367 3437 θ’
389 3371 514 3456 ἀσεβές,
537 3370 645 3454 λέγειν
664 3370 708 3447 ὡς
726 3371 860 3455 φονεύς,
882 3368 937 3436 καί
954 3371 1055 3435 πόλιν
1074 3369 1119 3447 ὡς
1137 3371 1198 3436 ούκ

191 3483 300 3559 εἰρηκε
331 3475 423 3542 ταῦτ’
460 3477 663 3562 ἀπομνύναι,
694 3474 750 3542 καί
782 3479 890 3560 φόνον
921 3472 981 3560 μὲν
1013 3475 1197 3558 ὀνειδίζειν,
