2612 3918
503 147 597 198 RATA
615 146 777 198 ΜΕΙΔΙΟΤ.
1101 145 1143 208 97

138 308 246 388 λόγος,
273 309 329 388 ,,τί
350 306 392 390 δή
414 307 455 370 τά
477 304 533 372 καῖ
555 306 594 371 τά
617 307 793 382 πεπονθὼς
816 305 834 371 ὑ
857 305 940 371 δεῖν’
967 307 1028 373 οὐκ
1051 306 1146 392 ἐλάμ-

137 414 241 494 βανεν
264 412 361 496 δίκην
382 407 459 496 παρ’
486 411 604 496 έμοῦ;“
627 411 648 496 ή
672 415 729 494 ,,τί
745 413 810 496 δή“
829 413 928 478 πάλιν
947 413 1048 478 άλλον
1067 418 1146 490 ἴσως

137 518 212 581 τινὰ
238 528 306 582 τῶν
334 517 542 602 ἠδικημένων
569 519 747 602 ὀνομάζων.
793 518 856 602 έγὼ
886 515 923 585 δέ
952 517 995 583 δι’
1023 516 1061 595 ἃς
1085 515 1146 602 μὲν

10 651 11 700 ff
136 623 320 708 προφάσεις
342 622 476 700 ἕκαστος
499 623 675 707 ἀφίσταται
697 634 758 691 τοῦ
781 629 922 708 βοηθεῖν
943 623 1042 712 αὑτῷ,
1065 625 1146 690 πάν-

137 751 195 806 τας
218 729 302 813 ὑμᾶς
325 729 447 795 εἰδέναι
470 733 606 814 νομίζω·
642 729 697 796 καὶ
720 731 783 815 γάρ
807 730 944 815 ἀσχολία
966 728 1021 796 καὶ
1045 730 1146 815 ἀπρα-

137 835 287 919 γμοσύνη
315 834 370 901 καὶ
397 838 434 901 τὸ
462 838 507 920 μή
536 837 704 903 δύνασθαι
731 835 839 920 λέγειν
866 835 921 902 καῖ
950 837 1070 921 ἀπορία
1092 834 1145 902 καὶ

84 957 123 998 142
138 939 229 1026 μυρί’
257 941 346 1008 έστὶν
374 948 476 1008 οιίτια·
507 945 686 1027 προσήκειν
713 942 834 1027 μέντοι
848 944 954 1032 τούτῳ
977 943 1021 1028 μή
1044 952 1146 1010 ταῦτα

138 1048 246 1130 λέγειν
270 1048 414 1133 ἡγοῦμαι
436 1053 530 1132 νυνί,
559 1047 630 1115 ἀλλ’
657 1049 701 1126 ὡς
724 1050 765 1115 οὐ
787 1047 946 1134 πεποίηκέ
966 1075 996 1114 τι
1019 1050 1146 1115 τούτων

140 1146 186 1218 ὧν
213 1153 316 1220 αὐτοῦ
343 1158 550 1240 κατηγόρηκα
574 1156 758 1239 διδάσκειν,
786 1155 844 1221 έδν
869 1151 905 1220 δέ
928 1156 972 1239 μή
996 1156 1146 1238 δύνηται,

140 1262 194 1326 διά
222 1258 313 1326 ταῦτ’
340 1259 545 1327 ἀπολωλέναι
569 1264 656 1326 πολὺ
678 1266 814 1346 μᾶλλον.
859 1263 891 1327 εί
910 1263 974 1346 γὰρ
996 1266 1145 1346 τηλικοῦ-

10 1397 12 1424 ι
138 1369 193 1444 τίς
215 1369 264 1444 τίς
287 1365 386 1449 ἐστιν,
410 1367 492 1432 ὥστε
515 1377 651 1434 τοιαῦτα
673 1378 778 1434 ποιῶν
801 1368 970 1433 δύνασθαι
991 1365 1068 1433 καθ’
1095 1365 1142 1433 ἕν’

138 1473 231 1557 ήμῶν
249 1471 386 1539 ἕκαστον
405 1471 599 1558 ἀποστερεῖν
617 1483 677 1540 τοῦ
697 1474 789 1558 δίκης
803 1468 880 1558 παρ’
899 1473 1001 1540 αὑτοῦ
1015 1485 1136 1558 τυχεῖν,
1147 1485 1194 1536 οῖ]

138 1589 233 1665 κοινή
264 1589 343 1661 νῦν,
377 1579 551 1663 ἐπειδήπερ
579 1584 743 1664 εἴληπται,
776 1589 876 1645 πᾶσιν
902 1575 985 1665 ὑπὲρ
1013 1580 1146 1645 πάντων

137 1685 351 1772 τιμωρητέος,
375 1687 416 1763 ὡς
439 1687 550 1762 κοινὸς
575 1685 694 1771 ἐχθρὸς
716 1695 755 1771 τῇ
779 1689 934 1772 πολιτεία.

87 1806 126 1848 1⁴⁸
226 1791 365 1875 Λέγεται
391 1796 509 1858 τοίνυν
536 1790 608 1859 ποτ’
640 1792 676 1858 έν
703 1801 742 1878 τῇ
770 1795 863 1858 πόλει
890 1794 972 1858 κατὰ
998 1796 1059 1877 τήν
1086 1815 1145 1860 πα-

139 1900 235 1965 λαιὰν
267 1898 396 1983 έκείνην
428 1899 645 1983 εὐδαιμονίαν
674 1897 882 1984 Ἀλκιβιάδης
913 1898 1085 1984 γενέσθαι,
1119 1891 1145 1988 ᾧ

138 2004 306 2084 σκέψασθε
339 2008 441 2070 τίνων
475 2005 692 2090 ὑπαρχόντων
723 2004 779 2072 καὶ
805 2008 911 2071 ποίων
936 2017 1038 2072 τινῶν
1064 2007 1146 2093 πρὸς

138 2113 197 2176 τὸν
220 2112 340 2195 δῆμον,
365 2123 434 2188 πῶς
457 2107 636 2196 ἐχρήσανθ’
663 2111 758 2196 ὑμῶν
781 2113 816 2178 οί
837 2114 1010 2195 πρόγονοι,
1034 2111 1145 2196 ἐπειδή

138 2219 298 2302 βδελυρὸς
320 2215 375 2282 καῖ
397 2217 555 2301 ὑβριστής
578 2216 660 2304 ᾤετο
684 2218 755 2282 δεῖν
774 2213 867 2282 εἶναι.
904 2216 958 2281 καὶ
977 2218 1038 2284 οὐκ
1057 2217 1145 2282 άπει-

137 2325 235 2389 κάσαι
267 2325 374 2406 δήπου
402 2324 548 2388 Μειδίαν
577 2318 765 2409 Ἀλκιβιάδῃ
797 2325 1000 2407 βουλόμενος
1024 2325 1145 2390 τούτου

138 2430 302 2515 μέμνημαι
325 2440 385 2496 τοῦ
408 2432 522 2512 λόγου,
545 2429 606 2515 οὐχ
625 2429 730 2506 οὑτως
749 2424 814 2512 εἴμ’
836 2431 952 2512 άφρων
971 2426 1043 2494 οὐδ’
1066 2429 1144 2494 ἀπό-

137 2542 278 2620 πληκτος
306 2535 385 2617 ἐγώ,
415 2533 486 2600 ἀλλ’
513 2531 556 2599 ἵν’
585 2535 675 2618 ῖδητε
705 2535 823 2619 [ὑμεῖς]
853 2529 878 2599 ὦ
905 2535 1024 2619 ἄνδρες
1046 2533 1143 2619 Ἀθη-

138 2654 226 2709 ναῖοι
253 2639 308 2707 καὶ
334 2639 440 2724 γνῶθ’
467 2642 517 2706 ὅτι
543 2637 643 2706 οὐδὲν
666 2638 735 2706 οὔτ’
763 2643 851 2704 ἔστιν
875 2639 945 2707 οὔτ’
972 2643 1076 2724 ἔσται,
1104 2643 1144 2708 οὑ

138 2749 245 2832 γένος,
263 2747 304 2813 οὑ
322 2752 473 2829 πλοῦτος,
493 2746 533 2812 οὑ
552 2747 701 2831 δύναμις,
721 2746 739 2811 ὅ
754 2769 786 2810 τι
805 2758 873 2823 τοῖς
891 2751 1026 2824 πολλοῖς
1039 2748 1143 2832 ὑμῶν,

88 2870 124 2910 ¹4⁴
139 2853 180 2920 δν
202 2854 299 2936 ὑβρις
321 2862 438 2938 προσῇ,
462 2855 620 2937 προσήκει
644 2851 767 2937 φέρειν.
808 2852 931 2930 έκεῖνος
954 2855 1016 2937 γάρ
1040 2848 1065 2918 ὦ
1088 2855 1144 2918 άν-

139 2962 215 3046 δρες
235 2954 406 3043 Ἀθηναῖοι
429 2957 556 3042 λέγεται
574 2957 657 3041 πρὸς
675 2959 797 3043 πατρὸς
815 2955 876 3043 μέν
896 2956 1144 3041 Ἀλκμεωνιδῶν

139 3063 225 3132 εἶναι
252 3065 403 3151 (τούτους
430 3063 469 3130 δέ
495 3062 575 3149 φατ’
601 3063 666 3130 ὑπὸ
693 3075 760 3130 τῶν
782 3065 957 3150 τυράννων
979 3062 1062 3150 ὑπὲρ
1084 3075 1144 3133 τοῦ

140 3175 247 3256 δήμου
270 3172 501 3250 στασιάζοντας
525 3170 683 3252 έκπεοεῖν,
710 3170 764 3236 καὶ
787 3169 1046 3256 δανεισαμένους
1066 3175 1143 3258 χρή-

140 3274 211 3362 ματ’
233 3278 268 3343 έκ
287 3283 431 3360 Δελφῶν
454 3276 676 3360 ἐλευθερῶσαι
699 3278 759 3361 τήν
781 3279 880 3342 πόλιν
897 3275 951 3343 καὶ
969 3281 1047 3354 τοὺς
1066 3283 1143 3344 Πει-

141 3385 318 3468 σιστράτου
336 3384 455 3459 παῖδας
474 3382 647 3470 ἐκβαλεῖν),
666 3385 748 3466 πρὸς
766 3379 803 3448 δέ
820 3384 941 3468 μητρὸς
954 3379 1144 3451 Ἱππονίκου

141 3489 194 3556 καὶ
220 3491 339 3573 ταύτης
366 3491 408 3574 δή
431 3498 487 3572 τῆς
510 3491 628 3568 οίκιάς,
656 3483 695 3572 ής
717 3489 925 3574 ὑπάρχουσιν
947 3489 1066 3556 πολλοὶ
1088 3491 1140 3556 καὶ

195 3609 214 3644 υ
214 3612 316 3645 ιιιιιιι
337 3603 387 3646 Vol.
400 3604 430 3644 11.
969 3600 983 3648 λ
