2614 3904
511 141 610 194 ΠΡΟΣ
628 141 786 194 ΑΦΟΒΟΝ.
1084 139 1150 203 345

9 361 10 374 ,
138 298 259 384 μένους
286 301 347 386 χρὴ
376 303 585 384 ποιήσασθαί
607 297 671 366 τιν’
698 300 791 385 ἡμῶν
814 303 993 385 πρόνοιαν,
1020 301 1151 378 εἰδότας

139 407 189 472 ὅτι
212 407 276 490 ἐγὼ
299 402 361 490 μέν
384 405 552 490 τάμαυτοῦ
575 403 619 472 δι’
643 406 739 491 ὑμῶν
761 407 992 491 κομισάμενος,
1015 407 1149 483 εἰκότως

138 518 335 598 λῃτουργεῖν
357 511 518 596 ἐθελήσω,
540 513 675 598 χάριτας
698 511 843 596 ὀφείλων
866 512 917 577 ὅτι
939 535 996 597 μοι
1015 512 1150 588 δικαίως

138 616 275 684 άπέδοτε
293 619 355 701 τὴν
374 617 503 700 οὐσίαν,
526 611 624 696 οὗτος
643 615 688 701 δ’,
709 616 767 683 ἐάν
787 617 889 684 αὐτὸν
906 620 1064 702 ποιήσητε
1081 627 1150 682 τῶν

136 723 226 809 ἐμῶν
248 725 377 808 κύριον,
401 717 501 788 οὐδέν
523 725 654 807 ποιήσει
676 733 838 789 τοιοῦτον.
882 723 926 808 μὴ
949 723 1013 806 γάρ
1037 715 1145 789 oleo-Y

138 830 251 913 αὐτόν,
272 826 357 914 ὑπὲρ
380 822 428 894 ὧν
450 829 591 914 ἤρνηται
609 829 653 914 μη
673 832 798 912 λαβεῖν,
821 824 904 914 ὑπέρ
922 828 1051 894 τούτων
1068 827 1149 912 ὑμῖν

138 943 334 1023 λῃτουργεῖν
357 934 541 1018 ἐθελήσειν,
564 932 635 1000 ἀλλ’
659 935 913 1020 ἀποκρύψεσθαι
931 939 1068 1019 μᾶλλον,
1092 933 1149 1000 ἵνα

140 1044 273 1119 δικαίως
296 1038 561 1125 ἀποπεφευγέναι
585 1042 676 1126 δοκῇ.

581 1464 700 1530 XXIX.

265 1621 406 1699 ΠΡΟΣ
432 1621 649 1698 ΑΦΟΒΟΝ
674 1624 815 1698 ΥΠΕΡ
842 1622 1021 1699 ΦΑΝΟΤ

397 1739 888 1816 ²PETAOMAP'PFPISZN.

543 1913 744 1969 ΤΠΟΘΕΣΙΣ.

227 2025 409 2108 Κρινόμενος
427 2034 480 2106 της
497 2024 656 2107 ἐπιτροπῆς
670 2021 815 2108 Ἄφοβος,
837 2021 930 2113 ἐξῄτει
947 2025 1026 2107 παρὰ
1045 2031 1147 2106 Δημο-

139 2122 269 2198 σθένους
291 2124 417 2185 Μιλύαν
443 2122 486 2195 εἰς
512 2122 661 2203 βάσανον,
688 2121 774 2197 εἰδὼς
797 2121 834 2185 ού
858 2122 1073 2203 δοθησόμενον.
1110 2123 1148 2186 ού

137 2221 193 2306 γὰρ
216 2220 317 2284 ἐδίδου
339 2217 554 2300 Δημοσθένης,
581 2219 707 2298 φάσκον
734 2218 790 2282 ούκ
818 2218 949 2298 οἰκέτην,
976 2214 1038 2280 ἀλλ’
1067 2219 1148 2282 ἐλεύ-

139 2325 232 2400 θερον
258 2311 335 2378 εἶναι
361 2315 414 2378 τὸν
436 2316 577 2395 Μιλύαν,
603 2310 841 2398 ἐλεοθεροοθένθ’
866 2315 924 2378 ύπδ
952 2325 1005 2379 τοῦ
1027 2316 1149 2398 πατρὸς,

140 2409 182 2477 ὅτ’
210 2412 354 2492 ἐτελεύτα,
380 2411 431 2473 καί
458 2412 500 2485 εἰς
527 2413 633 2476 τούτου
660 2399 760 2474 Ιπίστιν
787 2411 859 2474 άλλα
885 2435 915 2475 τε
941 2414 1149 2496 παρεχόμενος,

138 2509 189 2574 καί
211 2508 249 2588 δη
271 2506 322 2569 καί
345 2507 507 2589 μαρτυρίαν
529 2508 643 2589 Φάνου,
666 2505 700 2583 ὃς
723 2508 903 2592 ἐμαρτύρησε
923 2510 998 2594 πρὸς
1015 2513 1085 2585 τούς
1103 2513 1149 2574 δν-

138 2606 261 2684 καστάς,
288 2604 412 2683 φάσκων
439 2601 658 2685 ὡμολογηκέναι
676 2603 813 2688 ’Ἆφοβον
840 2606 888 2670 ἐπὶ
910 2617 962 2670 τοῦ
986 2608 1148 2690 διαιτητοῦ,

111 2705 297 2784 λέλεύθερον
319 2693 396 2762 εἶναι
414 2701 548 2762 Μιλύαν.
584 2699 674 2776 άλούς
697 2703 735 2782 δὴ
758 2713 810 2784 της
831 2703 989 2787 ἐπιτροπῆς
1003 2701 1149 2787 Ἄφοβος,

138 2802 404 2882 ψευδομαρτυριῶν
425 2798 516 2884 Φάνφ
540 2798 695 2877 δικάζεται,
717 2797 791 2878 ύπέρ
810 2793 847 2862 ού
866 2811 972 2863 τοῦτον
990 2801 1042 2864 τὸν
1059 2802 1148 2886 λόγον

139 2897 155 2962 δ
179 2894 378 2979 Δημοσθένης
400 2893 485 2976 λέγει,
507 2894 558 2957 καλ
576 2894 693 2977 τάληθῆ
712 2897 836 2975 φάσκων
854 2897 946 2960 αύτδν
965 2921 1148 2981 μεμαρτυρη-

137 2996 236 3074 κέναι,
264 2992 315 3055 καλ
340 2991 414 3074 πρὸς
441 2993 534 3079 τούτῳ
563 2992 682 3076 δεικνὺς
708 2991 749 3067 ὣς
776 2991 866 3057 ούδέν
893 2993 925 3057 ἐκ
952 2997 1059 3076 ταύτης
1086 3006 1199 3077 τῆςείς

139 3092 299 3174 μαρτυρίας
313 3087 447 3170 ’Ἀφοβος
470 3087 593 3170 ἐβλάβη,
615 3087 688 3150 ἀλλὰ
710 3084 751 3152 δι’
771 3089 888 3172 ἐτέρους
909 3091 971 3172 ἧλοι
989 3092 1148 3175 μάρτυρας,

139 3185 184 3264 οἷς
207 3188 263 3252 ούκ
285 3187 524 3267 ἐπισκηψάμενος
547 3185 635 3266 δῆλός
657 3186 735 3249 ἐστιν
757 3185 916 3268 ἠδικηκώς.

229 3380 274 3444 El
296 3378 340 3462 μη
363 3378 525 3461 πρότερόν
547 3399 605 3461 μοι
627 3378 722 3460 δίκης
743 3376 924 3463 γενομένης
945 3378 1027 3462 πρὸς
1045 3377 1146 3462 ''Arpo-
1297 3469 1298 3472 Ἴ

140 3489 204 3569 βον
227 3480 253 3550 ὦ
275 3484 395 3567 άνδρες
413 3482 575 3567 δικασταί,
598 3481 757 3570 συνῄδειν
775 3489 886 3573 πολλῷ
905 3484 1033 3549 τούτων
1050 3485 1147 3567 μείζω
1224 3483 1298 3862 Δ
