2590 3900
451 182 545 232 xm
563 181 829 236 τιαοαεεεοεε.
1078 181 1143 247 241

135 336 209 404 οὐδ’
232 337 508 424 ἀποκρυψάμενος
527 343 693 425 πεποίηκε,
718 343 847 426 γράψας
864 344 1049 429 ’διαρρήδην
1068 340 1145 426 ,καὶ
1235 414 1237 418 ,

134 450 170 509 εί
197 467 262 509 τινι
293 456 361 510 τῶν
393 446 597 529 ὀφειλόντων
627 455 672 535 τῷ
708 449 856 537 δημοσίῳ
892 451 1145 534 προστετίμηται

134 551 217 616 κατὰ
236 552 342 634 νόμον
360 550 381 635 ἠ
400 553 481 618 κατὰ
498 555 653 637 ψήφισμα
672 554 796 637 δεσμοῦ
814 552 835 638 ἠ
853 555 890 620 τὸ
911 555 1027 620 λοιπὸν
1044 570 1146 638 προσ·

90 677 119 718 τε
133 657 292 741 τιμηθήίί.
338 655 413 742 περὶ
438 653 499 742 μὲν
526 659 567 742 δή
593 670 661 726 τῶν
688 663 876 743 μελλόντων
903 665 937 726 εί
959 684 991 726 τι
1015 661 1145 725 δίκαιον

134 763 265 828 ἔπεισεν
286 761 387 846 ὑμᾶς,
411 762 472 829 οὐκ
495 762 537 829 διν
559 764 678 846 ἠδίιιει·
704 764 780 851 περὶ
804 763 835 830 δ’
861 759 909 831 ὧν
933 767 1146 850 δικαστήριον

134 869 258 950 ἔγνωκε
285 866 341 933 καὶ
367 867 461 946 τέλος
488 872 619 953 ἔσχηκε,
646 881 716 947 πῶς
741 871 782 936 οὐ
806 873 899 937 δεινά
921 883 1011 938 ποιεῖ
1031 874 1137 956 νόμον
1147 881 1199 932 ‘124

134 972 301 1058 εἰσφέρων
329 968 372 1039 δι’
403 970 445 1040 οὗ
471 985 574 1040 ταῦτα
601 980 798 1059 λυθήσεται;
833 978 943 1063 ὥσπερ
970 975 1013 1042 άν
1040 983 1074 1043 εί
1096 999 1147 1053 τις

64 1153 66 1156 ,
135 1079 234 1156 ἐάσας
256 1081 374 1163 κύριον
394 1082 453 1146 τὸν
471 1083 593 1148 τούτου
611 1081 770 1164 γενέσθαι
787 1084 903 1166 νόμον,
927 1079 1058 1167 γράψει’
1080 1081 1147 1148 ἕτε-

136 1209 198 1271 ρον
220 1187 351 1252 τοιόνδε
374 1185 450 1270 ,μιαί
474 1193 509 1252 εί
526 1211 623 1270 τινες,
647 1187 836 1271 ὠφληκότες
854 1191 1002 1274 χρήματα
1020 1186 1075 1255 καὶ
1094 1190 1146 1254 δε-

135 1301 223 1376 σμοῦ
253 1291 555 1375 προστετιμημένον
586 1290 715 1375 αὐτοῖς,
752 1291 912 1375 ἐγγυητάς
942 1293 1146 1377 κατέστησαν

134 1399 217 1464 κατὰ
239 1399 298 1463 τὸν
320 1399 437 1481 νόμον,
460 1398 505 1480 μή
525 1392 610 1462 εἶναι
628 1397 689 1480 τήν
708 1398 902 1482 διεγγύησιν
920 1398 1044 1481 αὐτοῖς,
1062 1395 1146 1483 μηδὲ

92 1525 120 1564 τι
135 1504 172 1568 τὸ
201 1504 319 1568 λοιπὸν
347 1501 505 1584 ἐξεγγυᾶν
527 1501 685 1586 μηδένα“.
730 1501 801 1568 ἀλλ’
829 1504 905 1570 οὔτε
927 1511 1030 1569 ταῦτα
1051 1507 1146 1588 ποιή-

135 1626 225 1674 σειεν
252 1606 294 1674 διν
322 1607 433 1684 οὐδεὶς
459 1607 621 1690 ὑγιαίνων
649 1604 755 1692 οἶμαι,
788 1610 832 1675 σύ
857 1605 886 1673 τ’
918 1609 1027 1675 ἐκεῖνα
1054 1611 1146 1677 λύων

136 1715 267 1798 ἠδίκεις.
305 1723 389 1799 χρήν
411 1715 475 1797 γὰρ
503 1713 622 1797 αὐτὸν,
650 1716 682 1779 εί
706 1715 744 1780 τὸ
772 1710 894 1801 πρᾶγμ’
921 1713 1069 1800 ἐνόμιζεν
1097 1717 1146 1782 δί-

133 1844 247 1903 καιον,
274 1819 328 1886 ἐπὶ
354 1830 424 1897 τοίς
450 1819 591 1903 ὕστερον
617 1819 851 1905 γενησομένοις
872 1827 985 1886 θεῖναι
1008 1823 1067 1887 τὸν
1089 1824 1145 1888 νό-

135 1949 210 2010 μον,
233 1925 289 1992 καὶ
311 1927 355 2011 μή
379 1920 609 2008 συνενεγκόντ’
630 1928 677 2003 είς
699 1927 821 1992 ταύτὸν
838 1927 879 1992 τά
897 1925 1059 2010 μέλλοντα
1076 1939 1146 2006 τοῖς

133 2034 406 2118 παρεληλυθόσιν
433 2029 488 2096 καὶ
515 2032 563 2096 τὰ,
583 2032 627 2116 μή
653 2034 738 2115 δῆλα
760 2043 830 2109 τοῖς
851 2043 1011 2117 φανεροῖς
1033 2033 1146 2116 άδική-

134 2155 247 2222 μασιν,
272 2133 332 2203 εἶτ’
360 2134 413 2202 ἐπὶ
434 2145 517 2202 πᾶσι
538 2138 663 2221 γράψαι
685 2139 747 2222 τήν
769 2138 874 2222 αὐτὴν
896 2139 1039 2223 γνώμην.
1078 2151 1147 2218 πῶς

133 2246 198 2330 γάρ
222 2242 263 2309 οὐ
286 2243 400 2308 δεινὸν
422 2254 489 2308 τῶν
509 2243 619 2310 αὐτῶν
637 2243 811 2328 ἠξιωκέναι
829 2246 967 2310 δικαίων
984 2248 1063 2322 τοὺς
1081 2245 1146 2325 ἐξε·

134 2348 357 2433 ληλεγμίνους
379 2346 577 2426 άδικοῦιπας
598 2350 660 2434 τήν
682 2351 781 2416 πόλιν
798 2352 972 2435 πρότερον,
993 2349 1147 2428 καὶτοὺς

135 2452 212 2539 μηδ’
240 2457 271 2520 εί
291 2458 429 2540 κρίσεως
451 2453 546 2532 άξιον
569 2454 769 2540 ἐργάσονταί
787 2479 819 2522 τι
842 2458 978 2540 δήλους;

93 2581 120 2622 τε
225 2558 293 2626 Καὶ
314 2562 381 2645 μήν
403 2559 560 2626 κάκεῖθεν
583 2562 651 2626 ίδοι
668 2585 718 2639 τις
735 2560 778 2627 άν
796 2562 841 2639 ὡς
860 2563 972 2628 δεινὸν
989 2565 1146 2647 πεποίηκε

132 2667 171 2732 τὸ
193 2672 307 2732 θεῖναι
329 2664 494 2752 περὶτῶν
516 2671 799 2750 παρεληλυθότων
821 2670 881 2735 τόν
902 2670 1019 2754 νόμον,
1043 2671 1074 2735 εί
1091 2674 1146 2736 λο-

132 2775 262 2856 γίσαιτο
289 2767 367 2858 παρ’
393 2771 482 2860 αὑτῷ
510 2775 547 2839 τί
569 2770 641 2838 ποτ’
669 2771 759 2840 ἐστὶν
781 2764 808 2862 ηδ
832 2776 933 2858 νόμος
956 2773 1147 2862 ὀλιγαρχίας

133 2877 296 2962 διαφέρει,
319 2877 375 2944 καί
397 2882 432 2943 τί
452 2880 494 2962 δή
517 2871 598 2944 ποθ’
620 2880 656 2945 οί
676 2875 737 2963 μὲν
756 2878 821 2944 ὑπὸ
840 2882 953 2966 νόμων
971 2879 1146 2960 ἐθέλοντες

131 2985 297 3068 ἄρχεσθαι
319 2985 491 3068 σώφρονες
513 2982 569 3049 καὶ
591 2983 728 3071 χρηστοὶ
751 2988 952 3070 νομίζονται,
976 2987 1012 3053 οί
1027 2982 1058 3053 δ’
1079 2987 1146 3054 ὑπὸ

92 3111 119 3152 τε
132 3102 201 3156 τῶν
227 3089 426 3174 ὀλιγαρχιῶν
453 3092 614 3175 άνανδροι
641 3089 698 3156 καί
725 3092 850 3157 δοῦλοι.
897 3092 989 3179 εὕροι
1016 3095 1080 3182 γάρ
1104 3093 1146 3168 ὀὶν

132 3197 178 3273 ὡς
201 3194 334 3278 άληθῶς
355 3203 454 3260 τοῦτο
476 3197 743 3281 προχειρότατον,
767 3196 906 3262 ὅτιτῶν
929 3193 990 3282 μὲν
1014 3197 1051 3264 έν
1074 3209 1146 3278 ταῖς

133 3302 338 3386 ὀλιγαρχίαις
359 3301 495 3378 ἕκαστος
518 3299 573 3366 καὶ
592 3303 632 3367 τίι
649 3300 863 3386 πεπραγμένα
880 3307 980 3369 λῦσαι
997 3301 1053 3370 καί
1070 3302 1146 3390 περὶ

132 3419 200 3474 τῶν
222 3411 412 3492 μελλόντων
435 3406 477 3472 δν
500 3407 588 3495 αὐτῷ
612 3409 694 3492 δοκῇ
711 3408 892 3490 προστάξαι
909 3410 1025 3493 κύριός
1044 3409 1144 3492 ἐστιν,

133 3515 170 3581 οί
198 3510 236 3579 δὲ
267 3516 366 3598 νόμοι
396 3511 472 3597 περὶ
500 3523 568 3578 τῶν
600 3515 789 3597 μελλόντων
821 3511 842 3580 δ
873 3515 935 3599 χρή
967 3517 1145 3597 γίγνεσθαι

186 3627 311 3670 numm.
328 3626 381 3668 τοι.
393 3627 425 3668 11.
950 3623 982 3671 16
