2612 3918
489 185 585 236 ΚΑΤΑ
602 184 763 235 ΜΕΙΔΙΟΤ,
1084 179 1126 243 99

124 346 221 418 οῦτος
241 342 379 420 οὐδενός
397 339 462 410 ἐστ’
486 344 585 426 όίξιος,
608 346 653 428 μή
671 347 706 408 τί
719 366 757 426 γε
776 353 842 407 τῶν
861 344 970 408 ἀλλων
989 340 1130 426 ἡγεμών.

125 446 207 512 ἀλλά
228 459 295 512 τῶν
318 449 440 531 λόγων·
464 448 501 514 ἐν
524 440 574 525 οἷς
596 457 692 532 κοινῇ
714 445 775 532 μέν
798 444 899 513 οὐδὲν
917 443 1040 513 πώποτ’
1062 441 1126 512 εἶπ’

11 551 12 556 ’
73 576 110 616 ιω
125 553 270 637 ἀγαθόν,
293 565 400 631 κακῶς
423 548 453 619 δ’
481 555 550 640 ίδίςι
572 555 696 631 πάντας
719 553 919 638 ἀνθρώπους
942 553 1038 636 λέγει.
1077 551 1131 635 γέ-

124 682 205 736 νους
223 660 332 726 εἵνεκα
349 661 390 744 νὴ
407 664 487 724 Δία·
507 658 562 726 καὶ
579 662 627 737 τίς
647 659 708 725 οὐκ
727 655 818 726 οἶδεν
835 660 930 744 ὑμῶν
948 661 1005 736 τδις
1023 659 1182 742 ἀπορ-ῦοο

125 767 255 850 ρήτους,
278 767 387 852 ὥσπερ
411 766 448 832 έν
470 768 648 854 τραγῳδίᾳ,
672 768 729 842 τολς
749 768 870 832 τούτου
888 767 1003 850 γονοίς;
1028 755 1054 852 ᾧ
1074 761 1127 830 δύ’

124 870 342 938 ἐναντιώτατα
371 872 576 957 συμβέβηκεν
605 867 733 954 [εἶναι]·
768 871 789 958 ἡ
817 869 877 957 μέν
904 872 968 956 γὰρ
991 871 1035 947 ὡς
1053 869 1131 953 ἀλη-

123 981 194 1054 θῶς
221 981 343 1062 μήτηρ,
370 977 390 1060 ἡ
418 975 548 1044 τεκοῦσ’
575 978 693 1061 αὐτόν,
720 983 876 1044 πλεῖστον
899 976 1052 1043 ἁπάντων
1075 974 1130 1040 ἀν-

124 1084 271 1167 θρώπων
298 1079 363 1169 εἶχε
391 1093 490 1168 νοῦν,
518 1083 538 1166 ἡ
567 1080 603 1150 δὲ
631 1085 775 1151 δοκοῦσα
803 1083 857 1150 καί
879 1082 1130 1168 ὑποβαλλομένη

124 1200 239 1255 πασῶν
265 1185 308 1272 ἦν
336 1188 538 1274 ἀνοητοτάτη
565 1201 743 1274 γυναικῶν.
788 1200 925 1275 σημείου
949 1189 999 1256 δέ·
1026 1189 1046 1272 ἡ
1070 1185 1130 1273 μὲν

124 1297 188 1379 γὰρ
211 1293 342 1363 ἀπέδοτ’
369 1295 473 1373 εὐθὺς
494 1298 687 1380 γενόμενον,
709 1296 730 1379 η
755 1293 786 1362 δ’
811 1296 885 1376 ἐξὸν
908 1295 990 1381 αὐτῇ
1013 1298 1129 1379 βελτίω

72 1425 111 1466 ιιο
124 1405 287 1486 πρίασθαι
313 1411 371 1486 τῆς
393 1401 493 1485 αὐτῆς
514 1411 609 1486 τιμῆς
631 1411 751 1469 τοῦτον
773 1402 946 1487 ἠγόρασεν.
989 1399 1044 1467 καὶ
1067 1402 1130 1485 γάρ

123 1531 175 1574 τοι
206 1509 262 1574 διὰ
293 1517 390 1574 τοῦτο
422 1519 489 1574 τῶν
521 1507 562 1574 οῦ
588 1510 824 1592 προσηκόντων
852 1508 990 1592 ἀγαθῶν
1016 1508 1131 1592 κύριος

123 1615 277 1698 γεγονώς,
297 1613 351 1681 καλ
367 1615 525 1699 πατρίδος
538 1615 720 1700 τετυχηκὼς
737 1614 758 1698 ἣ
777 1618 892 1699 νόμοις
909 1626 975 1680 τῶν
994 1612 1130 1680 ἁπασῶν

124 1722 252 1787 πόλεων
279 1717 407 1805 μάλιστ’
434 1722 599 1785 οίκεῦσθαι
622 1721 728 1803 δοκεῖ,
756 1718 866 1786 οὐδέν’
894 1716 985 1805 οἶμαι
1006 1722 1130 1805 τρόπον

125 1825 240 1912 φέρειν
271 1822 350 1892 οὐδὲ
381 1831 527 1910 χρῆσθαι
557 1826 687 1902 τούτοις
714 1827 868 1908 δύναται,
900 1825 982 1892 ἀλλὰ
1008 1827 1046 1891 τὸ
1072 1833 1130 1908 τῆς

125 1933 256 2017 φύσεως
279 1931 414 2015 ἀληθῶς
436 1931 606 2015 βόρβορον
629 1928 684 1997 καὶ
705 1937 800 2008 θεοῖς
822 1932 946 2016 ἐχθρὸν
967 1931 1053 1997 ἕλκει
1075 1930 1129 1996 καλ

124 2040 278 2123 βιάζεται,
297 2036 351 2104 καὶ
366 2039 513 2124 φανερὸν
531 2048 621 2102 ποιεῖ
637 2048 706 2114 τοῖς
723 2047 887 2124 παροῦσιν
905 2039 1015 2124 ὥσπερ
1034 2037 1129 2105 ἀλλο-

124 2149 243 2230 τρίοις,
266 2144 346 2230 ὅπερ
370 2147 474 2229 ἔστιν,
497 2144 600 2210 αὐτὸν
621 2144 802 2229 χρώμενον.

71 2271 110 2312 ιιι
216 2251 392 2317 Τοσούτων
415 2253 532 2316 τοίνυν
554 2248 609 2316 καί
630 2251 792 2316 τοιούτων
815 2253 921 2318 όντων
943 2249 965 2316 δ
986 2259 1031 2340 τῷ
1054 2251 1128 2334 βδε-

124 2359 214 2443 λυρῷ
231 2359 337 2447 τούτῳ
356 2355 411 2423 καί
429 2355 562 2422 ἀναιδεῖ
577 2359 742 2440 βεβίωται,
761 2359 848 2422 ένιοί
862 2380 919 2441 μοι
937 2359 1128 2442 προσιόντες

124 2459 150 2528 ὧ
172 2464 292 2549 ἀνδρες
315 2461 465 2529 δικασταὶ
486 2472 553 2528 τῶν
571 2461 750 2547 χρωμένων
768 2462 868 2550 αὐτῷ,
890 2473 1128 2548 παραινοῦντες

124 2569 350 2654 ἀπαλλαγῆναι
369 2568 423 2636 καί
436 2575 640 2653 καθυφεῖναι
653 2571 713 2635 τὸν
727 2569 839 2652 ἀγῶνα
853 2572 997 2652 τουτονί,
1015 2569 1127 2654 ἐπειδη

123 2700 162 2760 με
185 2677 229 2761 μὴ
252 2679 413 2760 πείθοιεν,
435 2675 481 2752 δις
502 2671 563 2758 μὲν
585 2675 625 2741 οὐ
643 2675 749 2741 πολλὰ
767 2672 822 2740 καὶ
841 2675 934 2740 δεινὰ
951 2678 1127 2761 πεποίηκεν

123 2782 252 2862 οὑτοσί,
279 2780 334 2848 καὶ
363 2783 459 2867 δίκην
482 2780 640 2865 ἡντινοῦν
663 2778 704 2844 ἀν
729 2781 803 2864 δοίη
828 2782 962 2858 δικαίως
983 2794 1051 2848 τῶν
1072 2805 1126 2848 πε·

122 2887 333 2980 πραγμένων,
361 2888 422 2955 οὐκ
448 2887 594 2971 ἐτόλμων
616 2885 739 2968 λέγειν,
768 2885 820 2952 έπὶ
842 2896 945 2953 ταῦτα
968 2886 999 2953 δ’
1026 2888 1127 2972 ἀπην-

122 3019 188 3060 των
215 2993 260 3072 ὡς
287 2995 440 3078 ,ἥλωκεν
466 2993 530 3078 ἤδη
558 2989 612 3058 καὶ
635 2995 887 3078 κατεψήφισται·
923 2997 1014 3072 τίνος
1035 2998 1127 3080 τιμη-

122 3118 194 3166 σειν
225 3101 314 3189 αὐτῷ
341 3101 529 3187 προσδοκᾷς
555 3100 592 3164 τὸ
622 3100 846 3183 δικαστήριονς
881 3098 941 3186 οὐχ
969 3100 1050 3188 δρᾷς
1076 3101 1126 3166 ὅτι

121 3212 256 3274 πλουτεῖ
281 3205 336 3274 καὶ
362 3208 572 3292 τριηραρχίας
599 3203 669 3289 έρεί
693 3203 747 3270 καὶ
774 3209 983 3290 λητουργίας;
1013 3209 1126 3272 σκόπει

122 3314 163 3398 δη
186 3315 230 3398 μη
252 3314 383 3390 τούτοις
405 3312 508 3377 αὑτὸν
530 3310 747 3394 ἐξαιτήσηται,
769 3309 824 3377 καὶ
842 3311 963 3376 ἐλάττω
983 3315 1069 3378 πολὺ
1086 3320 1125 3398 τῇ

72 3437 107 3478 ιω
120 3421 214 3485 πόλει
240 3416 396 3496 καταθεὶς
421 3415 442 3501 ἦ
471 3417 532 3482 ὅσα
559 3433 613 3482 σοι
641 3417 758 3482 δίδωσι
781 3417 1017 3502 καταγελάση.“
1062 3418 1125 3501 ἐγὼ

119 3523 157 3592 δὲ
187 3538 321 3609 πρῶτον
352 3521 413 3609 μέν
445 3520 545 3590 οὐδέν
575 3520 711 3607 ἀγεννὲς
737 3524 830 3609 ὑμῶν
859 3523 1125 3608 καταγιγνώσκω,

928 3629 964 3681 7*
