2590 3900
174 205 239 271 298
485 207 567 258 XXV.
590 204 871 259 ΔΗΜΟΣΘΕΝΟΤΣ

175 362 201 432 ὦ
228 375 270 450 γη
298 364 354 431 καὶ
380 364 471 449 θεολ,
501 359 623 451 πρᾶγμ’
654 365 849 432 ἀκούσεσθε.
895 366 948 431 ὅτε
976 365 1039 450 γάρ
1067 366 1105 432 τὸ
1133 366 1189 430 δε-

175 477 363 559 σμωτήριον
391 473 546 558 διορύξας
573 471 714 556 ἀπέδρα,
742 475 815 538 τότε
842 474 925 558 πρὸς
951 472 1094 555 γυναίιιά
1119 468 1185 536 τιν’

174 581 302 663 ἔρχεται
325 580 459 663 Ζωβίαν
486 580 608 664 όυομα,
635 569 657 665 ᾖ
684 579 862 664 ἐτύγχανεν
890 579 935 656 ὡς
962 582 1049 645 ἔοικε
1071 602 1189 664 κεχρη-

174 683 273 768 μένος
295 683 387 750 ποτέ·
409 682 465 750 καὶ
486 686 622 770 κρύπτει
640 683 696 750 καὶ
715 680 867 772 διασῴζει
884 685 943 761 τὰς
960 685 1092 768 πρώτας
1110 684 1189 767 ἡμέ-

175 813 235 872 ρας
259 790 361 856 αὐτὸν
379 790 499 873 ἐκείνη,
523 788 562 867 ἀς
580 789 716 874 ἐζήτουν
734 789 789 856 ιιαλ
808 789 987 874 ἐκήρυττον
1006 789 1042 855 οἱ
1057 789 1188 872 ἕνδεκα,

174 894 229 961 καὶ
252 897 331 980 μετὰ
353 905 456 961 ταῦτα
475 889 569 962 δοῦσ’
591 895 675 961 ὀκτὼ
696 896 843 980 δραχμάς
861 894 1002 980 ἐφόδιον
1019 893 1074 961 καὶ
1092 919 1189 980 χιτω-

136 1023 161 1066 ιτ
174 1004 292 1067 νίσιιον
323 999 379 1067 καὶ
409 1001 554 1086 ίμάτιον,
587 1000 766 1085 ἐξέπεμψεν
794 1003 841 1078 είς
868 1000 1018 1085 Μέγαρα.
1063 1003 1191 1086 ταύτην

174 1108 236 1190 την
259 1109 457 1192 άνθρωπον,
480 1109 542 1192 την
564 1104 689 1174 τοιαῦτ’
716 1107 979 1193 εὐεργετήσασαν
1002 1106 1120 1189 αὐτόν,
1144 1108 1191 1185 ὡς

174 1215 279 1291 πολύς
305 1207 383 1298 παρ’
410 1212 492 1298 ὑμίν
519 1216 611 1279 ἔπνει
637 1211 693 1279 καὶ
720 1217 883 1300 λαμπρός,
912 1211 1128 1299 μεμφομένην
1155 1238 1189 1278 τι

175 1316 231 1384 καὶ
253 1319 381 1384 τούτων
403 1316 722 1405 ὑπομιμνῄσκουσαν
742 1317 798 1384 καὶ
817 1318 977 1397 ἀξιοῦσαν
995 1313 1034 1385 εὖ
1052 1327 1190 1403 παθεῖν,

175 1425 212 1489 τὸ
240 1420 301 1508 μὲν
327 1435 460 1508 πρῶτον
488 1424 629 1510 ῥαπίσας
655 1422 711 1490 καὶ
734 1424 913 1507 ἀπειλήσας
935 1420 1097 1510 ἀπέπεμψ’
1123 1425 1189 1490 ἀπὸ

174 1539 233 1614 της
256 1531 371 1612 οίτιίας,
395 1529 440 1607 ὡς
462 1524 493 1595 δ’
519 1531 580 1596 οὐκ
604 1528 742 1596 ἐπαύεθ’
764 1529 785 1613 ἡ
809 1531 999 1616 ἅνθρωπος,
1023 1531 1106 1597 ἀλλά
1128 1555 1189 1615 γυ-

175 1639 274 1702 ναίου
296 1631 418 1722 πρᾶγμ’
445 1634 549 1701 ἐποίει
570 1634 626 1702 καὶ
654 1637 737 1720 πρὸς
763 1639 842 1713 τοὺς
869 1641 1059 1722 γνωρίμους
1085 1653 1188 1722 προσ-

177 1739 263 1808 ιοῦσ’
298 1741 459 1824 ἀνεκάλει,
496 1743 608 1826 λαβὼν
645 1741 744 1819 αὐτὸς
775 1741 965 1829 αὐτοχειρίᾳ
995 1745 1078 1830 πρὸς
1108 1747 1188 1822 τοὺς

175 1849 329 1934 πωλητάς
350 1847 511 1931 ἀπήγαγε·
540 1845 596 1913 καί
618 1849 650 1913 εί
671 1849 714 1932 μη
738 1851 892 1932 κείμενον
914 1847 997 1934 αὐτῇ
1018 1850 1057 1914 τὸ
1080 1853 1188 1933 μετοί·

177 1979 251 2021 τιον
274 1958 399 2039 ἔτυχεν,
422 1949 574 2038 ἐπέπρατ’
597 1951 640 2018 ἀν
662 1954 718 2019 διδι
739 1962 871 2037 τοῦτον,
894 1944 921 2043 ᾧ
944 1963 1002 2038 της
1025 1959 1188 2041 σωτηρίας

136 2083 163 2126 τε
179 2061 288 2144 [αὐτη]
308 2062 396 2125 αἰτία
410 2055 563 2144 ’γεγόνει
595 2057 651 2125 καὶ
668 2057 767 2126 ταῦθ’
785 2059 830 2136 ὡς
848 2059 958 2145 ἀληθῆ
973 2059 1069 2145 λέγω,
1087 2063 1178 2126 ιιάλει
1189 2073 1242 2124 788

176 2190 233 2252 μοι
259 2169 319 2232 τὸν
346 2167 407 2250 την
434 2166 545 2249 ταφὴν
571 2175 632 2231 τοῦ
654 2167 778 2250 πατρὸς
801 2165 864 2232 οὐκ
885 2165 1104 2251 ἀπειληφότα,
1131 2164 1186 2231 καὶ

175 2275 235 2339 τὸν
253 2283 310 2358 τῆς
324 2274 418 2358 δίκης
432 2274 614 2357 διαιτητήν,
633 2272 676 2356 ἣν
690 2271 773 2357 ὑπὲρ
787 2281 845 2357 τῆς
857 2272 1009 2356 πράσεως
1021 2281 1079 2356 τῆς
1093 2272 1187 2338 ἀδελ-

177 2389 244 2466 φῆς
270 2377 358 2464 ἐλαί
385 2379 474 2466 αὐτῷ
499 2378 630 2462 οὑτοσί,
657 2376 772 2444 καὶτὸ
795 2381 938 2462 ἔγκλημα
961 2376 1050 2462 φέρε.
1095 2380 1187 2444 κάλει

177 2482 215 2552 δέ
246 2498 378 2571 πρῶτον
407 2486 542 2550 πάντων
568 2485 628 2549 τὸν
655 2493 712 2567 τῆς
740 2487 870 2567 Ζωβίας
896 2485 1099 2569 προστάτην,
1130 2493 1187 2569 τῆς

175 2590 422 2675 ὑποδεξαμένης
440 2591 555 2673 αὐτόν,
578 2588 633 2656 aaz
651 2593 730 2668 τοὺς
747 2591 908 2674 πωλητάς,
927 2591 1011 2676 πρὸς
1029 2590 1088 2668 οὓς
1105 2591 1187 2674 ἀπη-

175 2723 278 2782 γαγεν
301 2699 413 2783 αὐτήν.
449 2698 545 2782 ὑμεῖς
562 2695 596 2762 δ’
615 2694 819 2781 ἠγανακτεῖτ’
843 2697 973 2784 ἀρτίως,
997 2699 1028 2764 εί
1043 2709 1110 2764 τῶν
1127 2699 1187 2764 τόν

176 2808 297 2889 ἔρανον
329 2807 501 2891 φερόντων
530 2805 576 2880 είς
603 2803 665 2887 τὴν
693 2806 859 2889 σωτηρίαν
886 2803 975 2893 αὐτῷ
1003 2806 1186 2888 κατηγόρει.

42 2949 44 2952 -
176 2912 297 2995 μιαρὸν
333 2913 454 2996 μιαρὸν
490 2911 528 2975 τὸ
560 2912 684 2993 θηρίον
716 2905 741 2974 ὦ
773 2911 894 2995 άνδρες
923 2904 1095 2993 Ἀθηναῖοι
1131 2909 1186 2977 καὶ

177 3019 340 3102 άμειιιτον.
377 3016 451 3101 λέγε
473 3017 532 3094 τὰς
554 3018 744 3101 μαρτυρίας.

577 3227 782 3281 ΜΑΡΤΤΡῙΑῙ.

138 3353 165 3394 τι
269 3337 327 3412 Τίς
349 3328 412 3401 οὖν
436 3335 531 3418 snam)
554 3335 636 3400 κατδι
658 3343 719 3400 τοῦ
740 3342 886 3400 τοσαῦτα
903 3331 959 3400 καὶ
976 3343 1114 3402 τοιαῦτα
1131 3356 1185 3402 πε-

177 3443 352 3521 ποιηκότος
373 3439 495 3522 γένοιτ’
518 3439 559 3505 ἀν
583 3442 673 3525 δίκης
697 3443 747 3518 τίς
769 3438 844 3518 ἀξία
861 3443 1015 3526 τιμωρίας
1039 3441 1185 3520 θάνατος

177 3537 239 3623 μὲν
260 3545 324 3626 γάρ
347 3546 457 3629 ἔμοιγε
482 3548 581 3632 μικρά
604 3551 765 3632 φαίνεται.
