2616 3910
164 233 232 300 440
458 237 580 292 xxm
604 235 883 292 ΔΗΜΟΣΘΕΝΟΤΣ

165 391 341 480 ἀκηκόαθ’,
368 394 412 479 ἣν
439 395 605 482 ἐνείματο,
633 393 687 462 καλ
715 397 960 483 μεμαρτύρηται
987 395 1081 482 ὑμῖν·
1107 407 1180 464 τῶν
1279 447 1280 450 ¹

166 497 203 567 δέ
235 499 360 584 λήξεων
388 501 516 568 τούτων
543 501 768 585 ἀναγνώσεται
794 501 875 587 ὑμῖν
902 504 959 581 τάς
986 507 1180 589 μαρτυρίας.
1279 557 1280 560 ¹

167 604 246 691 λαβὲ
268 607 326 684 τάς
348 611 529 692 μαρτυρίας
551 631 617 692 μοι.

497 867 499 874 .
566 818 772 873 ΜΑΡΤΤΡῙΑΙ.

257 923 390 990 Οὐκοῦν
408 924 446 990 έν
464 925 598 1002 ταύταις
616 935 687 1004 ταῖς
705 923 838 1009 λήξεσιν
852 925 1063 1014 ὡμολόγηκεν
1077 927 1229 994 &net-951

167 1027 308 1114 ληφέναι
335 1029 375 1094 τά
402 1039 462 1096 τοῦ
489 1032 612 1116 πατρὸς
639 1032 824 1116 γράμματα·
854 1032 894 1097 οὐ
921 1033 985 1118 γάρ
1012 1033 1054 1116 δη
1078 1050 1181 1098 συκο-

166 1146 306 1219 φαντεῖν
332 1158 385 1219 γε,
417 1130 492 1201 οὐδ’
523 1131 571 1202 ών
602 1135 663 1203 οὐκ
690 1137 836 1222 ὤφειλον
864 1131 957 1204 οὗτοι
984 1138 1182 1216 δικάζεσθαι

168 1243 305 1325 φήσειεν
330 1241 380 1306 ἄν.

127 1367 154 1406 ιε
257 1348 391 1430 Νομίζω
414 1350 530 1413 τοίνυν
554 1343 579 1414 ώ
604 1349 723 1434 ἀνδρες
742 1341 926 1433 Ἀθηναῖοι,
950 1349 1101 1433 μεγάλων
1123 1347 1182 1414 καὶ

167 1456 300 1517 πολλῶν
324 1453 430 1518 ὄντων
454 1451 487 1533 ἐξ
511 1447 558 1518 ών
581 1455 671 1519 ἔστιν
695 1454 780 1519 ίδεῖν
804 1455 865 1520 οὐκ
888 1454 1067 1520 ἀδικοῦντα
1090 1459 1182 1541 Φορ-

168 1560 275 1645 μίωνα
293 1562 437 1639 τουτονί,
460 1556 617 1642 μέγιστον
636 1558 790 1625 ἁπάντων
809 1555 905 1643 εἶναι,
927 1561 978 1625 ὅτι
998 1566 1182 1644 Πασικλῆς,

168 1663 312 1748 ἀδελφὸς
330 1664 378 1729 ὢν
395 1661 649 1746 Ἀπολλοδώρου
667 1669 813 1748 τουτουί,
838 1665 914 1732 οὔτε
933 1667 1030 1749 δίκην
1048 1670 1182 1750 εῖληχεν

169 1767 237 1834 οὔτ’
265 1764 336 1835 ἀλλ’
362 1765 464 1836 οὐδὲν
492 1765 539 1836 ών
568 1764 665 1847 οὗτος
691 1769 829 1852 ἐγκαλεῖ.
875 1774 982 1836 καίτοι
1005 1771 1046 1835 οὐ
1069 1772 1182 1853 δήπου

168 1876 226 1940 τὸν
249 1871 310 1960 μὲν
333 1871 423 1941 παῖδ’
445 1876 510 1941 ὑπὸ
532 1885 593 1943 τοῦ
615 1878 738 1961 πατρὸς
761 1875 1035 1961 καταλειφθέντα,
1059 1875 1115 1941 καὶ
1140 1872 1182 1942 οὗ

168 1993 235 2046 τῶν
259 1983 366 2048 ὄντων
390 1982 504 2067 κύριος
523 1977 576 2065 ἦν,
599 1981 774 2066 ἐπίτροπος
791 1980 1093 2066 καταλελειμμένος,
1118 1982 1182 2048 οὐκ

169 2087 211 2152 ἀν
233 2088 350 2170 ἠδίκει,
374 2082 410 2153 σε
434 2087 482 2169 δέ,
507 2086 544 2165 ὃς
567 2087 651 2171 άνῆρ
670 2089 890 2171 κατελείφθης
908 2085 1043 2173 τέτταρα
1061 2086 1117 2153 καὶ
1137 2095 1182 2154 εί-

168 2212 265 2259 κοσιν
289 2197 343 2278 ἔτη
367 2194 521 2277 γεγονώς,
545 2190 601 2258 καὶ
623 2190 706 2277 ὑπέρ
725 2202 851 2258 σαυτοῦ
870 2192 993 2279 ῥᾳδίως
1010 2192 1052 2258 ἀν
1070 2195 1112 2258 τά
1132 2196 1182 2260 δί-

168 2298 232 2365 και’
262 2299 440 2383 ἐλάμβανες
466 2299 585 2382 εὐθὺς,
613 2304 647 2364 εί
665 2322 697 2363 τι
719 2298 846 2382 ῆδικοῦ.
893 2299 955 2364 οὐκ
977 2302 1045 2364 ἔστι
1067 2309 1182 2366 ταῦτα.

170 2404 214 2483 ώς
240 2408 356 2470 τοίνυν
382 2399 473 2471 ταῦτ’
505 2403 613 2488 ἀληθῆ
641 2403 726 2485 λέγω
754 2402 809 2469 καὶ
837 2404 854 2470 ὁ
882 2409 1051 2488 Πασικλῆς
1079 2402 1183 2472 οὐδὲν

169 2511 313 2596 ἐγκαλεῖ,
336 2509 419 2592 λαβέ
438 2533 495 2595 μοι
517 2511 579 2594 τῆν
600 2511 722 2574 τούτου
745 2514 938 2595 μαρτυρίαν.

580 2719 770 2772 ΜΑΡΤΤΡΙΑ.

129 2849 156 2890 ω
251 2828 291 2894 “A
322 2831 438 2894 τοίνυν
470 2828 534 2911 ἥδη
568 2825 643 2912 περὶ
670 2827 774 2892 αὐτοῦ
800 2835 862 2892 τοῦ
889 2827 932 2910 μὴ
961 2828 1184 2912 εἰσαγώγιμον

171 2931 257 3002 εἶναι
279 2936 341 3018 τῆν
365 2935 461 3017 δίκην
485 2935 539 2998 δεῖ
559 2944 695 3000 σκοπεῖν
718 2933 812 3017 ὑμᾶς,
834 2929 927 2997 ταῦτ’
949 2931 1179 3018 ἀναμνήσθητ’

172 3042 208 3109 ἐκ
230 3052 297 3107 τῶν
320 3038 512 3124 εἰρημένων.
548 3038 641 3122 ἡμεῖς
659 3039 722 3123 γάρ
743 3035 768 3102 ὧ
789 3039 908 3123 ἄνδρες
923 3035 1106 3122 Ἀθηναῖοι,
1129 3065 1184 3122 γε·

172 3145 356 3232 γενημένου
378 3141 439 3229 μέν
463 3145 681 3228 διαλογισμοῦ
704 3141 759 3208 καὶ
782 3142 931 3228 ἀφέσεως
950 3152 1008 3229 τῆς
1025 3145 1184 3230 τραπέζης

171 3251 226 3320 καὶ
257 3260 318 3318 τοῦ
350 3251 612 3334 ἀσπιδοπηγείου
638 3259 695 3333 τῆς
723 3251 932 3334 μισθώσεως,
963 3250 1184 3335 γεγενημένης

175 3357 211 3427 δὲ
241 3360 368 3442 διαίτης
396 3355 451 3423 καὶ
478 3357 579 3421 πάλιν
606 3357 740 3420 πάντων
767 3354 930 3440 ἀφέσεως,
964 3355 1025 3422 οὐκ
1052 3355 1184 3422 έώντων

133 3485 160 3524 ιε
174 3477 241 3531 τῶν
264 3467 376 3548 νόμων
401 3465 495 3539 δίκας
518 3457 565 3527 ὧν
589 3460 630 3526 ἀν
653 3462 721 3546 άφῆ
744 3485 794 3539 τις
812 3461 895 3540 άπαξ
915 3462 1102 3546 λαγχάνειν,
1126 3478 1184 3527 συ-

175 3579 424 3652 κοφαντοῦντος
456 3569 577 3633 τούτου
607 3566 660 3633 καὶ
687 3569 775 3651 παρὰ
802 3571 880 3645 τοὺς
907 3570 1030 3654 νόμους
1058 3569 1183 3646 δικαζο·
