2616 3910
165 221 230 288 466
448 225 584 278 XXXVII.
607 224 888 278 ΔΗΜΟΣΘΕΝΟΤΣ

162 382 292 471 ἰμαυτηό
323 393 426 452 ταῦτα
455 384 594 470 πάσχειν
622 384 763 450 ἐδόκουν
789 384 1104 469 καταφρονούμενος
1131 393 1179 472 τῷ

162 489 273 567 ἅπλῶς
301 488 357 556 καὶ
384 491 429 568 ὡς
455 488 588 574 πέφυκα
618 493 692 574 ξήν,
723 489 779 556 καὶ
806 491 904 574 δίκην
931 491 1064 556 διδόναι
1092 512 1178 574 παμ·

162 593 287 680 μεγέθη
319 592 410 662 ταῦτ’
442 595 650 681 ἀνεχόμενος.
696 595 747 662 ότι
780 590 811 662 δ’
842 590 905 663 οὖν
933 596 1177 680 ἠναγκαζόμην,
1299 596 1301 653 ὲ

162 697 239 784 παρ’
271 699 292 766 ἀ
318 701 470 786 ἡγούμην
498 695 598 767 δίκαι’
629 696 732 784 εἰναι,
762 701 1093 785 ἀντιπροκαλεῖσθαι,
1121 701 1178 767 καὶ

162 808 221 873 τὸν
248 805 380 890 οἰκέτην
406 807 625 892 παρεδίδουν,
657 804 713 872 καί
741 807 792 872 ότι
818 804 910 873 ταῦτ’
941 806 1052 892 ἀληθῆ
1079 805 1176 890 λέγω,

163 910 236 996 λέγε
258 914 320 996 τήν
343 914 534 997 πρόκλησιν.

553 1123 780 1178 ΠΡΟΚΔΗΣΙΣ.

123 1247 150 1288 u
254 1231 377 1314 Φυγὼν
399 1225 461 1316 μέν
482 1232 599 1298 τοίνυν
618 1239 731 1313 ταῦτα,
755 1230 874 1315 φυγὼν
893 1227 924 1296 δ’
947 1228 1023 1296 ἀτδ
1042 1241 1177 1315 πρῶτον
1306 1236 1308 1243 ’

163 1335 263 1413 αύτὸς
284 1334 542 1419 προύκαλέσατο,
565 1333 677 1420 ἔγωγ’,
700 1333 719 1401 ό
741 1357 773 1400 τι
795 1331 867 1400 ποτ’
890 1333 961 1419 ἐρεῖ
978 1337 1060 1420 πρὸς
1077 1335 1174 1420 ὑμᾶς,

163 1440 331 1524 θαυμάξω.
377 1441 433 1506 ἵνα
460 1438 492 1508 δ’
524 1435 633 1525 εἰδῆθ’
663 1437 724 1526 ὑφ’
752 1434 793 1506 οὗ
820 1438 904 1525 φησί
931 1437 986 1506 καί
1013 1442 1053 1506 τὰ
1081 1442 1175 1508 δεινὰ

163 1545 384 1629 πεπονθέναι,
415 1546 596 1614 θεάσασθε.
642 1539 741 1622 ούτός
773 1544 863 1613 ἐστιν
895 1544 913 1611 ό
947 1548 1177 1613 Πανταίνετον

164 1652 322 1736 ἐκβαλών,
347 1645 444 1729 οὗτός
468 1649 542 1718 ἐσθ’
565 1649 583 1717 ό
606 1653 764 1738 κρείττων
786 1663 854 1717 των
872 1654 981 1734 φίλων
998 1663 1066 1717 τῶν
1085 1658 1176 1716 Παν-

164 1757 317 1824 ταινέτου
346 1755 402 1824 καλ
428 1769 495 1824 τῶν
522 1759 644 1842 νόμων.
690 1757 732 1823 ού
759 1758 822 1843 γὰρ
850 1751 946 1841 ἔγωγ’
977 1756 1176 1842 ἐπεδήμουν,

165 1861 239 1932 οὐδ’
261 1863 361 1942 αὐτὸς
383 1863 522 1946 ἐγκαλεῖ.

124 1987 151 2029 ιε
254 1971 424 2055 Βούλομαι
448 1964 478 2034 δ’
500 1969 580 2054 ὑμῖν
600 1967 656 2035 καί
674 1966 718 2035 δι’
741 1965 789 2036 ὧν
807 1957 886 2046 τοὺς
903 1972 1066 2055 πρότερον
1084 1971 1175 2037 δικα-

165 2078 243 2154 στάς
270 2075 472 2160 ἐξαπατήσας
494 2067 561 2142 εἷλε
583 2077 643 2142 τὸν
666 2076 819 2162 Εὔεργον
843 2076 963 2160 εἰπεῖν,
990 2074 1035 2141 ἵν’
1062 2073 1171 2160 εἰδῆθ’

165 2184 214 2250 ὅτι
238 2180 293 2248 καί
315 2191 379 2248 νῦν
402 2178 503 2248 ούδδν
526 2180 595 2248 οὔτ’
619 2182 789 2258 ἀναιδείας
811 2182 888 2247 οὔτε
910 2191 971 2248 τοῦ
989 2183 1177 2255 ψεύδεσθαι

164 2291 367 2374 παραλείψει.
402 2288 485 2373 πρὸς
508 2282 544 2352 δέ
566 2287 696 2364 τούτοις
719 2284 772 2352 καὶ
795 2284 871 2372 περὶ
893 2280 941 2351 ὧν
959 2285 1033 2371 ἐμοὶ
1052 2289 1146 2365 δικύζ
1161 2327 1176 2338 -

164 2418 219 2461 ται
240 2399 329 2477 νυνί,
351 2395 409 2471 τὰς
432 2392 532 2469 αύτάς
555 2392 658 2470 ούσας
680 2391 861 2474 ἀπολογίας
883 2392 1049 2478 εὑρήσετε·
1073 2393 1176 2478 όσπερ

165 2503 296 2585 ἐλεγχος
323 2497 555 2582 ἀκριβέστατός
578 2498 669 2565 έστιν
692 2495 775 2585 ὑπὲρ
797 2507 859 2564 τοῦ
879 2493 947 2564 τότ’
972 2499 1101 2565 ἐκεῖνον
1124 2514 1176 2564 σε-

165 2611 451 2690 συκοφαντῆσθαι.
482 2599 580 2681 οὗτος
592 2605 656 2688 γὰρ
671 2598 819 2690 ᾐτιάσατ’
836 2603 965 2670 ἐκεῖνον
978 2606 1061 2688 πρὸς
1074 2605 1177 2670 ἀπασι

164 2723 235 2789 τοῖς
257 2713 379 2794 ἄλλοις,
403 2708 535 2777 ἐλθόντ’
558 2712 605 2786 εἰς
628 2710 733 2797 ἀγρὸν·
757 2711 801 2786 ἀς
824 2710 937 2794 αὑτὸν,
961 2708 1014 2776 έπί
1032 2710 1090 2786 τὰς
1109 2709 1177 2775 ἐπι-

165 2823 308 2902 κλήρους
331 2820 496 2883 εἰσελθεῖν
515 2815 570 2882 καί
588 2818 650 2900 τήν
669 2814 792 2901 μητέρα
808 2817 870 2900 τήν
889 2815 1003 2900 αὑτοῦ,
1026 2813 1179 2892 καὶτοὺς

1 3002 3 3005 ,
165 2927 290 3008 νόμους
312 2918 391 3008 ήκεν
415 2927 500 3007 έχων
522 2926 600 2999 τοὺς
622 2933 690 2988 τῶν
713 2921 898 3006 ἐπικλήρων
918 2922 1003 3004 πρὸς
1024 2922 1062 2986 τὸ
1087 2923 1177 2988 δικα-

2 3080 4 3085 .
121 3047 152 3086 46
167 3034 312 3114 στήριον.
356 3028 412 3097 καί
438 3032 520 3113 πρὸς
549 3025 609 3114 μέν
636 3030 695 3094 τὸν
720 3029 879 3111 ἄρχοντα,
908 3026 949 3092 δν
970 3037 1038 3092 τῶν
1059 3028 1168 3093 τοιού-
1178 3037 1234 3087 980

165 3161 232 3201 των
255 3137 291 3203 οἰ
310 3140 407 3219 νόμοι
430 3135 625 3201 κελεύουσιν
649 3133 888 3218 ἐπιμελεῖσθαι,
912 3129 967 3196 καί
989 3127 1066 3215 παρ’
1088 3124 1178 3220 ᾦτῷ

166 3238 227 3326 μέν
251 3241 422 3324 ἠδικηκότι
440 3241 597 3314 κίνδυνος
615 3236 691 3324 περὶ
708 3247 769 3304 τοῦ
786 3241 822 3303 τί
836 3238 898 3322 χρή
917 3243 1041 3302 παθεῖν
1059 3235 1079 3320 ή
1098 3237 1178 3304 ἀπο-

166 3359 286 3428 τεῖσαι,
313 3354 358 3432 τῷ
386 3345 417 3410 δ’
444 3345 604 3423 ἐπεξιόντι
632 3341 701 3427 μετ’
729 3344 885 3426 οὐδεμιᾶς
914 3345 1026 3426 ζημίας
1052 3341 1073 3426 ή
1100 3345 1179 3427 βοή-

166 3459 255 3533 θεια,
280 3450 410 3516 οὐδέπω
433 3449 487 3515 καὶ
512 3453 655 3534 τήμερον
677 3450 857 3534 ἐξήτασται,
881 3445 952 3513 οὐδ’
975 3450 1180 3532 εἰσήγγειλεν

168 3552 237 3620 οὔτ’
265 3554 314 3636 ἔμ’
341 3557 418 3621 οὔτε
445 3558 504 3622 τὸν
527 3557 680 3640 Εὔεργον
708 3557 751 3633 ὡς
774 3556 985 3639 ἀδικοῦντας,
1014 3556 1051 3623 έν
1074 3553 1111 3623 δέ
1133 3565 1181 3642 τῷ
