2590 3900
393 168 477 223 Κατ’
495 171 812 226 ενιεοονεινοαοε
829 173 862 224 ε
1066 168 1129 233 301

121 331 227 415 ἀρχὴν
248 329 295 414 ἣν
316 325 404 416 ἔλαχ’
426 331 540 416 ἀρχειν
562 330 837 416 ἀπεδοκιμάσατε;
861 327 933 395 ἀλλ’
960 329 1010 395 ότι
1028 350 1133 414 παρα-

82 455 107 497 οι
120 439 235 522 νόμων
273 435 377 503 αὐτοῦ
409 435 605 520 κατέγνωτε;
644 434 715 503 ἀλλ’
752 437 803 502 ὅτι
833 435 929 501 πέντε
961 435 1134 501 ταλάντων

119 544 202 628 πρὸς
226 541 412 626 ἀτιμότατα
438 541 510 608 ἀλλ’
537 543 588 608 ὅτι
612 538 905 608 δακτυλοδεικτεῖτ’
932 538 985 606 ἐπὶ
1008 549 1051 627 τῷ
1076 562 1133 606 πο-

119 651 307 732 νηρότατον
338 659 406 713 τῶν
439 649 547 715 ὀντων
575 647 730 714 ἁπάντων
758 648 942 725 δεικνύναις
981 642 1052 713 ἀλλ’
1083 649 1134 713 ὅτι

119 765 186 819 τῶν
214 753 434 838 ὑπαρχόντων
459 755 573 838 νόμων
594 750 651 818 καλ
672 755 839 829 πολιτείας
860 753 1044 837 μενόντων,
1072 752 1135 820 οὐκ

119 861 170 924 ένι
192 871 262 925 τῶν
286 861 432 943 αίσχρῶν
456 859 544 947 αὐτῷ
567 860 696 924 τούτων
717 859 902 942 ἀπαλλαγάς
927 858 1009 923 ἀλλά
1029 859 1084 923 διά
1102 861 1138 923 τί

118 964 200 1048 ὑμῖν
224 959 324 1040 οὗτος
347 965 467 1042 εὔνους
490 964 594 1043 ἐστίνς
619 964 670 1030 ὅτι
688 966 807 1047 φησίν;
831 963 971 1046 ἀναιδής
990 962 1092 1028 ἐστιν’
1116 963 1134 1029 ὁ

120 1069 151 1135 δ’
174 1071 316 1153 ἀναιδὴς
334 1069 478 1148 ἐκτίνος
496 1070 677 1154 ὠνομάσθη
696 1080 764 1134 τῶν
782 1070 904 1152 ἀλλων,
923 1063 995 1134 ἀλλ’
1014 1068 1035 1152 ἢ
1055 1069 1135 1134 ὅταν

119 1179 159 1241 τὰ
186 1173 262 1261 μήτ’
290 1177 371 1240 όντα
398 1173 472 1260 μήτ’
499 1174 541 1241 ἀν
567 1177 745 1259 γενόμενα,
772 1183 876 1240 ταῦτα
897 1179 1003 1262 τολμᾷ
1025 1173 1135 1258 λέγειν

120 1279 165 1347 δι’
191 1282 448 1367 ἀναισχυντίαν,
472 1282 552 1365 ὅπερ
575 1275 673 1356 οὗτος
695 1292 796 1360 ποιεῖς

81 1405 106 1446 ⁶⁹
201 1385 372 1472 Ἡγοῦμαι
390 1391 507 1453 τοίνυν
525 1385 581 1453 καὶ
598 1385 744 1472 περὶτῆς
762 1387 942 1470 ἐνδείξεως,
960 1387 983 1452 ἀ
1001 1408 1057 1471 μοι
1074 1407 1135 1453 πα-

120 1497 291 1576 ραλείπειν
319 1494 411 1574 ἔδοξε
433 1497 645 1578 Λυκοῦργος,
673 1492 804 1576 βέλτιον
828 1487 914 1558 εἶναι
936 1493 1018 1576 πρὸς
1039 1492 1125 1577 ὑμᾶς
1135 1503 1184 1554 '191

122 1601 236 1664 εἰπεῖν.
279 1598 344 1682 ἐγὼ
366 1601 431 1684 γάρ
455 1597 545 1684 οἶμαι
568 1601 641 1665 δεῖν
662 1599 758 1682 ὑμᾶς,
782 1599 892 1684 ὥσπερ
915 1596 957 1664 διν
980 1599 1012 1664 εί
1032 1596 1135 1683 χρέως

122 1700 285 1770 ἐσκοπεῖτ’
310 1706 411 1789 ίδιον,
434 1705 541 1782 οὕτως
564 1705 711 1785 ἐξετάσαι
731 1712 852 1769 τοῦτον
868 1702 924 1770 καὶ
941 1706 982 1769 τὰ
999 1701 1135 1769 τουτουὶ

121 1821 182 1878 τοῦ
205 1810 335 1891 ἀγῶνος
357 1812 477 1878 δίκαια.
514 1813 546 1876 εί
567 1814 684 1878 τοίνυν
703 1834 753 1888 τις
770 1810 918 1895 ὀφείλειν
935 1805 999 1875 τιν’
1019 1807 1134 1895 ᾐτιᾶτο

122 1920 283 2002 χρήματα,
307 1915 325 1981 ὁ
350 1911 380 1980 δ’
402 1917 545 2000 ἠρνεῖτο,
570 1918 601 1980 εί
622 1911 683 2000 μέν
701 1913 878 1999 ἐφαίνονθ’
901 1916 988 1980 αἵτε
1007 1920 1135 1998 συνθῆ-

122 2046 177 2088 και
199 2017 277 2088 καθ’
300 2021 338 2099 ἀς
360 2021 552 2088 ἐδανείσατο
574 2025 732 2106 κείμεναι,
755 2019 812 2087 καλ
834 2022 871 2087 ολ
888 2020 1041 2097 τεθέντες
1061 2020 1135 2105 ὀροι

123 2126 309 2213 ἑστηκότες,
335 2129 395 2194 τὸν
418 2127 627 2212 ἀρνούμενον
649 2125 781 2212 ἡγεῖσθ’
807 2125 850 2193 ἀν
872 2126 992 2211 ἀναιδῆ
1017 2128 1134 2210 δηλον-

123 2236 189 2318 ότι,
223 2237 254 2300 εί
282 2230 312 2299 δ’
344 2233 535 2321 ἀνῃρημένα
562 2242 680 2317 ταῦτα,
711 2235 772 2298 τὸν
799 2233 1014 2316 ἐγκαλοῦντα·
1047 2232 1134 2297 οὕτω

85 2353 111 2396 ¹⁰
122 2350 225 2406 ταῦτα
248 2339 405 2424 πέφυκεν.
442 2338 507 2405 είσὶ
529 2343 646 2405 τοίνυν
669 2335 717 2406 ὧν
736 2334 985 2423 Ἀριστογείτων
1008 2339 1133 2424 ὀφείλει

122 2455 162 2532 τη
185 2448 289 2527 πόλει,
313 2451 482 2528 συνθῆκαι
504 2441 566 2529 μέν
590 2446 625 2510 οί
642 2449 751 2529 νόμοι,
774 2439 852 2510 καθ’
874 2443 934 2522 οὓς
951 2443 1135 2529 ἐγγράφον-

123 2574 177 2617 ται
199 2552 319 2628 πάντες
342 2551 378 2617 οί
398 2549 668 2635 ὀφλισκάνοντες,
692 2550 769 2634 ὄρος
793 2547 824 2615 δ’
845 2549 866 2634 ἡ
891 2549 985 2628 σανὶς
1008 2551 1136 2636 ἡπαρά

123 2667 162 2744 τῇ
185 2664 255 2745 θεῷ
279 2653 421 2741 κειμένη.
458 2657 489 2721 εί
510 2652 573 2740 μέν
596 2651 658 2721 οὖν
681 2652 842 2741 ἀνῄρηται
864 2665 966 2722 ταῦτα
989 2653 1044 2721 καλ
1064 2655 1135 2736 ἐξα-

124 2766 276 2848 λήλιπται
298 2763 336 2828 τὸ
360 2763 504 2847 ὀφλημα,
527 2761 621 2846 ἡμεῖς
643 2766 822 2846 ληροῦμεν,
847 2766 972 2846 μᾶλλον
996 2758 1032 2827 δέ
1055 2773 1134 2840 ψευ-

125 2870 267 2953 δόμεθα·
296 2870 327 2934 εί
353 2866 384 2934 δ’
411 2863 455 2932 ἔτ’
481 2870 550 2932 ἐστι
577 2866 632 2934 καὶ
660 2871 750 2932 έσται
772 2867 917 2951 τέωσπερ
941 2867 983 2932 ἀν
1006 2868 1134 2954 ἐκτείσῃ

124 2979 272 3060 κείμενα,
304 2969 402 3050 οὗτος
430 2970 530 3039 οὐδέν
557 2970 681 3057 ἀληθὲς
708 2972 810 3057 λέγει,
842 2971 913 3038 ἀλλ’
945 2975 1053 3040 ἀδικεῖ
1079 2973 1134 3040 καὶ

85 3095 110 3137 '¹1
125 3081 218 3146 δεινά
245 3091 336 3146 ποιεῖ
360 3081 400 3146 τά
427 3081 523 3145 κοινά
546 3075 648 3144 δίκαι’
672 3079 844 3164 ἀφανίζειν
868 3079 1049 3165 ἐπιχειρῶν.
1092 3080 1134 3149 οὐ

123 3189 202 3270 γάρ,
235 3189 267 3251 εί
296 3186 340 3269 μὴ
369 3195 436 3250 πᾶν
465 3185 546 3251 ὅσον
574 3179 686 3269 ὦφλεν
714 3185 854 3268 ὀφείλει,
887 3193 952 3250 νῦν
977 3184 998 3268 ἡ
1026 3189 1134 3269 κρίσις

124 3290 197 3357 οὐδ’
221 3292 239 3358 ὁ
263 3293 371 3374 λόγος,
396 3286 467 3356 ἀλλ’
489 3292 520 3356 εί
541 3290 676 3373 ὀφείλει.
712 3289 732 3373 ἢ
756 3290 851 3355 δεινά
873 3287 904 3372 γ’
927 3288 969 3355 ἀν
988 3292 1132 3356 πάθοιεν

124 3399 160 3462 οί
180 3399 330 3481 δραχμὴν
353 3395 611 3479 ἐγγεγραμμένοι
633 3397 755 3480 μόνην,
781 3397 821 3478 εί,
845 3397 931 3461 διότι
953 3397 1054 3479 μικρά
1076 3394 1132 3460 καὶ

124 3487 224 3568 οὐδὲν
256 3501 466 3585 ἠδικήκασιν,
500 3501 626 3584 ίσχύσει
657 3501 694 3564 τὸ
728 3500 874 3584 ὀφείλειν
905 3498 975 3566 κατ’
1007 3500 1131 3564 αὐτῶν·
