2614 3904
505 193 604 244 ΠΡΟΣ
622 192 779 248 ΔΦΟΒΟΝ.
1076 191 1142 256 359

13 437 14 440 ¹
132 362 201 417 τῶν
223 350 409 436 ἐπιτρόπων
430 351 536 439 τούτῳ
559 347 689 434 γυναῖκ’
716 351 897 436 ἠγγύησεν·
926 351 967 417 ού
990 352 1054 438 γάρ
1078 354 1144 438 ἔχει

134 459 245 541 λόγον,
270 467 374 523 σῶσαι
396 452 457 541 μὲν
479 457 520 521 τὰ
542 459 691 541 χρήματα
714 453 757 522 δι’
785 456 912 542 ἐκείνης
935 459 1056 541 ζητεῖν,
1085 457 1145 522 ἕνα

12 553 14 562 ’
134 559 171 629 δέ
209 574 277 628 τῶν
313 559 565 646 ἀπιστουμένων
601 560 655 627 καὶ
692 561 793 646 αύτής
828 562 990 628 κάκείνων
1026 563 1145 647 κύριον

91 689 119 729 ιε
133 679 251 734 ποιεῖν.
289 670 336 734 ἐτι
355 663 403 750 δέ,
421 667 549 733 τούτων
567 673 602 732 εί
619 690 651 732 τι
672 663 796 752 ἀληθὲς
813 663 867 752 ἣν,
891 664 999 735 οῖεσθ’
1022 667 1084 733 οὐκ
1103 666 1145 733 δν

133 775 239 857 αὐτήν
266 777 380 857 λαβεῖν
408 774 569 839 δοθεῖσαν
595 773 659 838 ὑπὸ
687 782 748 838 τοῦ
775 775 911 857 πατρόςς
941 773 977 851 ὃς
998 774 1061 856 τήν
1083 771 1146 858 μέν

133 873 244 965 προῖκ’
270 879 370 964 αὐτῆς
392 879 457 962 ήδη
480 879 538 956 τάς
561 878 768 962 ὀγδοήκοντα
790 887 874 963 μνᾶς
895 881 980 965 ἔχων
999 879 1044 956 ὡς
1062 879 1145 964 αὐτῇ

134 988 360 1069 συνοικήσων,
392 985 453 1068 τήν
481 985 673 1050 Φιλωνίδου
698 993 760 1050 τοῦ
787 983 956 1062 Μελιτέως
983 982 1142 1072 θυγατέρ’

134 1094 233 1177 ἔγημε
252 1085 296 1158 δι’
316 1088 597 1176 αἰσχροκέρδειαν,
616 1091 673 1156 ἵνα
691 1091 773 1177 πρὸς
791 1082 844 1168 αἷς
862 1086 927 1176 είχε
946 1085 1024 1176 παρ’
1039 1091 1146 1177 ἡμῶν,

135 1198 247 1283 ἑτέρας
269 1197 475 1280 ὀγδοήκοντα
497 1205 580 1280 μνᾶς
603 1198 698 1280 λάβοι
716 1190 794 1281 παρ’
816 1196 959 1263 ἐκείνου·
981 1199 1146 1284 τεττάρων

135 1301 172 1371 δὲ
194 1305 366 1369 ταλάντων
389 1303 489 1368 ἐνδον
513 1304 630 1385 ὄντων,
653 1299 708 1368 καὶ
730 1300 822 1369 ταῦτ’
848 1302 973 1388 ἐκείνης
996 1303 1145 1389 ἐχούσης,

135 1411 179 1486 ὡς
207 1404 304 1486 οὗτός
331 1425 450 1492 φησιν,
478 1407 539 1473 οὐκ
567 1406 609 1473 άν
635 1406 766 1491 ἡγεῖσθ’
793 1409 896 1474 αὐτὸν
918 1408 980 1475 κάν
1003 1409 1197 1496 ἐπιδρα-σσθ

94 1535 121 1576 ω
135 1525 221 1600 μεῖν,
245 1515 327 1580 ὥστε
348 1513 506 1598 γενέσθαι
525 1507 593 1599 μετ’
616 1513 742 1598 ἐκείνης
761 1513 872 1580 αὐτῶν
889 1516 1022 1600 κύριον;
1047 1516 1147 1600 ήτήν

135 1616 196 1704 μὲν
220 1621 371 1704 φανεράν
394 1619 530 1701 οὐσίαν,
558 1619 601 1702 ἣν
623 1617 678 1684 καὶ
700 1620 795 1703 ὑμῶν
818 1619 934 1687 πολλοὶ
958 1621 1147 1708 συνῄδεσαν

135 1726 186 1792 ὅτι
200 1729 413 1809 κατελείφθη,
431 1726 511 1810 μετὰ
530 1735 597 1790 τῶν
615 1728 866 1810 συνεπιτρόπων
884 1727 989 1805 οὕτως
1005 1730 1148 1813 αίσχρῶς

136 1835 333 1918 διήρπασεν·
362 1827 410 1897 ὧν
433 1829 463 1898 δ’
490 1832 551 1898 οὐκ
574 1825 724 1917 ἐμέλλεθ’
749 1830 843 1916 ὑμεῖς
865 1834 1002 1898 ἔσεσθαι
1025 1835 1147 1920 μάρτυ·

136 1963 201 2026 ρες,
225 1932 374 2023 ἀπέσχετ’
396 1937 438 2003 ἀν
461 1936 535 2017 ἐξὸν
554 1937 643 2026 αὐτῷ
662 1941 791 2022 λαβεῖν;
815 1935 937 2032 καλπίς
956 1937 998 2004 ἀν
1016 1941 1147 2006 πιστεύ-

137 2062 239 2123 σειεν;
269 2044 330 2110 οὐκ
358 2047 427 2110 ἐστι
455 2038 545 2109 ταῦτ’
576 2039 602 2108 ὦ
629 2044 750 2127 ἀνδρες
776 2042 927 2110 δικασταὶ
955 2044 1016 2111 οὐκ
1044 2048 1148 2111 ἐστιν·

137 2149 220 2214 ἀλλὰ
241 2150 282 2214 τά
305 2145 366 2234 μὲν
388 2144 548 2234 χρήμαθ’,
572 2149 633 2214 ὅσα
655 2147 828 2214 κατέλιπεν
850 2148 869 2215 ὁ
891 2152 1014 2234 πατήρ,
1038 2149 1146 2236 ἐκείνη

136 2264 176 2342 τῇ
211 2254 317 2343 ἡμέρᾳ
353 2255 592 2339 κατωρύττετο,
630 2250 677 2319 ὅτ’
712 2256 761 2331 είς
790 2255 848 2332 τὰς
878 2256 1007 2322 τούτων
1037 2267 1149 2341 χεῖρας

136 2357 257 2446 ἢλθεν,
286 2355 383 2438 ούτος
411 2355 441 2427 δ’
468 2360 529 2426 ούκ
549 2363 641 2445 ’έχων
665 2358 707 2425 ἀν
730 2362 836 2427 είπεῖν
859 2362 944 2427 ὅπου
966 2384 998 2427 τι
1020 2363 1148 2428 τούτων

138 2467 317 2550 ἀπέδωκεν,
341 2460 386 2532 ἵν’
407 2467 549 2551 εὔπορος
566 2461 652 2532 εἶναι
671 2468 782 2532 δοκῶν
801 2469 943 2552 μηδενὸς
960 2469 1048 2555 τύχω
1066 2465 1144 2556 παρ’

23 2586 27 2596 ’
137 2573 232 2660 ὑμῶν
255 2571 364 2654 ἐλέου,
387 2573 519 2649 τούτοις
540 2581 656 2656 χρῆται
677 2582 748 2649 τοῖς
769 2575 889 2656 λόχοις.

97 2699 125 2740 ιο
227 2678 343 2745 Πολλά
366 2673 427 2762 μὲν
450 2671 513 2743 οὖν
536 2672 632 2762 ἔγωγ’
653 2680 716 2768 ἐχω
736 2675 792 2744 καί
810 2680 1033 2746 ἄλλατούτου
1050 2705 1147 2766 κατη-

138 2795 266 2871 γορεῖν·
290 2783 352 2850 ούκ
375 2781 540 2869 ἐνδέχεται
564 2782 604 2849 δέ
624 2807 695 2868 μοι,
718 2792 764 2873 τρῖ
788 2785 929 2870 μάρτυρι
951 2795 1012 2853 τοῦ
1034 2789 1147 2854 κινδύ-

137 2915 201 2957 νου
223 2889 297 2975 περί
320 2899 377 2974 τῆς
400 2889 562 2974 ἐπιτιμίας
584 2891 690 2973 ὄντος,
713 2887 789 2975 περὶ
808 2885 856 2956 άιν
875 2891 973 2970 αὐτὸς
990 2891 1148 2978 ήδίκημαι

138 2995 255 3082 λέγειν.
307 2996 390 3064 ἀλλὰ
420 2998 584 3082 βούλομαι
615 3000 804 3082 πρόκλησιν
829 2997 911 3080 ὑμῖν
942 2997 1148 3082 ἀναγνῶναι·

138 3105 308 3188 γνώσεσθε
331 3103 394 3190 γάρ
417 3103 451 3184 ἐξ
469 3102 571 3187 αὐτῆς
589 3103 799 3186 ἀκούσαντες,
822 3105 863 3169 τδι
881 3102 1143 3190 μεμαρτυρημέν’

139 3209 183 3287 ὡς
210 3212 300 3275 ἐστιν
327 3208 452 3292 ἀληθῆ,
482 3205 538 3276 καὶ
564 3209 624 3274 τὸν
651 3209 788 3275 Μιλύαν
816 3209 866 3274 ὅτι
892 3218 957 3275 νῦν
984 3206 1045 3294 μὲν
1072 3210 1147 3296 περὶ

138 3315 272 3380 πάντων
295 3312 399 3398 φησίν
422 3313 570 3397 ἐξαιτεῖν,
594 3315 631 3380 τὸ
655 3310 693 3379 δέ
715 3325 847 3399 πρῶτον
869 3311 953 3402 ὑπὲρ
971 3317 1148 3402 τριάκοντα

139 3422 243 3503 μόνον
269 3429 362 3504 μνῶν
389 3420 508 3506 ἐζήτει,
535 3417 591 3486 καί
618 3419 753 3507 προσέτι
783 3422 952 3506 ζημιοῦται
979 3422 1061 3488 κατά
1085 3423 1147 3506 τήν

101 3545 125 3586 τι
139 3527 323 3612 μαρτυρίαν
355 3525 462 3593 οὐδέν.
508 3525 571 3610 ἐγὼ
603 3527 666 3610 γὰρ
698 3535 846 3612 πανταχῇ
873 3534 993 3591 τοῦτον
1020 3523 1147 3608 ἐλέγξαι
