2616 3910
175 167 241 232 498
490 171 546 224 ατ..
570 165 875 240 [εααοεοεαουε]

175 327 320 414 έκριβῶς
335 329 443 412 είδάς,
462 330 512 395 ὅτι
526 329 700 414 ὁμολογῶν
713 323 774 412 μέν
789 325 916 393 άδικετν
930 327 968 393 ἐν
981 327 1062 412 ύμίν
1077 329 1203 406 οὐδείς

176 455 227 502 ποι
246 435 406 520 ἀπέφυγε,
423 436 631 520 ύευδόμενος
648 431 685 501 δέ
704 432 759 500 καὶ
777 435 976 518 παραγωγὰς
994 433 1102 517 λέγων
1118 437 1190 519 ἥδη
1205 446 1260 495 ιοιι

174 563 226 618 τις
252 543 350 627 δίκην
377 541 439 608 ούκ
466 542 598 608 ἔδωκεν.
643 533 688 607 ἵν’
714 535 777 606 υύν
803 541 847 625 μὴ
876 540 1102 624 ἐξαπατηθῆτε
1132 539 1195 606 ὑπ’

176 645 292 732 αὐτοῦ,
314 633 445 732 βέλτιον
469 641 558 713 είναί
573 669 630 731 μοι
648 646 742 712 δοκεῖ
758 645 881 731 βραχέα
899 644 1048 730 καὶπερὶ
1066 649 1201 713 τούτου

136 767 163 808 ²²
176 753 259 837 πρὸς
281 752 366 838 ὑμᾶς
388 755 501 819 εἰπεῖν.
539 751 597 818 ἐὰν
620 753 683 836 γὰρ
704 750 795 836 λέγη,
819 751 863 830 ὡς
881 750 902 836 ἡ
920 747 982 836 μέν
1001 751 1061 836 έμη
1080 756 1199 838 μήτηρ

177 859 239 924 οὐκ
257 857 457 943 ἐπηνέγκατο
475 869 607 942 προῖκα,
625 857 646 940 ἡ
663 853 700 923 δέ
714 857 842 923 τούτων
856 856 1067 941 ἐπηνέγκατο,
1086 859 1198 924 ἐνθυ-
1280 861 1281 918 λ

176 962 287 1049 μείσθ’
305 965 356 1031 δτι
374 974 566 1050 περιφανῶς
583 963 749 1040 ψεύδεται.
785 973 918 1048 πρῶτον
936 959 997 1046 μέν
1015 965 1078 1049 γὰρ
1095 965 1196 1049 Πάμ

176 1075 274 1154 φιλος
301 1069 319 1137 ὁ
346 1071 452 1155 πατὴρ
480 1079 538 1153 της
564 1069 685 1134 τούτου
712 1070 835 1154 μητρὸς
856 1067 953 1135 πέντε
976 1069 1120 1135 τάλαντα
1141 1080 1195 1160 τῷ

176 1175 325 1264 δημοσίφ
345 1175 491 1260 ὀφείλων
507 1173 706 1258 ἐτελεύτησε,
725 1172 779 1240 καὶ
792 1175 956 1240 τοσούτου
970 1173 1083 1260 ἐδέησε
1097 1197 1194 1261 περι-

176 1279 335 1364 γενέσθαι
357 1304 389 1345 τι
411 1293 481 1357 τοῖς
503 1279 633 1346 ἐκείνου
655 1277 749 1346 παισὶ
771 1289 828 1364 της
850 1279 966 1356 ούσίας
986 1280 1194 1364 άπογραφεί-
1280 1303 1281 1362 ρ

177 1404 237 1471 σης
260 1384 314 1452 καὶ
338 1387 570 1471 δημευθείσης,
594 1379 671 1451 ὥστ’
695 1381 775 1452 οὐδέ
797 1388 834 1451 τὸ
858 1387 992 1471 ὄφλημα
1015 1395 1081 1452 πᾶν
1104 1384 1192 1473 ὑπὲρ
1280 1381 1281 1462 λ

176 1492 281 1558 αὐτοῦ
304 1491 509 1576 ἐκτέτεισται,
533 1489 604 1557 ἀλλ’
627 1493 675 1557 ἐτι
698 1490 752 1556 καλ
775 1501 839 1558 νῦν
863 1491 881 1557 δ
900 1493 1078 1576 Πάμφιλος
1096 1493 1190 1577 ὀφεί-

177 1602 245 1664 λειν
272 1607 317 1687 τρλ
340 1595 494 1686 Ιδημοσίρτ
524 1596 749 1680 ἐγγέγραπται.
794 1609 863 1674 πῶς
888 1592 950 1664 οὖν
974 1590 1047 1664 οἷόν
1070 1622 1105 1664 τε
1127 1601 1189 1666 τὸν
1280 1599 1281 1622 λ

177 1704 257 1788 ἐμὸν
279 1703 403 1787 πατέρα
425 1705 574 1789 χρήματα
598 1705 712 1786 λαβεῖν
730 1702 766 1769 ἐκ
784 1712 841 1786 τῆς
860 1707 1041 1788 Παμφίλου
1061 1705 1186 1789 οὐσίας,
1280 1689 1281 1696 ¹

176 1810 197 1894 ἣ
221 1805 294 1876 οὐδ’
317 1810 397 1875 αὐτὸ
420 1810 457 1875 τὸ
481 1810 615 1893 ὄφλημα
637 1817 677 1893 τῇ
700 1811 794 1875 πόλει
819 1809 914 1892 ίκανη
939 1809 1068 1893 ἐγένετο
1087 1810 1186 1877 ἐκτεῖ-

137 1931 164 1972 ⁸⁸
178 1933 248 1993 σαις
277 1912 375 1980 ἔπειτ’
402 1909 428 1980 δι
456 1915 576 1999 ἄνδρες
604 1911 754 1978 δικασταὶ
780 1909 976 1998 ἐνθυμεῖσθ’
1002 1916 1067 1998 ὅτι,
1095 1919 1126 1981 εί
1145 1919 1187 1983 τὰ

177 2022 317 2106 μάλιστα
344 2018 549 2103 περιεγένετο
577 2021 617 2084 τὰ
645 2021 792 2104 χρήματα
815 2029 932 2103 ταῦτα,
959 2021 1069 2105 ὥσπερ
1093 2017 1190 2090 οὗτοί

177 2144 292 2213 φασιν,
316 2125 377 2192 οὐκ
400 2124 442 2191 ἂν
466 2125 484 2190 ὁ
508 2125 584 2210 ἐμὸς
604 2127 710 2208 πατὴρ
729 2125 813 2190 αὐτὰ
831 2127 958 2208 ἐλαβεν,
981 2125 1052 2191 ἀλλ’
1076 2130 1111 2193 οί
1125 2139 1185 2196 τοῦ

178 2235 360 2316 Παμφίλου
382 2231 465 2309 υίελς
488 2232 633 2307 Βοιωτὸς
655 2228 710 2296 καὶ
728 2228 872 2308 Ἡδύλος
893 2229 950 2297 καί
970 2233 1184 2320 Εὐθύδημος,

178 2341 213 2404 οἳ
242 2338 303 2404 οὐκ
334 2335 376 2402 δν
409 2339 517 2420 δήπου
549 2335 602 2402 ἐπὶ
634 2333 694 2421 μὲν
725 2345 769 2424 τῷ
802 2337 977 2423 τάλλότρια
1005 2341 1184 2423 λαμβάνειν

178 2444 334 2510 δτιανοῦν
362 2443 513 2525 ἐποίουν,
542 2443 586 2518 ὡς
612 2440 667 2508 καὶ
695 2442 787 2526 ὑμεῖς
814 2443 954 2520 ἅπαντες
977 2449 1060 2526 ίστε,
1087 2446 1128 2510 τὰ
1150 2445 1180 2512 δ’

137 2567 164 2608 ¹⁴
178 2550 288 2616 αὑτῶν
319 2551 377 2616 τὸν
407 2549 487 2632 ε’μὸν
514 2547 637 2631 πατέρα
665 2551 833 2632 περιεῖδον
859 2549 1088 2634 κομισάμενον.
1134 2552 1183 2618 ὅτι

178 2652 238 2740 μέν
256 2660 373 2722 τοίνυν
391 2655 412 2738 ἥ
430 2679 468 2738 γε
486 2657 614 2721 τούτων
632 2657 738 2739 μήτηρ
758 2655 820 2720 οὐκ
838 2655 1037 2740 ἐπηνέγκατο
1053 2669 1181 2740 προῖκα,
1280 2709 1281 2716 ,

178 2759 248 2828 ἀλλ’
272 2756 365 2828 οὗτοι
383 2769 481 2826 τοῦτο
500 2763 692 2843 ύεύδονται,
717 2761 836 2838 ἱκανῶς
853 2761 938 2846 ὑμᾶς
961 2762 1183 2848 μεμαθηκέναι

177 2872 313 2952 νομιζιο·
343 2869 393 2934 δτι
418 2862 447 2931 δ’
473 2867 494 2950 ἡ
519 2868 578 2951 ἐμὴ
602 2871 709 2951 μήτηρ
733 2867 949 2953 ἐπηνέγκατο,
977 2868 1098 2954 ῥᾳδίως
1121 2871 1182 2953 ἐγὼ
1276 2861 1281 2884 ⁴

178 2973 283 3053 δείξω.
327 2984 460 3056 πρῶτον
483 2968 543 3056 μὲν
566 2973 629 3056 γὰρ
654 2972 875 3055 Πολυαράτου
897 2974 1050 3057 θυγάτηρ
1072 2969 1125 3058 ην,
1148 2975 1182 3053 ὃς

177 3075 233 3143 καί
264 3076 323 3163 ὑφ’
355 3078 449 3162 ὑμῶν
481 3078 612 3161 ἐτιμᾶτο
639 3074 695 3142 καί
721 3078 848 3161 πολλὴν
876 3077 994 3144 οὐσίαν
1022 3078 1180 3164 ἐκέκτητο·

178 3186 288 3249 ἔπειτα
320 3185 563 3266 μεμαρτύρηται
594 3182 689 3266 ύμῖν,
722 3183 766 3260 ὡς
796 3180 851 3247 καὶ
881 3182 902 3266 ἡ
931 3183 1057 3269 ἀδελφὴ
1085 3186 1182 3270 αὐτῆς
1280 3265 1281 3272 ρ

177 3289 342 3373 τοσαύτην
365 3300 486 3372 προῖκα
508 3287 748 3372 ἐπενεγκαμένη
769 3285 971 3379 Ἐρυξιμάχῳ
994 3292 1172 3378 συνῴκησε,
1182 3302 1242 3352 1016
1280 3285 1281 3308 ³

137 3411 163 3450 τε
177 3402 223 3482 τῷ
247 3397 398 3477 Χαβρίου
425 3394 575 3480 κηδεστῇ.
620 3396 702 3478 πρὸς
730 3391 767 3459 δὲ
793 3395 923 3472 τούτοις
946 3399 1100 3480 φαίνεταί
1119 3419 1180 3481 μου

178 3497 198 3576 ἡ
226 3501 332 3581 μήτηρ
358 3501 395 3564 τὸ
418 3511 550 3583 πρῶτον
574 3499 750 3566 ἐκδοθεῖσα
773 3500 1011 3583 Κλεομέδοντι,
1039 3496 1080 3567 ού
1102 3519 1180 3586 φασι
