2612 3918
490 193 586 245 ΚΑΤΑ
603 192 765 245 mmor.
1089 187 1131 254 67

122 377 240 438 μενονς
264 355 296 419 εί
312 350 373 439 μέν
390 355 507 419 τοίνυν
525 349 707 434 ἀποτρέψαι
725 349 887 436 συμφέρει
905 354 984 428 τοὺς
1001 352 1134 430 ἄλλους,

122 468 243 526 τοῦτον
261 458 317 525 καὶ
333 457 379 530 ,δι’
397 457 506 525 έκεῑνα
524 457 714 542 κολαστέον,
733 455 788 523 καὶ
805 460 932 542 μᾶλλόν
949 453 981 541 γ’
1003 456 1133 545 ὅσῳπερ

123 565 166 631 ἂν
188 556 210 651 η’
233 568 334 632 πλείω
355 563 411 630 καὶ
428 567 538 650 μείζω·
562 566 594 630 εί
610 561 647 631 δέ
665 563 850 648 παροξῦναι
867 562 922 628 καὶ
940 573 1060 630 τοῦτον
1077 561 1134 629 καλ

80 689 109 730 ³8
123 672 260 754 πάντας,
283 669 405 737 έατέον.
441 672 483 736 ἔτι
503 674 607 736 τοίνυν
629 668 697 737 οὑδ’
722 670 828 754 ὁμοίαν
851 665 946 738 οὑσαν
968 673 1062 754 τούτῳ
1080 672 1133 736 uu}-

122 772 234 846 κείνοις
260 771 438 854 συγγνώμην
460 770 632 853 εὑρήσομεν.
671 780 789 853 πρῶτον
812 768 866 852 μέν
887 770 944 854 γὰρ
967 768 984 833 ὃ
1006 771 1058 833 τὺν
1080 779 1133 832 θε·

123 867 274 949 σμοθέτην
304 869 449 949 πατάξας,
480 874 556 950 τρεῖς
581 861 657 950 εἶχεν
683 869 861 950 προφάσεις,
893 866 1006 948 μέθην,
1038 861 1133 949 ἔρωτ’,

123 963 264 1047 ἄγνοιαν,
291 965 340 1028 διὰ
365 964 399 1029 τὸ
426 965 549 1039 σκότους
575 963 627 1026 καλ
651 961 760 1038 νυκτὸς
786 963 819 1027 τὸ
844 975 964 1047 πρᾶγμα
985 962 1133 1046 γενέσθαι.

122 1056 221 1125 ὥσθ’
241 1058 258 1124 ὑ
280 1061 454 1141 Πολύζηλος
476 1059 549 1147 ὀργή
569 1061 620 1123 καλ
637 1060 747 1143 τρόπον
765 1062 922 1146 προπετείᾳ
940 1061 1063 1142 φθάσας
1080 1059 1133 1123 τὺν

123 1157 263 1241 λογισμὺν
285 1157 417 1220 ἔπαισεν·
440 1156 477 1221 οὑ
498 1158 555 1241 γὰρ
577 1157 684 1241 ἐχθρός
705 1152 735 1240 γ’
759 1157 891 1241 ὑπῆρχεν
913 1156 967 1240 άν,
989 1153 1056 1221 οὐδ’
1081 1152 1131 1236 ἐφ’

123 1257 209 1339 ὑβρει
233 1249 314 1319 τοῦτ’
337 1254 484 1336 ἐποίησεν.
529 1250 591 1316 ἀλλ’
616 1254 653 1318 οὑ
677 1255 792 1340 Μειδίμ
817 1255 930 1318 τοάτων
958 1253 1048 1318 οὐδέν
1072 1250 1131 1316 ἔστ’

123 1355 230 1415 εἰπεῖν·
261 1352 312 1414 καλ
333 1351 389 1435 γὰρ
411 1351 518 1434 ἐχθρὸς
540 1346 590 1434 ήν,
612 1351 663 1415 καλ
684 1347 754 1433 μεθ’
779 1349 892 1433 ἡμέραν
914 1351 1000 1426 εἰδὼς
1023 1353 1134 1434 ὑβριζε,

122 1450 173 1513 ιιαλ
196 1448 254 1512 οὑκ
275 1448 323 1510 ἕπλ
344 1451 452 1512 τούτου
475 1448 579 1529 μόνον,
601 1444 664 1511 ἀλλ’
689 1448 737 1512 έπλ
758 1449 879 1512 πάντων
902 1451 1039 1528 φαίνεται
1060 1469 1133 1530 προ-

83 1563 110 1602 ³9
123 1545 272 1635 ηρημένος
295 1540 326 1627 μ’
346 1545 486 1627 ὑβρίζειν.
521 1546 572 1608 καλ
594 1545 655 1626 μήν
673 1543 743 1608 οὑδὲ
761 1555 820 1608 τῶν
836 1545 1051 1630 πεπραγμένων
1069 1544 1134 1627 έμολ

123 1644 175 1708 καλ
199 1644 315 1717 τούτοις
337 1641 427 1706 οὐδὲν
450 1642 554 1724 ὅμοιον
577 1641 645 1725 ὑρῶ.
689 1652 805 1726 πρῶτον
829 1641 883 1724 μὲν
904 1641 960 1726 γὰρ
984 1640 1000 1706 ὑ
1023 1650 1134 1724 θεσμο-

124 1740 216 1821 θέτης
238 1739 293 1822 οὑχ
313 1737 389 1823 ὑπὲρ
409 1739 494 1821 ὑμῶν
511 1737 582 1802 οὑδὲ
599 1747 658 1802 τῶν
675 1738 777 1821 νόμων
795 1741 956 1823 φροντίσας
975 1735 1041 1804 οὐδ’
1062 1737 1134 1821 ἀγα-

124 1837 272 1917 νακτήσας
297 1837 475 1917 φανήσεται,
502 1833 565 1898 ἀλλ’
590 1837 652 1923 ίδίρ
674 1836 807 1910 πεισθείς
831 1834 929 1924 ὑπόσφ
953 1831 1058 1918 δήποτ’
1082 1835 1134 1920 ὑρ-

124 1936 217 2022 γυρίφ
239 1933 390 2013 καθυφεὶς
412 1933 463 1996 τὺν
486 1932 600 2016 ἀγῶνα·
636 1930 731 1998 ἔπειθ’
759 1933 775 1997 ὑ
798 1936 918 2018 πληγείς
940 1935 1052 2009 ἐκεῖνος
1075 1934 1134 1997 ὑπὺ

125 2043 177 2094 τοῦ
200 2031 391 2112 Πολυζήλου,
417 2029 505 2092 ταὺτὸ
526 2026 619 2112 τοῦτ’,
641 2031 704 2117 {atq
727 2032 955 2112 διαλυσάμενος,
976 2031 1126 2116 ἐρρῶσθαι
1136 2038 1187 2088 δεῖ

126 2128 218 2192 πολλὰ
240 2134 302 2202 τοῖς
324 2127 428 2209 νόμοις
450 2126 541 2190 εἰπὼν
563 2127 614 2190 καλ
635 2127 724 2209 ὑμῖν,
748 2125 815 2192 οὐδ’
840 2129 974 2212 εἰσήγαγε
996 2129 1048 2192 τὸν
1071 2133 1135 2192 Πο-

82 2243 112 2284 ιο
126 2227 260 2306 λὺζηλον.
295 2225 323 2287 εί
344 2222 399 2305 μὲν
420 2226 524 2288 τοίνυν
546 2223 667 2287 ἐκείνων
689 2232 862 2307 κατηγορεῖν
884 2227 1023 2307 βούλεταί
1040 2249 1084 2300 τις
1102 2225 1135 2289 λυ

125 2330 167 2410 τῷ
193 2321 332 2404 παρόντι,
359 2322 410 2383 δεῖ
432 2321 525 2404 λέγειν
551 2331 657 2401 ταῦτα,
683 2322 711 2384 εί
734 2317 763 2384 δ’
788 2319 862 2404 ὑπὲρ
885 2313 928 2384 ὧν
950 2321 1006 2405 ἐγὼ
1028 2324 1136 2386 τούτου

125 2413 302 2502 κατηγέρηιί
332 2416 556 2500 ἀπολογεῖσθαι,
586 2419 683 2480 πάντα
710 2423 820 2499 μᾶλλον
846 2416 867 2498 ή
893 2428 986 2482 ταῦτα
1011 2418 1135 2482 λεκτέον.

126 2517 301 2600 πάνταγὰρ
324 2511 457 2579 τάναντί’
481 2515 605 2591 έκείνοις
627 2515 716 2590 αὑτὸς
743 2513 798 2596 μὲν
824 2513 892 2578 οὑιε
919 2513 1019 2596 λαβὼν
1046 2514 1137 2579 οὐδέν

127 2611 193 2681 οὔτ’
212 2614 396 2697 έπιχειρήσας
418 2615 520 2695 λαβεῖν
537 2613 721 2694 φανήσομαι,
742 2610 798 2692 τήν
817 2606 845 2674 δ’
865 2609 940 2694 ὑπὲρ
957 2621 1017 2674 τῶν
1034 2613 1137 2694 νόμων

127 2713 178 2776 καλ
194 2712 250 2792 τήν
268 2709 343 2795 ὑπὲρ
361 2721 414 2774 τοῦ
431 2718 508 2775 θεοῦ
526 2709 577 2772 καλ
594 2709 649 2790 τήν
667 2706 742 2792 ὑπὲρ
760 2708 846 2789 ὑμῶν
859 2709 1001 2791 τιμωρίαν
1015 2709 1138 2785 δικαίως

128 2811 261 2890 φυλάξας
278 2808 405 2872 τοίνυν
423 2805 618 2882 άιιοὺεδοιιιὼς
636 2807 718 2889 ὑμῖν.
754 2804 797 2889 μή
816 2805 933 2869 τοίνυν
951 2801 1024 2870 έᾶτε
1041 2800 1134 2869 ταῦτ’
1244 2877 1245 2882 1

129 2913 232 2978 αὐτὸν
254 2911 373 2994 λέγειν,
397 2908 489 2995 μηδ’,
513 2909 555 2976 ἂν
578 2910 736 2994 βιάζηται,
759 2907 914 2976 πείθεσθ’
941 2910 985 2986 ὡς
1008 2910 1138 2974 δίκαιόν

88 3037 115 3076 ιι
128 3042 160 3083 τι
191 3016 330 3100 λέγοντι.
376 3013 418 3080 άν
446 3017 510 3101 γάρ
537 3009 635 3080 ταῦθ’
666 3015 772 3092 οὕτως
798 3012 976 3099 ἐγνωσμέν’
1006 3014 1138 3100 ὑπάρχη

129 3121 206 3206 παρ’
227 3123 318 3208 ὑμῖν,
336 3121 400 3188 οὐκ
417 3120 547 3187 ένέσται
564 3121 653 3210 αὐτῷ
672 3123 772 3205 λόγος
789 3117 869 3186 οὐδὲ
887 3113 943 3196 εἷς.
978 3124 1057 3188 ποιά
1074 3122 1137 3203 γὰρ

7 3317 8 3324 ¹
129 3232 309 3314 πρόφασις,
337 3231 387 3306 τίς
410 3227 606 3311 ἀνθρωπίνη
630 3224 686 3292 καὶ
708 3229 823 3311 μετρία
846 3235 964 3310 σκήψις
986 3238 1139 3310 φανεῖται

129 3346 197 3401 τῶν
218 3331 459 3419 πεπραγμένων
481 3333 585 3422 αὐτῷς
608 3332 691 3416 ὀργή
713 3332 756 3415 νή
775 3335 856 3396 Διά·
879 3329 935 3396 καὶ
957 3332 1139 3416 γάρτοῦτο

130 3443 232 3526 τυχὸν
258 3439 352 3518 λέξει.
398 3434 469 3505 ἀλλ’
497 3435 518 3503 ά
545 3436 605 3523 μὲν
633 3438 675 3502 άν
701 3460 751 3514 τις
780 3438 876 3520 άφνω
899 3437 958 3502 τὸν
981 3439 1140 3520 λογισμὸν

8 3551 9 3558 '
132 3548 267 3629 φθάσας
295 3543 417 3630 ἐξαχθῇ
444 3544 579 3625 πρᾶξαι,
611 3540 674 3610 κᾶν
700 3541 899 3628 ὑβριστικῶς
925 3543 1061 3626 ποιήσῃ,
1093 3533 1134 3606 δι’
1172 3577 1175 3600 2

944 3645 980 3696 ὅ*
