2612 3918
492 151 596 202 ’ΚΑΤΑ
613 149 776 202 ΜΕΙΔΙΟΤ.
1103 146 1146 212 69

133 308 192 376 καὶ
214 312 295 375 κατὰ
316 321 384 376 τῶν
407 310 468 390 ἔξω
490 319 552 376 τοῦ
573 311 762 395 πράγματος
785 312 892 375 ὄντων
914 303 1023 394 ἡγεῖθ’
1049 307 1067 374 ὁ
1090 331 1146 374 νο-

134 415 293 500 μοθέτης·
321 418 384 500 τὴν
406 413 467 501 μὲν
489 418 553 502 γάρ
577 419 673 500 ίσχὺν
696 416 833 499 ὀλίγων,
861 418 939 494 τοὺς
963 411 999 480 δὲ
1021 417 1147 500 νόμους

135 521 292 587 ἁπάντων
319 518 421 605 εἶναι,
449 520 504 588 καὶ
531 523 591 588 τὸν
617 518 679 607 μὲν
704 516 872 588 πεισθέντ’
899 522 999 602 ἰδίας,
1026 521 1085 587 τὸν
1109 516 1146 586 δὲ

135 627 320 710 βιασθέντα
343 630 504 712 δημοσίας
527 630 660 694 δεῖσθαι
677 630 845 711 βοηθείας.
882 628 997 711 διόπερ
1015 625 1070 691 καὶ
1088 635 1146 709 της

135 732 263 818 ὕβρεως
286 733 387 817 αὐτῆς
409 735 467 811 τάς
489 731 550 818 μὲν
574 735 704 819 γραφὰς
724 736 847 799 ἔδωκεν
865 733 985 799 ἀπαντι
1002 741 1048 821 τῷ
1066 734 1145 816 βον-

135 839 280 928 λομένφ,
310 841 347 904 τὸ
375 836 412 906 δέ
441 836 552 926 τίμημ’
584 838 739 923 ἐποίησεν
766 840 846 906 ὅλον
874 840 1048 923 δημόσιον·
1084 838 1145 920 τὴν

135 946 199 1029 γάρ
222 947 321 1010 πόλιν
342 943 444 1028 ἡγεῖτ’
471 945 614 1029 ἀδικεῖν,
637 946 680 1011 οὐ
702 947 761 1012 τὸν
783 948 935 1010 παθόντα
958 946 1064 1029 μόνον
1086 945 1146 1010 τὸν

135 1050 282 1136 ὑβρίζειν
305 1051 543 1137 ἐπιχειροῦντα,
566 1049 621 1117 καὶ
645 1053 742 1135 δίκην
761 1052 879 1134 ίκανὴν
896 1051 958 1133 τὴν
975 1052 1136 1135 τιμωρίαν
1146 1062 1197 1110 529

136 1151 292 1244 εἶναιτῷ
315 1159 470 1240 παθόντι,
493 1159 642 1243 χρήματα
665 1155 696 1223 δ’
722 1157 764 1224 οὐ
786 1160 965 1243 προσήκειν
988 1167 1056 1221 τῶν
1078 1178 1145 1220 τοι-

93 1289 121 1328 ιε
136 1263 245 1327 οάτων
268 1256 321 1346 ἐφ’
342 1260 447 1351 ἑαυτῷ
471 1264 661 1348 λαμβάνειν.
696 1263 751 1329 καί
769 1264 913 1347 τοσαύτη
932 1257 961 1346 γ’
983 1253 1142 1347 ἐχρήσαθ’

134 1367 318 1453 ὑπερβολῇ,
350 1369 433 1435 ὥστε
460 1367 523 1434 κάν
550 1371 598 1446 είς
626 1370 750 1435 δοῦλον
776 1369 892 1454 ὑβρίζη
923 1392 989 1453 τις,
1023 1367 1145 1452 ὁμοίως

134 1475 258 1539 ἔδωκεν
280 1471 363 1557 ὑπὲρ
385 1475 508 1540 τούτου
530 1478 674 1561 γραφὴν.
711 1475 752 1541 οὐ
774 1477 838 1561 γὰρ
862 1475 951 1552 ὅστις
972 1473 990 1540 ὁ
1008 1475 1145 1558 πάσχων

135 1579 216 1667 ᾤετο
246 1582 318 1646 δεῖν
344 1593 496 1664 σκοπεῖν,
525 1581 607 1648 ἀλλά
632 1584 669 1648 τὸ
692 1579 813 1667 πρᾶγμ’
841 1581 958 1647 ὁποῖόν
979 1602 1011 1646 τι
1034 1581 1071 1646 τὸ
1095 1603 1145 1662 γι-

134 1689 312 1771 γνόμενον·
335 1687 448 1770 ἐπειδὴ
473 1683 503 1752 δ’
531 1682 628 1773 εὗρεν
652 1687 713 1752 οὐκ
736 1687 937 1771 ἐπιτήδειον,
960 1688 1040 1772 μὴτε
1062 1686 1145 1770 πρὸς

136 1793 261 1857 δοῦλον
279 1789 359 1876 μηθ’
383 1792 468 1870 ὅλως
488 1791 608 1872 ἐξεῖναι
626 1793 781 1874 πράττειν
800 1790 983 1878 ἐπέτρεψεν.
1020 1791 1062 1858 οὐ
1080 1793 1144 1876 γάρ

134 1891 200 1963 ἔστ’
223 1896 285 1962 οὐκ
307 1900 397 1963 ἔστιν
421 1893 446 1962 ὦ
469 1899 589 1983 ἄνδρες
608 1895 781 1981 Ἀθηναῖοι
803 1901 870 1963 τῶν
891 1900 1025 1982 πάντων
1043 1893 1144 1964 οὐδὲν

135 2003 262 2088 ὕβρεως
284 2002 548 2089 ἀφορητότερον,
571 2001 645 2070 οὐδ’
672 2001 724 2088 ἐφ’
752 2004 815 2091 ὅτῳ
839 2009 965 2089 μᾶλλον
987 2004 1067 2090 ὑμίν
1089 2004 1144 2089 ὀρ-

135 2112 287 2194 γίζεσθαι
313 2110 480 2193 προσήκει.
526 2108 701 2191 ἀνάγνωθι
729 2105 759 2174 δ’
788 2108 891 2174 αὐτόν
917 2132 974 2194 μοι
1000 2111 1061 2175 τὸν
1088 2119 1145 2192 τῆς

134 2215 264 2300 ὕβρεως
293 2217 412 2299 νόμον·
448 2210 551 2281 οὐδὲν
581 2217 645 2300 γάρ
677 2206 751 2280 οἷον
783 2214 918 2280 ἀκούειν
950 2215 1053 2280 αὐτοῦ
1083 2225 1145 2282 τοῦ

135 2324 251 2405 νόμον.

569 2496 705 2549 ΝΟΜΟΣ.

95 2651 120 2690 a
222 2611 294 2678 Ἐάν
316 2639 360 2690 τις
383 2615 491 2702 δβρίση
513 2615 555 2689 εἴς
573 2638 649 2694 τινα,
672 2612 801 2694 ἡπαῐδα
818 2612 839 2696 ἡ
856 2621 983 2697 γυναῖκα
1000 2612 1021 2696 ἡ
1038 2613 1144 2697 ἀνδρα,
1176 2687 1179 2694 Ι

180 2721 238 2775 τῶν
265 2711 429 2796 ἐλευθέρων
456 2711 477 2793 ἡ
504 2721 563 2774 τῶν
591 2713 720 2790 δούλων,
747 2709 767 2792 ἡ
789 2711 962 2794 παράνομόν
984 2735 1013 2774 τι
1033 2713 1143 2800 ποιὴση

181 2811 222 2883 εἰς
244 2810 357 2872 τούτων
374 2810 451 2889 τινά,
472 2807 634 2891 γραφέσθω
654 2808 728 2891 πρὸς
746 2810 815 2882 τοὺς
832 2808 1018 2889 θεσμοθέτας
1037 2806 1053 2871 δ
1071 2812 1144 2890 βον-

180 2907 302 2987 λόμενος
322 2901 493 2985 Ἀθηναίων
511 2901 556 2979 οἷς
575 2905 693 2985 ἔξεστιν,
715 2906 748 2968 οἱ
763 2903 794 2968 δὲ
812 2904 995 2987 θεσμοθέται
1011 2906 1144 2988 εἰσαγόν-

180 3025 239 3066 των
261 3004 304 3077 είς
326 3003 381 3082 τὴν
403 3000 522 3082 ἡλιαίαν
540 3003 695 3083 τριάκοντα
712 2999 829 3084 ἡμερῶν
848 2997 903 3082 ἀφ’
922 2995 960 3083 ἡς
978 3001 1016 3064 ἀν
1032 3013 1144 3088 γραφῇ,

179 3099 233 3162 έάν
251 3101 293 3181 μὴ
311 3123 339 3161 τι
357 3099 500 3180 δημόσιον
517 3099 629 3185 κωλάη,
651 3099 678 3159 εἰ
695 3095 727 3159 δὲ
746 3097 797 3178 μὴ,
815 3098 887 3161 ὅταν
904 3086 924 3185 ἡ
943 3107 1059 3178 πρῶτον
1078 3094 1143 3162 οἷόν

179 3219 218 3260 τε.
262 3197 332 3259 δτον
360 3191 389 3259 δ’
414 3195 452 3258 ἀν
478 3201 613 3281 καταγνῷ
639 3192 659 3274 ἡ
686 3192 801 3274 ἡλιαία,
827 3197 936 3276 τιμάτω
962 3195 1029 3276 περὶ
1051 3195 1164 3258 αὐτοῦ’

180 3303 366 3375 παραχρῆμα,
389 3294 459 3355 ὅταν
477 3291 515 3355 ἀν
534 3293 608 3378 δοκῇ
627 3290 708 3366 ἀξιος
726 3287 803 3354 εἶναι
820 3299 930 3355 παθεῖν
948 3289 968 3372 ἡ
986 3291 1144 3356 ἀποτεῖσαι.

172 3387 256 3453 Ὀσοι
277 3387 305 3453 δ’
326 3389 365 3452 διν
382 3391 555 3473 γράφωνται
571 3389 688 3473 γραφὰς
707 3390 784 3463 ἰδίας
802 3389 877 3452 κατὰ
895 3388 946 3452 τὸν
964 3389 1069 3470 νόμον,
1091 3389 1144 3450 έάν

179 3511 223 3562 τις
242 3487 282 3567 μὴ
300 3486 442 3571 ἐπεξέλθῃ
460 3486 481 3568 ἡ
499 3486 622 3563 ἐπεξιὼν
639 3486 681 3567 μὴ
699 3488 845 3571 μεταλάβη
865 3486 897 3549 τδ
911 3485 1042 3566 πέμπτον
1057 3485 1143 3566 μέρος
