2590 3900
161 157 226 222 246
464 159 561 214 XXIV.
583 157 862 212 ΔΗΜΟΣΘΕΝΟΤΣ

161 327 227 384 τῶν
253 320 442 403 μελλόντων
468 321 693 406 κριθήσεσθαι
714 327 901 402 προστιμᾶν
923 317 1068 383 κελεύων
1091 321 1173 394 τοῦς

161 423 317 500 δικαστάς
348 425 426 501 τοὺς
457 423 684 507 ὀμωμοκότας,
716 423 823 510 άκυρα
854 423 895 487 τά
920 425 1172 508 προστιμήματα
1277 413 1278 484 ᾗ

159 539 263 610 ποιεῖ,
290 530 372 611 πρὸς
401 524 437 594 δὲ
464 531 594 606 τούτοις
620 528 787 613 ἐπιτίμους
809 531 888 604 τοὺς
910 528 1105 611 ὀφείλοντας
1128 529 1172 594 οὐ
1277 555 1278 558 “

160 635 200 698 τά
222 630 421 719 προσήκοντ’
447 633 635 712 ἐκτίνοντας
656 637 866 718 καθίστησιν,
890 634 974 711 ὅλως
997 631 1027 700 δ’
1050 633 1172 700 ἐπιδεί-
1277 669 1278 678 =

160 756 259 805 κνυσι
281 741 389 824 μάτην
411 739 590 825 ὀμνύντας,
613 751 790 825 τιμῶντας,
814 740 1019 822 δικάζοντας,
1043 740 1136 824 όργιζ
1156 781 1172 790 -

161 843 298 929 μένους,
329 845 457 910 ἅπαντα
487 853 666 922 ποιοῦντας
696 843 789 929 ὑμᾶς.
842 844 906 928 ἐγὼ
937 840 998 928 μὲν
1030 846 1109 929 γάρ,
1141 847 1175 912 εἰ

162 953 299 1035 Κριτίας
321 949 340 1016 ό
362 952 540 1034 γενόμενος
562 960 629 1017 τῶν
652 946 818 1036 τριάκοντ’
844 947 1015 1034 είσέφερεν
1038 952 1096 1016 τὸν
1114 952 1173 1016 νό-

160 1079 235 1140 μον,
258 1055 321 1121 οὐκ
344 1052 385 1120 ἀν
408 1056 510 1121 ἀλλον
533 1056 657 1140 τρόπον
680 1051 771 1141 οἶμαι
789 1051 950 1142 γράψαντ’
973 1057 1173 1138 εἰσενεγκεῖν
1277 1041 1278 1086 ’

161 1159 333 1246 ήτοῦτον.

122 1285 147 1325 οι
242 1264 312 1331 ’Ότι
340 1269 456 1331 τοίνυν
479 1265 561 1349 ὅλην
584 1277 702 1351 συγχεῖ
721 1267 782 1351 τήν
804 1269 974 1333 πολιτείαν
996 1264 1053 1332 καὶ
1074 1289 1173 1332 κατα-

162 1373 234 1438 λύει
257 1373 363 1438 πάντα
385 1373 426 1437 τά
446 1370 616 1457 πράγμαθ’
645 1371 662 1438 ὁ
685 1375 797 1457 νόμος,
820 1370 876 1438 καὶ
897 1373 1021 1448 πολλάς
1044 1376 1172 1455 φιλοτι-

162 1481 238 1563 μίας
260 1488 476 1561 περιαιρεῖται
498 1485 555 1560 τῆς
577 1479 719 1562 πόλεως,
747 1477 801 1543 καὶ
823 1485 921 1543 τοῦτο
945 1477 1068 1564 ῥᾳδίως
1086 1477 1172 1561 ὑμᾶς

161 1585 283 1668 νομίζω
307 1588 530 1667 μαθήσεσθαι.
566 1589 635 1650 ίστε
657 1585 721 1667 γάρ
745 1585 853 1668 δήπου
871 1582 983 1666 τοῦθ’,
1006 1583 1057 1649 ὅτι
1075 1580 1172 1669 σφ’ζε-

161 1714 216 1755 ται
238 1690 395 1765 πολλάκις
417 1689 511 1773 ήμῶν
533 1688 554 1771 ἡ
578 1691 672 1767 πόλις
696 1691 751 1755 διὰ
773 1691 831 1766 τάς
853 1691 1023 1774 στρατείας
1041 1687 1095 1754 καὶ
1114 1690 1172 1766 τὰς

162 1795 319 1871 ναυτικάς
341 1792 396 1860 καὶ
417 1795 475 1871 τὰς
496 1794 604 1879 πεζάς,
626 1792 682 1860 καὶ
703 1797 810 1861 πολλὰ
831 1793 886 1860 καὶ
909 1795 992 1860 καλά
1015 1795 1173 1870 πολλάκις

162 1902 227 1984 ήδη
261 1899 482 1985 διεπράξασθε
513 1897 569 1964 καὶ
595 1898 761 1977 σώσαντές
787 1923 880 1976 τινας
906 1898 961 1964 καὶ
988 1900 1172 1985 τιμωρησά-

123 2025 150 2065 νε
163 2029 258 2091 μενοι
280 2003 335 2072 καὶ
360 2005 600 2085 διαλλάξαντες.
636 2015 706 2082 πῶς
728 1999 791 2070 οὖν
813 2005 940 2090 ἀνάγκη
962 2013 1066 2071 ταῦτα
1089 2006 1172 2070 διοι-

163 2124 234 2177 κεῖν
262 2111 344 2190 ἐστί;
374 2112 429 2175 διὰ
456 2112 678 2194 ψηφισμάτων
705 2108 760 2176 καὶ
787 2113 900 2195 νόμων
925 2122 996 2188 τοῖς
1022 2108 1083 2194 μάν
1106 2113 1172 2176 είσ-

164 2215 280 2302 φέρειν
303 2213 553 2300 ἐπιτάττονταςζ*
575 2219 653 2293 τοὺς
676 2212 713 2282 δέ
734 2228 945 2302 τριηραρχεῖν
967 2217 1172 2299 κελεύοντας,

163 2326 242 2399 τοὺς
265 2319 301 2388 δὲ
323 2327 428 2404 πλεῖν,
452 2324 530 2399 τοὺς
553 2319 583 2386 δ’
605 2320 725 2387 ἕκαστα
747 2333 857 2388 ποιεῖν
879 2317 927 2388 ὧν
950 2323 1028 2387 δεῖ·
1047 2321 1173 2388 οὐκοῦν

163 2425 261 2494 ταῦθ’
288 2428 376 2504 ὅπως
397 2431 564 2510 γίγνηται,
596 2427 790 2514 δικαστήρια
811 2432 976 2514 πληροῦτε
998 2426 1054 2493 καὶ
1075 2451 1173 2493 κατα-

164 2535 361 2616 γιγνώσκετε
394 2534 517 2618 δεσμὸν
548 2544 615 2597 τῶν
643 2532 887 2617 ἀκοσμούντων.
932 2532 1101 2609 σκέψασθε
1129 2534 1171 2616 δή

164 2642 223 2706 τὸν
245 2647 306 2706 τοῦ
328 2642 431 2703 καλοῦ
454 2637 606 2721 κάγαθοῦ
628 2639 750 2703 τούτου
772 2640 888 2722 νόμον,
914 2639 958 2715 ὡς
980 2641 1173 2722 λυμαίνεται

126 2753 266 2810 τοιαῦτα
293 2742 348 2810 καὶ
376 2745 574 2832 διαφθείρει.
619 2743 799 2830 γέγραπται
825 2746 888 2830 γάρ
917 2746 1024 2830 δήπου
1055 2744 1104 2826 [ἐν
1126 2755 1172 2835 τῷ
1277 2831 1278 2836 ¹

164 2853 256 2938 νόμφ
279 2850 413 2932 αὐτοῦ],
438 2847 515 2933 ,καὶ
537 2855 572 2914 εί
589 2873 656 2915 τινι
677 2861 745 2916 τῶν
767 2850 972 2934 ὀφειλόντων
994 2855 1224 2936 προστετί-ίῖθ

164 2980 263 3042 μηται
282 2957 406 3040 δεσμοῦ
419 2954 445 3039 ή
463 2954 517 3021 καὶ
536 2957 573 3020 τὸ
592 2957 710 3021 λοιπὸν
728 2964 950 3042 προστιμηθῇ,
971 2951 1058 3022 εἶναι
1076 2979 1173 3022 κατα-

165 3065 322 3146 στήσαντι
345 3062 520 3145 ἐγγυητάς,
546 3057 568 3145 ή
592 3063 658 3145 μήν
681 3061 734 3127 ἐπὶ
756 3071 813 3146 τῆς
836 3062 952 3146 ἐνάτης
974 3065 1173 3145 πρυτανείας

165 3166 322 3233 ἐκτείσειν
339 3169 376 3233 τὸ
396 3167 567 3253 ἀργύριον,
592 3167 752 3252 ἀφεῖσθαι
770 3177 831 3232 τοῦ
849 3169 1005 3252 δεσμοῦ“.
1041 3169 1091 3243 τίς
1109 3161 1173 3232 οὖν

164 3275 267 3356 πόρος
300 3275 404 3350 ἐσται;
437 3270 498 3338 τίν’
531 3273 789 3357 ἀποσταλήσεται
820 3275 944 3359 τρόπον
971 3273 991 3356 ή
1019 3272 1170 3355 στρατιά;

165 3387 234 3452 πῶς
255 3378 295 3440 τά
313 3374 448 3461 χρήματ’
470 3377 698 3461 εἰσπράξομεν,
722 3375 764 3442 άν
782 3377 918 3456 ἕκαστος
936 3377 1172 3460 οὑφλισκάνων
1231 3417 1234 3426 ·

167 3479 324 3564 ἐγγυητάς
346 3488 487 3567 καθιστῇ
510 3484 591 3547 κατά
614 3483 673 3564 τὸν
691 3483 812 3548 τούτου
829 3486 945 3566 νόμον,
968 3480 1050 3546 ἀλλά
1069 3483 1113 3566 μή
1132 3484 1170 3546 τὸ
