2616 3910
185 247 251 313 468
469 249 605 301 xxxvn.
629 249 907 302 αωωοιιοοιιοτε

185 411 235 488 τίς
267 403 297 474 δ’
329 405 370 474 άν
402 407 511 494 οίκέτη
544 411 793 494 παραχωρήσειε
823 411 958 492 πολίτης
984 419 1051 474 τῶν
1079 408 1201 487 αὐτοῦς

185 513 206 598 ἢ
229 519 280 592 τίς
302 511 344 580 άν
367 517 515 599 φήσειεν,
542 509 590 581 διν
614 515 711 598 δίκην
734 516 844 599 λαχὼν
867 512 989 601 ᾕρηκεν
1012 509 1109 591 οὗτος
1132 515 1203 580 Εὔ-

186 641 301 702 εργον,
331 621 459 686 τούτων
491 617 544 686 καὶ
577 621 636 685 τὸν
663 619 744 704 ίμὸν
771 618 860 686 παῖδ’
889 620 1085 685 ὑπεύθυνον
1112 616 1202 686 εἶναι

146 743 171 786 ιι
186 729 379 812 προσήκειν;
404 723 503 811 χωρὶς
527 721 563 792 δὲ
586 726 714 792 τούτων
737 726 837 802 αὐτὸς
855 725 958 791 αὐτὸν
976 720 1074 802 οὗτος
1092 726 1202 809 ἀφῆκε

186 841 253 896 τῶν
279 831 440 897 τοιούτων
467 833 582 897 αἰτιῶν
610 829 756 896 ἀπασῶν.
802 831 843 898 ού
871 833 934 917 γάρ
962 839 1026 897 νῦν
1054 833 1121 897 ἔδει
1147 829 1200 896 λί-

186 961 269 1020 γειν,
293 933 365 1003 οὐδ’
389 939 435 1014 είς
457 938 518 1020 τὴν
541 939 725 1021 πρόκλησιν
749 938 893 1022 γράφειν
914 935 951 1004 ἐν
970 927 990 1023 ᾖ
1009 940 1200 1021 βασανίζειν

186 1041 301 1129 ἐξῄτει,
324 1041 407 1108 ἀλλά
427 1036 557 1126 λαχόντ’
578 1041 692 1131 ἐκείνην
711 1043 773 1126 τὴν
793 1043 890 1128 δίκην
907 1043 967 1109 τὸν
984 1043 1103 1127 κύριον
1122 1044 1200 1108 διώ-

185 1171 257 1214 κειν
280 1145 343 1233 δμί.
381 1155 444 1214 νῦν
468 1141 498 1213 δ’
520 1153 650 1232 εἴληχεν
674 1143 734 1232 μὲν
758 1146 841 1231 ἐμοί,
864 1159 1044 1231 κατηγορεῖ
1063 1145 1094 1213 δ’
1117 1148 1200 1214 ἐκεί-

185 1275 257 1320 νου.
303 1261 405 1319 ταῦτα
433 1249 463 1318 δ’
491 1252 553 1320 οὐκ
580 1252 680 1319 ἐῶσιν
708 1253 745 1319 oc
768 1255 879 1338 νόμοι·
907 1258 957 1332 τίς
981 1255 1043 1340 γὰρ
1066 1256 1200 1320 πώποτε

185 1367 230 1444 τῶ
259 1359 401 1443 δεσπότη
427 1359 551 1442 λαχών,
579 1369 640 1426 τοῦ
664 1359 789 1425 δούλου
812 1359 851 1423 τά
874 1357 1059 1444 πράγμαθ’,
1087 1360 1199 1444 ὥσπερ

184 1467 319 1549 κνριόν,
342 1465 579 1548 κατηγόρησενς

145 1589 171 1631 ιι
271 1568 424 1636 Ἐπειδὰν
446 1572 561 1636 τοίνυν
584 1593 634 1647 τις
656 1569 759 1636 αὐτὸν
782 1574 894 1656 ἔρηται
918 1568 995 1654 ,καὶ
1015 1573 1051 1635 τί
1066 1573 1199 1638 δίκαιον

185 1674 266 1757 ἕξεις
290 1673 398 1762 λέγειν
420 1676 502 1759 πρὸς
523 1677 769 1760 Νικόβουλον“;
794 1685 940 1760 μισοῦσι,
964 1674 1078 1760 φησὶν,
1098 1674 1198 1762 Ἀθη-

184 1792 274 1849 ναῖοι
291 1783 370 1859 τοὺς
387 1783 610 1859 δανείζοντας·
630 1783 841 1863 Νικόβουλος
860 1778 891 1847 δ’
914 1781 1099 1867 ἐπίφθονός
1117 1783 1197 1866 ἐστι,

184 1885 239 1954 καὶ
264 1885 387 1972 ταχέως
414 1887 554 1970 βαδίζει,
582 1884 637 1951 καλ
664 1885 747 1970 μέγα
776 1886 974 1971 φθέγγεται,
1001 1884 1056 1952 καλ
1078 1891 1195 1972 βακτη-

184 1997 262 2078 ρίαν
285 2003 395 2080 φορεί·
420 2001 522 2058 ταῦτα
541 1986 572 2057 δ’
595 1989 685 2057 ἐστὶν
703 1993 842 2074 ἅπαντα,
866 1990 982 2078 φησίν,
1005 1994 1088 2075 πρὸς
1105 1993 1196 2078 ἐμοῦ.

184 2097 240 2166 καὶ
261 2095 352 2165 ταῦτ’
375 2097 436 2163 οὐκ
459 2097 651 2182 αἰσχύνεται
675 2095 793 2180 λέγων,
816 2094 896 2164 οὐδὲ
918 2100 996 2175 τοὺς
1015 2097 1198 2178 ἀκούοντας

185 2211 287 2272 οίεται
315 2203 516 2290 μανθάνειν,
545 2204 595 2268 ὅτι
624 2207 916 2288 συκοφαντοῦντός
944 2203 1012 2270 ἐστι
1040 2208 1198 2290 λογισμὸς

144 2329 170 2370 ιε
185 2305 296 2392 οὗτος,
326 2309 386 2376 οὐκ
414 2307 644 2392 ἀδικουμένου.
690 2309 754 2392 ἐγὼ
782 2304 813 2374 δ’
840 2308 967 2375 άδικείν
989 2306 1050 2394 μὲν
1073 2309 1197 2377 οὐδένα

184 2429 251 2485 τῶν
278 2416 497 2494 δανειζόντων
525 2421 652 2498 οἴομαι,
684 2421 856 2498 μισεῖσθαι
883 2412 997 2499 μέντοι
1023 2417 1116 2494 τινάς
1142 2419 1185 2482 εί
1198 2431 1244 2478 982

184 2525 287 2600 κότως
319 2519 360 2588 άν
393 2515 452 2604 ὑφ’
481 2520 591 2605 ὑμῶν,
625 2523 661 2587 οἳ
688 2518 808 2605 τέχνην
836 2522 872 2586 τὸ
900 2530 1034 2605 πρᾶγμα
1060 2543 1196 2607 πεποιη·

184 2629 292 2715 μένοι,
321 2629 400 2713 μήτε
429 2627 627 2712 συγγνώμης
654 2621 727 2710 μήτ’
759 2627 863 2692 ἄλλον
889 2629 980 2704 τινός
1008 2629 1092 2692 είσιν
1119 2625 1191 2693 ἀλλ’

184 2735 204 2820 ἣ
231 2745 293 2802 τοῦ
320 2737 481 2810 πλείονος.
528 2734 583 2798 διά
608 2734 671 2818 γὰρ
695 2734 732 2797 τὸ
756 2730 812 2798 καὶ
835 2733 1051 2798 δεδανεῖσθαι
1074 2735 1196 2799 πολλά-

183 2866 249 2925 κις,
277 2841 321 2926 μη
349 2841 455 2925 μόνον
482 2837 581 2914 αὐτὸς
607 2839 713 2926 τούτω
740 2839 906 2921 δανεῖσαι,
935 2833 1007 2903 οὐδ’
1033 2837 1097 2921 ἐγὼ
1120 2841 1195 2905 τού-

7 3013 10 3022 ,
184 2970 262 3023 τους
289 2945 415 3028 άγνοῶ,
446 2940 524 3010 οὐδὲ
552 2949 655 3028 φιλῶ,
684 2943 725 3009 ού
753 2942 864 3029 μέντοι
892 2937 923 3026 γ’
953 2943 1123 3029 άποστερῶ
1151 2947 1196 3030 μά

7 3045 10 3132 ξ
143 3071 170 3113 ιι
184 3047 243 3118 Δί’
271 3047 350 3118 οὐδὲ
378 3062 585 3136 συκοφαντῶ.
632 3051 722 3126 ὅστις
751 3047 781 3115 δ’
809 3057 976 3134 εἴργασται
1002 3046 1063 3133 μὲν
1086 3049 1195 3134 ὥσπερ

8 3141 9 3152 ¹
184 3160 248 3242 ἐγὼ
272 3157 381 3224 πλέων
400 3155 456 3223 καὶ
474 3157 692 3239 κινδυνεύων,
717 3155 903 3240 εὐπορήσας
922 3151 958 3220 δὲ
977 3165 1104 3239 μικρῶν
1122 3153 1195 3220 ίδά-
1301 3223 1306 3234 ,

183 3281 272 3330 νεισε
290 3273 403 3345 ταῦτα,
422 3260 478 3328 καὶ
496 3264 700 3347 χαρίσασθαι
718 3264 921 3346 βουλόμενος
938 3258 994 3326 καὶ
1012 3261 1056 3345 μὴ
1076 3263 1195 3326 λαθεῖν

185 3366 344 3456 διαρρυὲν
367 3369 467 3434 αὐτὸν
491 3367 689 3453 τάργύριον,
710 3370 747 3434 τί
765 3391 815 3445 τις
837 3365 879 3433 άν
902 3375 1022 3434 τοῦτον
1045 3368 1092 3444 είς
1114 3367 1195 3432 ίκεί-

184 3496 265 3548 νους
283 3478 407 3557 τιθείης
432 3477 463 3538 εί
479 3475 523 3558 μη
541 3483 640 3538 τοῦτο
660 3472 775 3557 λέγεις,
795 3473 838 3549 ὡς
857 3471 893 3550 ὃς
912 3470 953 3537 δν
972 3470 1026 3539 σοὶ
1045 3474 1193 3558 δανείση,

184 3585 304 3640 τοῦτον
328 3578 470 3662 δημοσίᾳ
493 3586 663 3661 μισεῖσθαι
687 3581 853 3664 προσήκει.
895 3577 969 3661 λε’γε
993 3580 1034 3662 δη
1057 3601 1113 3662 μοι
1136 3580 1194 3655 τάς
