2616 3910
169 223 236 292 460
453 227 589 281 XXXVII.
613 227 892 281 ΔΗΜΟΣΘΕΝΟΤΣ

132 405 157 445 ⁸²
171 381 220 453 ὧν
247 385 379 468 ἐγκαλεῖ
404 387 568 472 βούλομαι
591 387 695 466 δείξαι
718 387 821 454 αὐτὸν
843 387 1061 472 ψευδόμενον.
1108 385 1191 470 λέγε

171 489 202 557 δ’
229 491 310 558 αὐτὸ
332 493 370 558 τὸ
393 488 542 576 ἔγκλημ’,
564 492 583 558 δ
606 515 662 577 μοι
686 493 857 572 δικάζεται.

580 685 768 742 ΕΓΚΛΗΜΔ.
1189 693 1247 744 978

251 789 387 876 Ἔβλαψέ
405 816 440 876 με
454 795 641 878 Νικόβουλος
659 794 871 877 ἐπιβουλεύσας
889 794 953 875 ἐμοί
971 794 1021 856 καί
1039 803 1074 881 τῇ
1093 793 1187 880 ούσίιγ

215 897 251 972 τῇ
265 887 332 975 ἐμή,
350 887 512 968 ἀφελέσθαι
527 893 666 966 κελεύσας
681 887 850 976 Ἀντιγένην
867 890 919 954 τὸν
937 891 1044 955 ἑαυτοῦ
1063 890 1187 971 οἰκέτην

211 983 247 1044 τλ
265 983 407 1068 ἀργύριον
425 997 478 1050 τοῦ
496 987 569 1069 ἐμοῦ
587 987 712 1066 οἰκέτου,
730 985 747 1050 δ
766 987 851 1072 έφερε
868 988 1036 1070 καταβολὴν
1048 998 1085 1074 τῇ
1099 988 1187 1050 πόλει

215 1091 267 1144 τοῶ
290 1083 443 1165 μετάλλου,
465 1080 481 1145 ὃ
504 1083 561 1168 ἐγὼ
583 1085 731 1166 ἐπριάμην
753 1084 930 1164 ἐνενήκοντα
950 1093 1045 1164 μνῶν,
1066 1083 1117 1146 καί
1136 1085 1187 1145 αἴ-

215 1201 276 1252 τιος
298 1177 363 1260 ἐμολ
385 1181 544 1262 γενόμενος
565 1180 750 1265 ἐγγραφῆναι
770 1181 803 1244 τὸ
827 1181 953 1244 διπλοῦν
975 1186 1015 1267 τῷ
1038 1181 1184 1267 δημοσίφ.

131 1323 157 1364 υ
254 1295 411 1384 Ἐπίσγες.
456 1299 549 1366 ταυτί
581 1295 699 1384 πάνθ’,
731 1299 752 1368 δ
782 1310 846 1366 νῦν
874 1299 1068 1384 ἐγκέκληκεν
1096 1299 1184 1384 ἐμοί,

170 1407 332 1488 πρότερον
358 1407 417 1472 τὸν
439 1406 592 1492 Εὔεργον
620 1407 850 1491 αἰτιασάμενος
876 1407 938 1490 τήν
963 1407 1061 1489 δίκην
1083 1397 1183 1470 εἷλεν.

162 1511 414 1594 μεμαρτύρηται
436 1507 497 1595 μὲν
521 1513 562 1595 δή
585 1509 640 1578 καί
663 1510 700 1577 ἐν
723 1510 806 1596 ἀρχή
825 1533 881 1594 μοι
899 1520 959 1576 τοῦ
977 1512 1080 1593 λόγου
1098 1511 1184 1594 πρὸς

170 1615 270 1698 ὑμᾶς,
300 1616 345 1693 ῶς
372 1615 580 1701 ἀπεδήμουν,
608 1617 662 1682 ὅτε
689 1616 820 1693 τούτοις
846 1616 885 1681 αἰ
907 1617 990 1700 πρὸς
1017 1614 1183 1699 ἀλλήλους

170 1719 342 1804 ἐγίγνοντο
371 1723 544 1806 διαφοραί·
572 1723 614 1788 οὐ
641 1724 707 1808 μήν
734 1722 817 1788 ἀλλὰ
843 1720 898 1788 καί
924 1722 960 1788 ἐκ
983 1730 1043 1788 τοῦ
1067 1723 1182 1806 ἐγκλή-

170 1850 271 1910 ματος
297 1828 418 1893 τούτου
445 1829 549 1912 δήλόν
577 1828 675 1894 ἐστιν.
722 1827 872 1913 οὐδαμοῦ
899 1828 962 1913 γάρ
990 1828 1034 1906 ῶς
1061 1827 1124 1912 ἐγώ
1148 1852 1180 1894 τι

170 1935 332 2018 πεποίηκα
355 1935 483 1999 τούτων
503 1936 657 2020 ἔγραψεν,
680 1931 752 2000 ἀλλ’
774 1933 969 2019 ὑπογράψας
988 1933 1180 2017 ἐπιβουλεῦ-

171 2041 230 2104 σαί
254 2036 287 2124 μ’
314 2039 402 2128 αὐτῷ
427 2038 482 2105 καλ
505 2049 544 2125 τῇ
568 2039 681 2128 οὐσίᾳ,
708 2039 889 2125 προστάξαι
911 2037 994 2124 φησί
1016 2047 1062 2128 τῷ
1086 2038 1180 2105 παιδί

171 2154 273 2210 ταῦτα
296 2156 415 2228 ποιεῖν,
438 2145 656 2229 ψευδόμενος·
680 2155 749 2224 πῶς
766 2147 830 2231 γάρ
849 2145 913 2229 έγδι
931 2140 1104 2230 προσέταξ’
1125 2147 1179 2229 άν,

172 2251 208 2328 ὃς
231 2247 277 2316 ὅτ’
301 2249 452 2330 ἐξέπλεον
474 2261 542 2316 τῶν
562 2250 794 2336 γενησομένων
813 2247 948 2317 ἐνταῦθ’
970 2246 1043 2317 οὐδ’
1066 2250 1179 2317 ὁτιοῦν

132 2381 159 2420 ει
172 2360 345 2441 δήπουθεν
376 2355 484 2444 ήδειν;
518 2353 588 2423 εἶτα
619 2355 674 2422 καλ
701 2360 786 2442 πόση
815 2361 938 2443 μυρία,
969 2355 1104 2441 λέγονθ’
1135 2359 1179 2435 ῶς

172 2463 393 2547 ἐπεβούλευον
422 2463 582 2548 ἀτιμῶσαι
609 2462 664 2529 καί
690 2465 731 2529 τὰ
758 2468 876 2550 ἔσχατα
903 2464 1037 2548 πρᾶξαι,
1069 2465 1178 2550 οίιιέτη

171 2593 211 2653 με
234 2579 336 2635 ταῦτα
358 2569 538 2654 προστάξαι
560 2568 774 2654 γεγραφέναι,
797 2565 916 2636 δούδέ
933 2574 1070 2654 πολίτης
1086 2576 1177 2635 πολί-

171 2698 233 2760 την
256 2670 384 2760 δύναιτ’
406 2674 449 2740 δν
470 2685 618 2760 ποιήσαις
642 2681 677 2742 τί
697 2671 759 2741 οὖν
783 2676 851 2742 ἐστι
873 2685 986 2756 τοῦτο;
1010 2677 1073 2742 οὐκ
1095 2681 1178 2762 ἔχων

173 2777 263 2866 οἰμαι
282 2781 350 2847 κατ’
369 2779 471 2848 οὐδέν
488 2783 543 2847 διὰ
557 2782 618 2865 τήν
632 2782 821 2866 ἀποδημίαν
835 2784 882 2860 εἰς
895 2779 951 2867 ἐμέ
963 2783 1093 2848 τούτων
1105 2783 1177 2849 άνε-
1288 2861 1290 2882 4

171 2898 302 2971 νεγκελν
324 2910 371 2970 τι,
397 2898 619 2972 συκοφαντεῖν
643 2884 680 2953 δέ
703 2890 915 2972 βουλόμενος,
939 2888 983 2964 ῶς
1005 2884 1173 2973 προσέταξ’
1287 2889 1290 2896 Α

173 2992 367 3078 ἐνέγραψεν·
391 2989 469 3060 ούδλ
492 2994 556 3079 γάρ
579 2997 677 3077 λόγος
699 2990 757 3078 ήν,
780 2996 812 3061 εἰ
831 2997 876 3080 μή
899 2991 987 3060 τοῦτ’
1015 2994 1175 3080 ἐποίησεν.

133 3119 159 3160 ιε
173 3098 247 3182 λέγε
269 3099 488 3166 τάκόλουδον.

582 3260 768 3313 ΕΓΚΛΗΜΔ.

262 3367 322 3430 Καὶ
344 3367 445 3448 ἐπειδή
469 3362 570 3449 ὦφλον
588 3369 644 3453 ἐγὼ
662 3376 702 3456 τῷ
721 3371 864 3458 δημοσίφ,
885 3371 1066 3452 καταστήσας
1087 3367 1175 3435 'Am-

218 3463 309 3545 γένην
330 3465 383 3527 τὸν
405 3465 512 3530 ἑαυτοῦ
535 3466 652 3547 οἰκέτην
675 3468 716 3540 εἰς
739 3466 772 3529 τδ
794 3465 984 3550 ἐργαστήριον
1006 3469 1038 3533 τὸ
1056 3468 1128 3550 ἐμδν
1143 3471 1174 3534 τό

217 3559 266 3621 ἐπί
290 3563 448 3648 Θρασύλλῳ
471 3564 576 3645 κύριον
598 3574 657 3626 τῶν
679 3564 774 3645 ἐμῶν,
796 3563 1031 3648 ἀπαγορεύοντος
1052 3567 1133 3648 ἐμοῦ.
