2938 4180
248 181 314 244 202
547 182 647 234 xxm.
671 180 951 233 Δυυοαουαουα

248 347 361 406 οῖεσθε
390 343 462 407 δεῖν
490 342 629 425 ἰσχυρόν
655 338 727 405 ποτ’
755 340 849 405 ἐάσαι
876 340 1050 424 γενέσθαι,
1078 338 1267 406 καὶταῦτα

248 446 292 513 δι’
314 448 422 533 ὑμῶν;
444 449 505 513 οὐκ
522 445 576 530 ἄρ’
600 447 712 531 ὀρθῶς
730 447 901 530 ἐγνώκατε.
937 447 993 513 ἵνα
1010 451 1127 513 τοίνυν
1145 443 1262 530 εἰδῆθ’

248 554 299 618 ὅτι
321 554 450 638 τάληθῆ
475 552 570 636 λέγω,
594 552 677 636 λαβέ
697 577 754 637 μοι
774 555 835 636 τήν
854 553 1040 638 ἐπιστολήν,
1063 554 1183 637 ήμετδ
1201 555 1266 630 τδς

247 661 378 746 πρώτας
405 662 576 743 συνθήκας
602 655 724 742 ήλθεν,
752 653 821 724 εἶτα
848 660 910 742 τήν
936 660 1025 742 τιαρδ
1051 659 1264 744 Βηρισάδου·

248 765 390 850 μάλιστα
412 767 477 849 γάρ
501 765 588 830 οὕτω
610 766 782 848 γνώσεσθε
807 766 1047 848 διδασκόμενοι.

648 959 850 1011 ΕΠΙΣΤΟΛΗ.

338 1064 422 1148 Λέγε
445 1064 500 1133 καὶ
523 1067 583 1151 τήν
606 1066 782 1150 ἐπιστολήν
804 1065 866 1148 τήν
887 1074 948 1130 τοῦ
971 1066 1172 1151 Βηρισάδου.

647 1259 847 1312 ΕΠΙΣΤΟΑΗ.
1262 1261 1319 1312 δ’ί9

197 1379 235 1422 ιιι
331 1362 380 1430 Ἦ
393 1362 453 1451 μὲν
471 1370 589 1432 τοίνυν
607 1368 775 1450 συμμαχία
792 1376 866 1431 τοῖν
883 1364 1053 1449 βασιλέοιν
1071 1377 1144 1432 τοῖν
1161 1367 1262 1432 δυοῖν

247 1479 368 1537 τοῦτον
391 1475 450 1538 τὸν
472 1475 597 1556 τρόπον
615 1473 695 1555 μετά
712 1473 774 1554 τήν
792 1471 1020 1556 παράκρουσιν
1036 1473 1098 1556 τήν
1117 1472 1173 1537 διδ
1190 1483 1262 1538 τῶν

247 1579 329 1662 πρὸς
352 1580 589 1661 Κηφισόδοτον
613 1584 794 1662 συνθηκῶν
816 1579 1022 1662 συνεστάθη,
1045 1578 1109 1661 ήδη
1132 1582 1260 1645 Μιλτο-

247 1685 357 1748 κύθου
384 1679 445 1767 μὲν
469 1680 694 1767 ἀνῃρημένου,
723 1683 918 1766 Χαριδήμου
943 1680 972 1748 δ’
999 1685 1084 1770 έργηο
1108 1693 1259 1767 φανεροῦ

247 1787 483 1872 γεγενημένου,
517 1789 568 1854 ὅτι
598 1797 655 1872 τῆς
686 1791 813 1864 πόλεως
840 1790 959 1873 ἐχθρός
987 1787 1085 1853 ἐστιν.
1131 1787 1167 1865 δς
1193 1791 1258 1875 γάρ

248 1894 288 1960 δν
315 1892 388 1981 ήδει
417 1895 472 1959 διδ
496 1895 619 1970 παντὸς
641 1903 701 1959 τοῦ
724 1897 848 1979 χρόνον
872 1894 1005 1958 πάντων
1027 1904 1094 1958 τῶν
1117 1899 1259 1982 Θρᾳκῶν

248 2001 471 2066 εὐνούστατον
485 1998 561 2064 ὄνθ’
577 1999 668 2082 ὑμῖν,
682 2008 801 2064 τοῦτον
814 1993 927 2082 ήξίωσ’
940 1998 1132 2084 ὑποχείριον
1145 2002 1258 2084 λαβὼν

247 2117 317 2182 τοῖς
339 2104 509 2190 ὑμετέροις
533 2104 666 2190 ἐχθροῖς
687 2106 890 2185 Καρδιανοῖς
913 2104 1101 2189 ἐγχειρίσαι,
1124 2116 1193 2182 πῶς
1216 2107 1257 2172 οὐ

248 2213 391 2296 μεγάλης
408 2215 531 2296 ἔχθρας
551 2212 668 2294 δεῖγμα
685 2211 768 2294 πρὸς
786 2209 871 2293 ὑμᾶς
889 2208 1056 2294 ἐξέφερενς
1082 2209 1120 2288 δὶς
1139 2212 1179 2295 δή
1198 2214 1257 2276 τὸν

248 2323 394 2403 πόλεμον
418 2317 535 2392 δεδιὼς
558 2318 617 2382 τὸν
639 2319 721 2400 πρὸς
742 2319 821 2392 τοὺς
841 2319 972 2402 Θρᾷκας
990 2316 1045 2381 καὶ
1063 2317 1145 2400 πρὸς
1159 2314 1257 2401 Ἀθη-

248 2426 400 2511 νόδυρον
424 2425 600 2508 ἐποιήσατο
623 2424 795 2504 συνθήκας
818 2423 898 2505 μετά
917 2415 1015 2488 ταῦθ’
1036 2421 1055 2488 δ
1073 2422 1256 2509 Κερσοβλέ-

247 2552 343 2614 πτης,
368 2529 449 2613 λέγε.

648 2666 849 2721 mom.

197 2795 234 2834 ιιι
340 2779 450 2841 Ταῦτα
480 2778 536 2841 τοί
534 2799 597 2840 νυν
627 2775 756 2860 γράψας
782 2771 837 2838 καὶ
864 2773 1083 2860 συνθεμενος,
1115 2773 1170 2840 καὶ
1197 2778 1256 2843 τδν

249 2881 384 2966 ὅρκον“
369 2906 408 2948 ον
426 2879 589 2964 ἠκούσαθ’
608 2881 702 2965 ὑμεῖς
719 2880 853 2963 ὀμόσας,
873 2881 1022 2964 έήτττειδ
1022 2877 1167 2966 η’μλνν
1162 2888 1255 2966 Αθη-

248 2990 401 3070 νοδώρου
420 2988 566 3070 δύναμιν
585 2985 801 3072 διαφειμένην
820 2983 898 3069 εἶδε,
917 2995 976 3073 μιά
996 2882 1042 3053 δδὴ
1049 2990 1154 3070 μόνον
1167 2992 1256 3071 τριή-

250 3119 299 3177 ρει
313 3098 464 3178 Χαβρίαν
482 3093 668 3176 ήκοντα,’
636 3095 711 3159 ούτε
729 3094 788 3157 τὸν
804 3090 954 3176 Ἰφιάδου
972 3094 1162 3177 παρέδωκεν
1180 3096 1255 3160 υίὸν

248 3199 327 3285 ὑμῖν
356 3198 425 3265 οὔτ’
458 3201 528 3264 ἄλλ’
560 3197 661 3264 οὐδὲν
688 3193 736 3263 ὧν
764 3193 865 3283 ὥμοσ’
896 3199 1065 3283 ἐποίησεν,
1092 3200 1175 3265 άλλδι
1201 3200 1254 3266 καὶ

248 3305 322 3391 περὶ
347 3318 415 3371 τῶν
438 3307 549 3370 άλλων
571 3291 640 3370 τῶν
660 3302 896 3388 γεγραμμένων
919 3306 956 3371 έν
978 3315 1049 3381 ταῖς
1072 3311 1255 3390 συνθήκαις

249 3411 383 3496 ἔξαρνος
415 3415 577 3494 γίγνεται,
608 3409 663 3477 καὶ
694 3411 815 3494 γράφει
845 3411 965 3488 ταύτας
991 3411 1050 3488 τὰς
1076 3415 1253 3495 συνθήκας.

252 3515 331 3595 λαβέ
351 3539 408 3598 μοι
429 3515 484 3580 καλ
507 3515 580 3599 λέγε
602 3519 747 3581 ταυτασί.
