2938 4180
237 168 301 234 148
534 170 634 223 xxm.
658 170 936 226 Δαμοκοωιουιι
1050 194 1054 202 -

674 473 796 541 XXIII.

445 614 572 689 KAT’
597 613 1043 694 ΑΡΙΣΤΟΚΡΑΤΟΤΣ.

540 804 719 857 AIBANIOT
737 803 937 861 ΤΠΟΘΕΣΙΣ.

322 916 497 997 Χαρίδημον
520 915 571 977 τδν
588 910 733 997 Ὠρείτην,
754 912 924 998 ἡγούμενον
947 919 1062 994 ξενικοῦ
1085 917 1136 980 καί
1155 934 1241 997 στρα-

233 1021 379 1092 τηγοῦντα
406 1012 484 1094 παρὰ
513 1011 716 1098 Κερσοβλέπτῃ
743 1019 782 1099 τῷ
813 1007 933 1099 Θρηίκης
959 1012 1086 1096 βασιλεῖ,
1117 1015 1242 1093 πολίτην

233 1117 319 1186 σφῶν
342 1109 441 1171 αὐτῶν
461 1104 617 1188 Ἀθηναῖοι
639 1109 824 1190 ἐποιήσαντο,
846 1109 882 1172 τδι
905 1109 958 1192 μέν
980 1112 1119 1195 γεγονότα
1141 1113 1241 1194 χρήσι-

233 1228 290 1286 μον
309 1205 419 1285 αὐτοῖς,
437 1206 472 1268 τὰ
491 1204 522 1269 δὲ
540 1207 761 1288 προσδοκῶντες
780 1205 821 1269 ἔτι
839 1212 949 1288 μᾶλλον
962 1209 1148 1291 γενήσεσθαι.
1173 1209 1241 1291 περί

233 1302 337 1365 τούτου
364 1298 497 1384 ψήφισμ’
523 1302 650 1386 ἔγραψεν
671 1299 891 1386 Ἀριστοκράτης
914 1305 946 1368 ἐν
969 1316 1004 1392 τῇ
1026 1309 1120 1392 βουλῇ
1142 1316 1240 1368 τοιοῦ-

232 1391 298 1459 τον·
321 1397 394 1478 ,,έόν
416 1423 459 1474 τις
478 1399 635 1488 ἀποκτείνῃ
655 1401 839 1482 Χαρίδημον,
862 1402 1008 1485 ἀγώγιμος
1027 1402 1097 1466 έστω
1115 1403 1144 1479 ἐξ
1163 1401 1239 1464 ἁπό-

232 1511 286 1573 σης
313 1505 365 1576 τῆς
390 1491 560 1577 Ἀθηναίων
587 1499 782 1580 συμμαχίδος·
809 1498 863 1561 έόιν
890 1499 922 1561 δέ
948 1523 991 1574 τις
1018 1500 1070 1561 τὸν
1093 1499 1239 1583 ἀγόμενον

90 1634 92 1638 .
205 1589 374 1672 ιάφέληται
391 1591 412 1673 ἢ
429 1594 513 1668 πόλις
531 1594 551 1676 ἦ
569 1596 697 1675 ἰδιώτης,
715 1594 877 1670 ἔκσπονδος
895 1595 996 1660 ίστω.“
1025 1599 1132 1660 τούτου
1150 1623 1239 1678 κατη-

230 1695 313 1770 γορεῖ
341 1699 394 1753 τοῦ
421 1693 613 1772 ψηφίσματος
640 1693 819 1775 Εὐθυκλῆς,
851 1701 890 1781 τώ
920 1693 1134 1775 Δημοσθένους
1162 1695 1238 1782 λόγῳ

231 1785 393 1867 χρώμενος,
419 1788 468 1850 καί
496 1789 570 1869 φησί
596 1800 712 1871 πρῶτον
740 1787 794 1871 μέν
820 1793 994 1874 παράνομον
1021 1785 1097 1854 εἶναι
1122 1792 1154 1854 τδ
1176 1792 1238 1872 ψη-

231 1900 337 1964 φισμα,
360 1884 405 1946 ότι
426 1887 523 1967 κρίσιν
544 1885 662 1969 ίιναιρεῖ
675 1887 725 1949 καί
743 1888 925 1968 δικαστήρια,
947 1886 997 1948 καί
1013 1887 1069 1967 την
1087 1889 1228 1970 τιμωρίαν
1239 1903 1292 1954 619

231 1977 289 2042 ἀπὸ
311 1990 364 2061 τῆς
388 1982 481 2056 αἰτίας
501 1983 705 2066 γεγραμμένην
723 1983 789 2067 ἔχει,
812 1986 949 2066 δεύτερον
968 1982 1000 2047 δέ
1018 1985 1058 2066 μη
1077 1984 1237 2067 συμφέρειν
1387 1978 1391 1986 “

230 2083 292 2151 τοῖς
317 2072 489 2159 Ἀθηναίοις
517 2083 656 2161 τοιαύτην
684 2082 846 2170 Χαριδήμῳ
874 2083 980 2144 δοῦναι
1006 2082 1131 2164 δωρεάν·
1163 2081 1237 2145 ιἰπο-

230 2179 338 2256 λοῦμεν
360 2175 432 2258 γὰρ,
455 2178 544 2258 φησί,
567 2178 746 2257 διὰταύτης
769 2177 966 2260 Χερρόνησον.
1009 2179 1040 2240 τδ
1064 2175 1092 2240 δ’
1116 2179 1196 2254 ὅπως
1219 2178 1236 2242 δ

230 2273 315 2356 λόγος
344 2274 437 2349 δείξει.
482 2274 604 2350 ἐξετάζει
627 2270 658 2336 δέ
680 2274 730 2337 καί
752 2275 807 2354 τὴν
830 2284 882 2337 τοῦ
904 2277 1064 2356 προσώπου
1086 2278 1236 2359 ποιότητα,

229 2368 321 2453 λέγων
349 2369 405 2433 οὐκ
431 2364 508 2432 είναι
535 2371 652 2453 δωρεῶν
677 2370 761 2448 όίξιον
784 2372 835 2434 τὸν
859 2374 1049 2455 Χαρίδημον,
1075 2374 1236 2437 καὶταῦτα

229 2490 378 2530 τοιουτων.

564 2633 679 2684 ΕΤΕΡΑ
696 2632 897 2688 ΤΠΟΘΕΣΙΣ.

314 2739 356 2803 Ἦ
377 2741 495 2825 Εόβοια
522 2744 575 2823 μία
602 2753 692 2825 νῆσος
719 2746 896 2828 καταντικρὺ
923 2755 975 2826 τῆς
999 2742 1143 2828 Ἀττικῆς,
1170 2748 1235 2828 διή-

230 2849 397 2920 κουσατης
419 2841 562 2914 Βοιωτίας
584 2840 707 2922 καὶτῆς
733 2843 869 2916 Φωκίδος
900 2841 981 2925 μέχρι
1007 2853 1066 2906 τῶν
1093 2840 1235 2924 Ἀφετῶν·

226 2933 344 3016 Ἀφεταλ
368 2934 399 2998 δέ
421 2947 474 3018 της
494 2938 649 3011 Θετταλίας
672 2938 770 3012 τόπος.
806 2940 889 3019 ἴσμεν
912 2938 944 3002 δέ
967 2940 1012 3002 ότι
1033 2943 1123 3024 χωρία
1142 2941 1234 3004 πολλὰ

229 3029 304 3117 εἶχεν
325 3030 346 3114 ἡ
368 3032 495 3116 Εὔβοια.
531 3033 590 3096 ἔστι
613 3032 645 3096 δέ
667 3035 700 3096 έν
722 3045 757 3122 τῇ
780 3035 898 3122 Εὐβοία
919 3038 1026 3118 χωρίον
1045 3033 1158 3120 Ὠρεός·
1182 3050 1234 3102 τοῦ

226 3129 332 3216 Ὠρεοῦ
356 3129 388 3194 δέ
411 3129 426 3192 δ
450 3133 570 3212 πολίτης
590 3127 731 3214 Ὠρείτης.
764 3127 895 3214 Ώρείτης
918 3125 973 3196 οὖν
996 3157 1039 3208 τις
1061 3137 1234 3218 Χαρίδημος

229 3230 272 3295 ών
298 3230 418 3313 ξεναγὸς
442 3225 482 3312 ἧν
504 3239 563 3292 τῶν
583 3224 761 3308 Ἀθηναίων.
806 3228 925 3311 ξεναγός
949 3229 982 3293 δέ
1001 3230 1095 3313 ἐστιν,
1122 3233 1169 3296 ότε
1191 3257 1234 3308 τις

229 3328 390 3410 στράτευμα
417 3325 509 3403 ξένων
535 3325 609 3409 όπέρ
631 3350 711 3400 τινος
734 3325 823 3388 όίλλου
848 3326 952 3409 τρέφει
997 3328 1046 3390 διὰ
1068 3340 1154 3393 τοῦτο
1177 3323 1234 3394 οὖν

228 3424 279 3485 καλ
301 3417 388 3498 οὗτος
409 3423 519 3506 ἐλέγετο
542 3423 673 3505 ξεναγός,
695 3423 794 3504 ἐπειδὴ
818 3425 979 3506 στράτευμα
1000 3423 1093 3500 ξένων
1114 3426 1233 3511 ἔτρεφεν

202 3518 302 3602 θόπέρ
321 3522 484 3602 συμμαχίας
502 3530 559 3582 τῶν
575 3515 754 3602 Ἀθηναίων.
785 3515 824 3604 ἦν
842 3513 898 3584 οὖν
916 3532 975 3585 τῶν
994 3519 1048 3605 μέν
1064 3519 1234 3606 Ἀθηναίων
