2612 3918
508 320 604 371 xm
620 319 784 375 Μειοιον.
1003 286 1012 300 “
1107 316 1152 384 95

141 475 244 564 δεύτῷ,
267 473 446 561 μίμνησδε.
481 480 542 545 τόν
564 480 605 562 δη
628 481 801 557 τοσούτοις
818 480 957 566 ἁθρόοις
974 492 1042 546 τῶν
1059 484 1152 546 πολι-

142 592 212 646 τῶν
242 584 370 667 ἔχθραν
401 579 450 649 ἐπ’
482 582 596 650 ούδενλ
627 586 825 670 τηλικαύτην
854 585 1034 671 ἀράμενον,
1065 589 1151 672 πόση

142 691 288 774 πονηρίᾳ
314 685 370 754 καλ
396 689 582 774 θρασύτητι
604 699 706 756 ταῦτα
728 692 790 776 χρὴ
812 694 959 776 νομίζειν
981 693 1150 774 πράττειν;

84 817 129 859 m
142 797 240 858 καίτοι
261 792 359 878 πότερ’
379 796 454 859 εἰσίν
475 795 591 872 όνειδος
609 791 633 860 ὦ
651 800 767 862 Μειδία
784 809 819 886 τῇ
837 799 930 880 πόλει,
953 801 985 862 ολ
1000 800 1153 881 διαβάντες

143 893 178 956 ἐν
199 894 277 969 τάξει
297 893 348 956 καλ
370 892 425 972 τὴν
448 893 558 973 σκευὴν
581 893 704 976 ἔχοντες,
726 894 765 976 ἣν
783 907 912 979 προσῆκε
930 898 1000 972 τούς
1018 895 1066 959 ἐπὶ
1083 898 1152 970 τοὺς

142 991 301 1071 πολεμίους
328 990 459 1066 ἐξιόντας
485 991 536 1054 καὶ
561 991 823 1074 συμβαλουμένους
845 999 907 1067 τοῖς
930 993 1107 1074 συμμάχοις,
1132 990 1153 1072 ἦ

143 1089 193 1167 σύ,
216 1086 296 1170 δμδγ
318 1091 416 1168 λαχεῖν
440 1087 597 1170 εύχόμενος
619 1099 677 1151 τῶν
699 1089 853 1172 ἐξιόντων,
876 1084 918 1153 ὅτ’
943 1089 1079 1172 ἐκληροῦ,
1100 1088 1153 1150 τὸν
1271 1161 1275 1171 ⁸

143 1185 268 1266 θώρακα
295 1179 324 1245 δ’
352 1179 535 1257 οὐδεπώποτ’
560 1183 665 1264 ἐνδύς,
691 1179 738 1246 ἐπ’
764 1184 911 1268 ἀστράβης
939 1181 967 1247 δ’
992 1183 1153 1267 ὀχούμενος

144 1279 275 1364 άργυρῖις
302 1291 354 1362 τῆς
376 1281 406 1369 ἐξ
429 1281 580 1364 Εὐβοίας,
607 1282 745 1362 χλανίδας
769 1280 801 1344 δέ
822 1282 873 1345 καί
894 1284 1008 1365 κυμβία
1028 1281 1078 1344 καλ
1100 1281 1153 1344 κά·

145 1378 217 1452 δους
236 1377 320 1459 ἔχων,
338 1371 381 1439 ὧν
399 1375 638 1461 ἐπελαμβάνονθ’
655 1381 687 1440 οἱ
702 1381 976 1463 πεντηκοστολόγος
994 1379 1153 1462 ταύταγδιρ

144 1476 187 1549 εἰς
209 1476 279 1548 τοὺς
302 1473 421 1548 δπλίτας
443 1472 521 1556 ἡμᾶς
544 1475 748 1558 άπηγγέλλετο·
772 1475 881 1558 οὐγὰρ
900 1477 942 1550 είς
959 1471 1049 1537 ταῦθ’
1068 1472 1153 1555 ἡμεῖς

88 1591 131 1633 τοι
144 1573 260 1645 τούτοις
283 1570 431 1652 διέβημεν.
467 1566 527 1633 εἶθ’
552 1568 593 1646 είς
616 1571 665 1634 ἐπλ
687 1573 802 1646 τούτοις
824 1572 855 1634 εί
872 1567 900 1634 σ’
925 1571 1069 1651 ἔσκωψεν,
1088 1567 1152 1653 Ἀρ-

144 1671 246 1751 χετίοιν
268 1667 289 1748 ἢ
311 1692 355 1742 τις
377 1667 479 1749 άλλος,
505 1670 619 1742 πάντας
640 1668 781 1748 ἤλαυνες;
811 1667 842 1730 εί
862 1662 1009 1750 μένγδρ
1033 1664 1153 1740 ἐποίεις

144 1767 235 1839 ταῦτ’
258 1767 289 1836 δι’·
301 1773 438 1853 Μειδία,
463 1769 484 1837 δ
507 1771 546 1837 σέ
567 1787 672 1856 φασιν
694 1773 730 1836 οί
750 1782 924 1848 συνιππεῖς
942 1769 998 1836 καὶ
1015 1772 1152 1854 κατηγό-

17 1947 18 1982 γ
145 1901 213 1978 ρεις
236 1877 280 1954 όος
303 1876 432 1961 λέγοιεν
454 1875 530 1962 περὶ
553 1886 631 1960 σοῦ,
655 1879 790 1955 δικαίως
812 1888 918 1954 κακῶς
940 1877 1070 1960 ηκουες·
1097 1873 1152 1941 καλ

17 1983 18 2014 λ
144 1984 208 2069 γάρ
232 1983 379 2060 ἐκείνους
400 1981 456 2048 καὶ
478 1981 634 2049 τουτουσὶ
657 1981 711 2049 καλ
736 1984 817 2069 ὅλην
834 1985 896 2067 την
913 1986 1012 2049 πόλιν
1029 1983 1154 2068 ἠδίκεις

144 2088 199 2155 καλ
221 2087 430 2176 κατῄσχυνες.
463 2091 495 2154 εί
516 2085 552 2155 δέ
575 2090 619 2174 μὴ
642 2093 818 2168 ποιοῦντός
836 2106 899 2156 σου
916 2089 1153 2167 κατεσκεύαζόν

144 2189 233 2272 τινες
253 2195 540 2280 καταψευδόμενοί
559 2213 637 2278 σου,
660 2195 696 2260 οί
716 2192 752 2261 δέ
775 2194 885 2262 λοιποὶ
906 2207 973 2262 τῶν
996 2213 1153 2280 στρατια·
1203 2195 1204 2202 ’

144 2311 212 2365 τῶν
230 2300 293 2366 οὐκ
311 2301 448 2378 ἐκείνοις
461 2299 634 2385 ἐπετίμων,
653 2302 735 2366 άλλδ
751 2299 831 2383 [σοὶ]
847 2300 1030 2386 ἐπέχαιρον,
1050 2301 1153 2384 δῆλον

145 2407 196 2474 ὅτι,
223 2405 259 2472 ἐκ
286 2417 353 2472 τῶν
375 2407 487 2472 ἄλλων
510 2401 558 2473 ὧν
580 2410 652 2489 ἔζης
674 2407 764 2487 άξιος
785 2407 899 2484 αὐτοῖς
920 2407 1045 2484 ἐδόκεις
1066 2401 1153 2472 εἶναι

144 2521 206 2578 τοῦ
233 2509 359 2578 τοιαῦτ’
390 2511 537 2578 άκούειν·
575 2513 698 2578 σαυτὸν
725 2507 788 2578 οὖν
815 2513 1032 2597 μετριώτερον
1059 2520 1205 2598 χρῆνσοε

90 2639 131 2681 ιιο
144 2615 316 2704 παρέχειν,
348 2617 409 2684 ούκ
442 2617 588 2695 ἐκείνους
620 2618 818 2710 διαβάλλειν.
869 2621 911 2683 σὺ
944 2616 974 2684 δ’
1010 2617 1153 2694 ἀπειλεῖς

144 2734 261 2807 πᾶσιν,
293 2725 442 2802 ἐλαύνεις
473 2726 610 2802 πάντας·
651 2728 729 2816 τοὺς
760 2727 881 2802 ἄλλους
895 2726 899 2732 ’
913 2725 1016 2808 ἀξιοῖς
1045 2727 1082 2789 τί
1109 2725 1153 2790 σὺ

144 2831 260 2915 βούλει
278 2839 425 2913 σκοπεῖν,
445 2830 506 2898 ούκ
518 2815 623 2908 Ααύτός
641 2842 771 2909 σκοπεῖς
788 2835 824 2896 τί
837 2833 881 2916 μὴ
900 2825 1057 2915 λυπήσεις
1074 2833 1152 2908 τοὺς

145 2939 268 3014 ἄλλους
293 2948 407 3003 ποιῶν.
453 2935 507 3002 καὶ
534 2938 572 3003 τὸ
596 2939 637 3021 δη
661 2939 897 3022 σχετλιώτατον
919 2935 975 3004 καλ
997 2933 1153 3022 μέγιστον

145 3045 255 3128 ἐμοιγε
275 3041 399 3110 δοκοῦν
416 3042 543 3128 ύβρετος
562 3038 648 3108 εἶναι
666 3055 817 3128 σημεῖον·
834 3045 1003 3110 τοσούτων
1021 3043 1152 3128 άνδριό-

144 3173 229 3233 πων,
253 3155 279 3216 ὠ
302 3153 404 3234 μιαρά
420 3151 553 3237 Ικεφαλὴ
577 3150 631 3231 σὺ,
653 3150 832 3235 παρελθὼν
856 3149 993 3233 ἁθρόων
1014 3152 1151 3233 κατηγό-

146 3279 229 3341 ρεις,
252 3254 272 3322 δ
293 3259 344 3332 τίς
367 3255 429 3320 οὐκ
451 3251 493 3320 άν
516 3255 785 3340 ἐφριξεποιῆσαι
806 3267 874 3320 τῶν
896 3257 1019 3334 ἄλλους

93 3381 132 3421 ιιι
238 3347 316 3438 Τοῖς
343 3357 404 3446 μὲν
430 3363 546 3426 τοίνυν
573 3359 686 3452 ἄλλοις
703 3361 834 3428 ,άπασιν
862 3361 928 3447 δρῶ
951 3372 1020 3438 τοῖς
1040 3385 1151 3448 κρινο-

145 3459 306 3551 μένοιςῶ
330 3469 449 3553 ἄνδρες
472 3467 632 3552 δικασταί,
656 3465 693 3534 ἓν
715 3463 776 3552 μὲν
798 3465 818 3552 ἢ
843 3465 895 3532 δύ’
919 3469 999 3534 ὄντα
1020 3468 1151 3553 τάδική-

145 3595 230 3662 μοιτα
258 3569 279 3638 δ
306 3578 547 3658 κατηγορεῖται,
577 3575 696 3657 λόγους
724 3570 754 3638 δ’
781 3572 955 3666 άφδόνους
979 3577 1152 3653 τοιούτους
1206 3663 1207 3666 ¹

145 3668 352 3762 ὑπάρχοντας
375 3682 446 3762 ,,τίς
468 3679 568 3765 ὑμῶν
584 3680 661 3765 ἐμοί
678 3703 711 3744 τι
733 3681 890 3746 σύνοιδεν
911 3673 1078 3758 τοιούτους
1101 3685 1152 3757 τίς
1205 3669 1207 3674 ¹
