2614 3904
474 185 573 237 ΠΡΟΣ
591 184 749 237 εοοεοω.
1045 176 1110 242 349

59 365 86 406 11
187 342 271 429 Ἐγὼ
299 345 362 429 γάρ
389 339 414 410 ὦ
438 345 557 428 ἄνδρες
581 339 731 408 δικασταὶ
754 338 829 426 περὶ
852 349 909 423 της
932 341 1113 424 μαρτυρίας

101 460 160 536 τῆς
191 450 228 517 έν
259 459 304 540 τῷ
334 453 542 538 γραμματείῳ
570 446 798 533 γεγραμμένης
825 447 920 522 είδδος
949 447 1029 510 όντα
1057 467 1114 528 μοι

101 559 161 623 τὸν
189 557 317 640 άγῶνα,
344 555 400 621 καὶ
427 553 502 640 περὶ
529 555 650 620 τούτου
675 555 737 637 τὴν
759 562 875 637 ψῆφον
895 551 981 636 ὑμᾶς
1004 557 1113 616 οίσον-

101 687 160 740 τας
183 663 408 747 ἐπιστάμενος,
432 660 549 748 βάδην
573 661 645 725 δεῖν
668 655 772 745 μηδὲν
795 659 876 724 άλλο
894 659 1015 723 τούτου
1033 658 1114 741 πρό-

102 793 211 854 τερον,
234 768 254 851 ἢ
278 777 398 834 τοῦτον
420 767 689 852 προκαλούμενος
710 765 844 849 ἐλέγξαι.
881 762 937 830 καὶ
954 766 990 828 τί
1004 771 1165 839 ποιῶ;848

102 876 312 960 παραδοῦναι
335 869 425 938 παιδ’
452 874 578 957 ἤθελον
601 872 689 961 αὐτῷ
712 865 875 956 γράμματ’
898 869 1115 952 ἐπιστάμενον

103 983 307 1064 βασανίζειν,
338 978 374 1057 δς
396 988 507 1064 παρῆν
530 972 585 1044 ὅθ’
611 979 772 1062 ὡμολόγει
795 973 893 1042 ταῦθ’
921 969 1033 1057 οὗτος,
1060 970 1116 1039 καλ

102 1087 165 1170 τὴν
192 1089 377 1172 μαρτυρίαν
404 1088 564 1170 ἔγραφεν,
593 1080 694 1149 οὐδὲν
721 1081 779 1167 ὑφ’
807 1082 900 1167 ἡμῶν
925 1076 1116 1155 κελευσθεὶς

103 1202 328 1276 κακοτεχνεῖν,
363 1187 442 1256 οὐδὲ
473 1191 510 1256 τὸ
540 1187 602 1274 μὲν
633 1190 790 1275 γράφειν,
821 1181 923 1254 τὸδ’
959 1186 1116 1272 ἀφαιρεῖν

104 1293 152 1363 ὧν
181 1291 278 1374 οὗτος
304 1299 425 1380 εἰρήκει
448 1294 524 1381 περὶ
546 1297 689 1377 τούτων,
718 1292 788 1360 ἀλλ’
815 1293 926 1371 ἁπλῶς
947 1289 1032 1377 ὑπὲρ
1055 1299 1116 1356 τοῦ

61 1423 88 1462 ιε
104 1404 211 1467 πάντα
238 1401 366 1486 τάληθῆ
391 1399 447 1467 καὶ
469 1403 509 1468 τὰ
530 1402 637 1490 τούτῳ
661 1399 808 1486 ῥηθέντα
830 1401 963 1485 γράψαι.
1008 1400 1116 1463 καίτοι

103 1513 140 1573 τί
172 1507 309 1573 κάλλιον
344 1503 400 1590 ἦν·
423 1517 484 1572 τοῦ
515 1508 574 1572 τὸν
606 1508 708 1572 παῖδα
739 1502 952 1592 στρεβλοῦντ’
989 1503 1117 1586 ἐλέγξαι

104 1611 333 1697 ψευδομένους
355 1612 453 1696 ἡμᾶς;
481 1613 564 1678 άλλά
587 1611 724 1697 συνῄδει
746 1612 881 1675 πάντων
904 1606 1030 1694 μάλιστ’
1058 1609 1115 1674 άν-

103 1721 253 1804 θρώπων
277 1718 327 1783 ὅτι
348 1717 478 1802 τάληθῆ
502 1718 760 1802 μεμαρτύρηται·
789 1718 904 1798 διόπερ
928 1717 1031 1798 έφυγε
1054 1714 1115 1797 τὴν

104 1826 262 1910 βάσανον.
309 1823 391 1889 άλλδ
418 1824 485 1908 μὴν
513 1823 573 1907 οὐχ
602 1814 649 1900 εἷς
677 1819 757 1889 οὐδὲ
785 1823 848 1888 δύο
874 1815 965 1887 ταῦτ’
992 1826 1115 1901 ίσασιν,

105 1929 178 1996 οὐδ’
213 1931 278 1996 ὑπὸ
311 1931 415 2013 μάλης
446 1929 467 2012 ἡ
499 1931 678 2014 πρόκλησις
710 1926 864 2011 γέγονεν,
900 1922 969 1991 ἀλλ’
1007 1925 1044 1990 έν
1076 1933 1115 2010 τῇ

106 2037 211 2124 ἀγορᾷ
234 2035 317 2122 μέση
339 2041 472 2102 πολλῶν
495 2038 678 2120 παρόντων.
716 2037 774 2099 καί
794 2056 851 2119 μοι
872 2032 965 2098 κάλει
988 2031 1117 2096 τούτων

105 2145 184 2218 τοὺς
206 2143 381 2227 μάρτυρας.

510 2335 710 2389 ΜΑΡΤΤΡΕΣ.

65 2479 93 2521 ιε
199 2457 294 2524 Οὕτω
331 2463 447 2524 τοίνυν
484 2454 581 2536 οὗτός
611 2458 681 2529 ,ἐστι
714 2459 874 2542 σοφιστὴς
905 2455 961 2523 καὶ
993 2451 1113 2540 σφόδρ’

108 2563 192 2631 ἑκὼν
217 2565 258 2628 τά
282 2558 381 2629 δίκαι’
408 2564 543 2648 ἀγνοεῖν
564 2565 864 2650 προσποιούμενος,
892 2565 975 2629 ὥστε
997 2563 1115 2640 ψευδο·

107 2681 298 2757 μαρτυριῶν
321 2670 463 2753 διώκων,
485 2668 540 2735 καὶ
562 2668 638 2755 περὶ
660 2671 782 2736 τούτου
804 2670 865 2753 τὴν
888 2679 1003 2755 ψῆφον
1024 2667 1118 2752 ὑμῶν

108 2779 297 2861 μελλόντων
318 2781 423 2841 οίσειν
440 2772 496 2841 καὶ
515 2774 745 2860 ὀμωμοκότων,
769 2774 843 2859 περὶ
862 2785 919 2860 της
938 2777 1119 2860 μαρτυρίας

108 2878 168 2966 μὲν
198 2884 301 2965 ἔφυγε
328 2881 389 2963 τὴν
416 2881 580 2965 βάσανον,
612 2880 687 2965 περὶ
715 2876 756 2948 οὗ
784 2881 925 2966 μάλιστα
952 2888 1118 2964 προσῆκεν

109 2987 196 3076 αὐτῷ
220 2989 279 3053 τὸν
302 2990 403 3069 λόγον
425 2993 607 3070 ποιεῖσθαι,
630 2985 705 3070 περὶ
729 2985 759 3053 δ’
783 2989 893 3053 άλλων
912 2984 1016 3071 φησὶν
1034 2985 1119 3066 ἐξαι-

68 3112 96 3152 14
108 3105 192 3177 τείν,
222 3093 436 3178 ψευδόμενος.
481 3097 587 3160 καίτοι
615 3105 683 3171 πῶς
711 3093 772 3179 οὐχ
800 3091 984 3177 ὑπερφυές,
1016 3092 1119 3158 αὐτὸν

109 3194 169 3281 μὲν
192 3198 286 3264 δεινδι
308 3198 513 3265 πεπονθέναι
536 3199 686 3284 φάσκειν,
710 3201 742 3265 εί
758 3200 817 3265 τὸν
836 3198 1016 3280 ἐλεύθερον
1036 3196 1120 3276 ἐξαι-

107 3315 186 3385 τῶν,
210 3304 254 3380 ὡς
276 3302 340 3386 ἐγὼ
365 3317 479 3389 σαφῶς
497 3305 577 3389 ὑμῖν
596 3304 757 3387 ἐπιδείξω,
781 3304 824 3388 μὴ
844 3303 1018 3388 παρέλαβε,
1041 3306 1119 3379 τοὺς

109 3406 146 3474 δὲ
173 3409 341 3494 μάρτυρας
369 3410 410 3474 οὐ
438 3411 531 3476 δεινά
558 3412 696 3495 πάσχειν
723 3413 884 3494 νομίζειν,
914 3411 973 3474 τὸν
1001 3407 1119 3491 ὁμολο-

108 3513 279 3598 γουμένως
314 3517 438 3583 δοῦλον
469 3515 544 3600 περὶ
576 3511 623 3583 ὧν
656 3516 885 3601 ἐμαρτύρησαν
918 3513 1123 3593 ἐκδιδόντος,
