2614 3904
204 285 272 351 404
485 289 608 344 xxm.
632 287 935 360 [Δεαοεοιιιιουιι]

609 481 815 560 mmm.

293 585 384 672 Λαβέ
412 590 455 672 δὴ
483 588 538 655 καὶ
561 589 623 674 τὴν
645 601 713 656 τῶν
735 592 1048 674 πεντηκοστολόγων
1072 590 1219 675 άπογρα-

204 698 274 782 φὴν
296 694 351 761 καὶ
374 696 432 772 τὰς
454 699 644 781 μαρτυρίας.

485 889 694 941 ΑΠΟΙῬΔΦΗ.
730 887 935 941 ΜΔΡῙὝΡΙΔῘ.

176 1011 190 1052 ⁸
289 992 420 1061 Ἐλθὼν
442 997 559 1062 τοίνυν
582 998 629 1073 εἰς
651 995 711 1062 τὸν
729 997 917 1078 Βόσπορον,
941 997 1026 1080 ἔχων
1045 995 1218 1074 ἐπιστολὰς

203 1095 281 1186 παρ’
303 1102 395 1186 ἐμοῦ,
414 1100 453 1180 ἃς
472 1097 567 1168 ἔδωκ’
588 1101 677 1190 αύτῷ
696 1101 888 1183 ἀπενεγκεῖν
907 1110 951 1190 τῷ
970 1099 1065 1167 παιδὶ
1084 1110 1128 1190 τῷ
1148 1102 1216 1188 ἐμῷ

203 1209 477 1292 παραχειμάζοντι
504 1205 573 1274 ἐκεῖ
596 1204 652 1274 καί
679 1216 829 1295 κοινωνῷ
855 1210 938 1290 τινί,
965 1207 1094 1292 γράψας
1117 1203 1153 1273 ἐν
1175 1218 1216 1294 τῇ

204 1311 359 1398 ἐπιστολῇ
384 1315 423 1378 τό
445 1337 480 1379 τε
504 1313 665 1398 ἀργύριον
688 1309 706 1378 ὃ
730 1310 951 1378 ἐδεδανείκειν
974 1310 1029 1386 καί
1051 1315 1112 1397 τὴν
1134 1313 1218 1380 ὑπο-

202 1422 330 1502 θήκην,
362 1417 417 1484 καὶ
444 1417 645 1503 προστάξας,
678 1417 811 1483 ἐπειδάν
839 1413 964 1503 τάχιστ’
995 1417 1148 1504 ἐξαιρεθῇ
1176 1423 1219 1484 τά

203 1527 366 1609 χρήματα,
395 1523 552 1602 ἐξετάζειν
579 1521 635 1590 καὶ
662 1527 947 1607 παρακολουθεῖν,
974 1525 1033 1601 τὰς
1060 1519 1120 1609 μὲν
1148 1524 1218 1591 ἐπι-

203 1631 323 1706 στολάς
355 1631 417 1696 οὐκ
448 1630 652 1697 ἀποδίδωσιν
685 1628 797 1704 αὐτοῖς
827 1627 866 1705 ἃς
892 1631 988 1711 ἔλαβε
1016 1625 1093 1714 παρ’
1124 1629 1219 1714 ἐμοῦ,

203 1735 260 1800 ἵνα
283 1732 387 1819 μηδὲν
406 1737 573 1818 εἰδείησαν
592 1731 639 1801 ὧν
659 1737 816 1819 ἔπραττεν
835 1729 943 1816 οὗτος,
967 1737 1169 1818 καταλαβὼν
1182 1736 1214 1802 δ’

205 1841 242 1906 ἐν
269 1850 314 1928 τῷ
338 1843 500 1928 Βοσπόρῳ
528 1843 683 1925 μοχθηρὰ
710 1841 751 1904 τά
774 1840 947 1924 πράγματα
976 1840 1031 1905 διά
1054 1843 1113 1906 τὸν
1136 1860 1216 1928 συμ-

204 1948 309 2030 βάντα
336 1950 481 2030 πόλεμον
508 1953 554 2034 τῷ
582 1947 771 2029 Παιρισάδῃ
798 1945 881 2029 πρὸς
907 1947 967 2011 τὸν
991 1947 1134 2028 Σκύθην
1162 1948 1219 2013 καὶ

205 2055 273 2117 τῶν
296 2055 444 2136 φορτίων
467 2046 514 2116 ὧν
536 2047 595 2134 ἦγε
619 2051 745 2134 πολλὴν
759 2049 947 2133 ἀπρασίαν,
969 2049 1006 2116 ἐν
1029 2053 1116 2136 πάση
1138 2052 1219 2118 άπο-

207 2161 262 2244 ρίᾳ
284 2153 339 2240 ἦν·
362 2154 418 2223 καὶ
440 2157 503 2240 γάρ
527 2159 562 2222 οί
583 2155 751 2222 δανεισταί
773 2162 902 2240 εἴχοντο
921 2156 1026 2221 αὐτοῦ
1043 2158 1080 2222 οί
1093 2161 1135 2223 τά
1153 2157 1219 2224 ἐτε-

179 2267 333 2349 ῠρόπλοα
359 2265 577 2339 δανείσαντες.
624 2263 706 2328 ὥστε
729 2271 789 2327 τοῦ
812 2263 1003 2351 ναυκλήρου
1025 2265 1220 2343 κελεύοντος

207 2370 310 2435 αὐτὸν
332 2369 414 2434 κατὰ
435 2369 497 2452 τὴν
515 2368 715 2452 συγγραφὴν
735 2367 929 2433 ἐντίθεσθαι
946 2368 987 2432 τά
1006 2359 1219 2454 ἀγοράσματα

206 2486 274 2541 τῶν
297 2474 384 2559 ἐμῶν
407 2475 592 2559 χρημάτων,
616 2466 708 2539 εἶπεν
731 2467 828 2550 οὗτος
851 2472 869 2538 ὁ
893 2482 957 2540 νῦν
980 2474 1119 2557 φάσκων
1139 2467 1219 2541 άπο-

208 2578 388 2647 δεδοικέναι
414 2581 452 2644 τὸ
479 2583 633 2664 χρυσίον,
663 2579 713 2643 ὅτι
741 2579 803 2645 οὐκ
829 2575 871 2642 διν
894 2579 1032 2645 δύναιτο
1056 2579 1220 2646 ἐνθέσθαι

208 2689 255 2766 είς
285 2689 347 2770 τὴν
377 2695 463 2752 ναῦν
494 2687 535 2750 τά
566 2689 728 2770 χρήματα·
761 2686 908 2769 ἄπρατον
941 2687 1004 2769 γάρ
1037 2681 1123 2750 εἶναι
1150 2687 1211 2752 τὸν
1222 2696 1272 2743 910

208 2794 330 2880 ῥῶπον.
375 2791 529 2858 κάκεῖνον
557 2787 617 2875 μὲν
645 2790 794 2857 ἐκέλευεν
821 2789 1021 2874 άνάγεσθαι,
1049 2791 1152 2888 αὐτὸςΥ
1174 2791 1221 2879 δ’,

209 2899 343 2964 ἐπειδάν
367 2899 524 2980 διαθῆται
547 2900 587 2962 τά
611 2901 742 2985 φορτία,
766 2890 820 2979 ἐφ’
842 2893 953 2981 ἐτέρας
976 2898 1059 2974 νεὼς
1082 2899 1146 2981 ἔφη
1170 2897 1221 2964 ἐκ·

208 3005 421 3072 πλεύσεσθαι.
446 3007 526 3085 ,καί
546 3027 603 3088 μοι
626 2999 706 3087 λαβὲ
728 3003 853 3085 ταύτην
875 3003 937 3086 τὴν
960 3007 1152 3088 μαρτυρίαν.
1257 2987 1263 2996 ’

619 3197 809 3251 ΜΔΡΤΤΡΙΑ.

173 3325 199 3364 ιο
301 3303 398 3370 Μετδ
419 3311 522 3370 ταῦτα
539 3307 656 3370 τοίνυν
675 3299 701 3368 ὦ
720 3303 840 3387 ἄνδρες
854 3300 1027 3386 Ἀθηναῖοι
1046 3299 1144 3381 οὗτος
1162 3302 1226 3388 μὲν

212 3411 249 3477 ἐν
275 3419 321 3498 τῷ
345 3407 777 3498 Βοσπόρῳκατελέλειπτο,
805 3407 824 3474 ὁ
851 3405 890 3473 δέ
912 3411 1044 3494 Λάμπις
1066 3409 1228 3494 ἀναχθεὶς

212 3515 417 3599 ἐναυάγησεν
437 3515 478 3579 ού
497 3517 626 3600 μακράν
645 3514 708 3580 άπὸ
722 3523 783 3579 τοῦ
797 3514 970 3599 ἐμπορίου·
988 3515 1229 3600 γεγεμισμένης

213 3620 275 3702 γάρ
298 3620 362 3704 ἤδη
385 3630 443 3704 τῆς
467 3622 560 3703 νεὼς,
584 3621 629 3696 ὡς
651 3621 826 3704 ἀκούομεν,
850 3624 975 3704 μᾶλλον
998 3629 1058 3685 τοῦ
1078 3619 1228 3699 δέοντος,
