2614 3904
486 167 586 219 ΠΡΟΣ
604 166 827 220 τααοοειαια.
1099 161 1163 227 38ῖ

152 328 187 391 εί
200 329 236 388 τί
252 321 283 389 σ’
305 323 462 408 ἠδίκηκεν
481 325 498 390 ὁ
519 330 658 409 Πρῶτος
675 325 696 408 ἠ
715 325 821 410 λέγων
840 325 861 408 ἠ
880 336 995 407 ποιῶν,
1019 327 1103 408 ἔχεις
1121 322 1166 398 ὡς

152 432 239 495 ἔοικε
264 430 375 513 δίκην·
400 427 510 507 οὐδεὶς
527 429 621 515 ἠμῶν
641 431 794 514 ἐκώλυεν,
819 428 899 497 οὐδὲ
917 439 981 495 νῦν
999 439 1165 514 παραιτεῖ-

150 558 214 601 ται.
256 537 288 601 εί
308 537 609 621 σεσυκοφάντηκας,
633 537 674 602 ού
697 539 987 623 περιεργαζόμεθα.
1023 535 1066 618 νή
1089 529 1164 616 Δί’,

108 660 137 700 ‘2⁹
153 634 225 706 ἀλλ’
251 641 401 707 ἐκποδών
424 641 513 707 ἐστιν
536 642 723 723 ἅνθρωπος.
771 643 827 708 διά
849 637 879 726 γ’
905 642 1004 726 ὑμᾶς,
1027 640 1085 706 ἵνα
1106 639 1166 717 τάς

151 769 187 812 τε
215 751 396 831 μαρτυρίας
421 750 479 824 τάς
505 745 664 834 ἠμετέρας
689 751 782 833 λίπη,
810 746 865 814 καὶ
888 757 953 813 νῦν
975 747 1069 830 ὑμεῖς
1091 746 1109 810 ύ
1132 768 1164 810 τι

153 851 195 920 δν
218 853 388 937 βούλησθε
411 851 526 937 λέγητε
549 850 618 918 κατ’
646 854 758 920 αὐτοῦ.
796 854 828 919 εί
848 855 912 937 γὰρ
936 855 979 938 μή
1004 849 1047 918 δι’
1069 851 1165 937 ὑμῶν

152 962 273 1044 ἔρημος
295 956 439 1042 ἐγήνεθ
462 959 483 1042 ἠ
507 960 594 1042 δίκη,
618 958 672 1043 ἅμ’
695 957 737 1024 άν
760 959 862 1025 αὐτὸν
883 965 1090 1045 προσεκαλοῦ
1108 957 1164 1024 καὶ

152 1066 337 1148 κατηγγύας
359 1067 442 1149 πρὸς
462 1067 522 1131 τὸν
544 1063 763 1150 πολέμαρχον,
787 1063 892 1132 καλεῖ
909 1062 969 1150 μὲν
987 1064 1167 1150 κατέστησέ

153 1187 208 1236 σοι
225 1175 303 1246 τοὺς
321 1170 491 1255 ἐγγυητάς,
510 1171 623 1255 μένειν
641 1168 830 1255 ἠναγκάζετ’
849 1172 901 1254 άν,
920 1170 941 1254 ἠ
961 1173 1003 1236 σὺ
1021 1168 1097 1257 παρ’
1116 1165 1164 1236 ὧν

154 1278 251 1360 λήψει
270 1278 367 1361 δίκην
385 1275 537 1360 ἑτοίμους
554 1271 649 1360 εἶχες,
668 1279 700 1342 εί
717 1273 754 1342 δὲ
772 1278 816 1360 μή
835 1275 1044 1360 κατέστησεν,
1063 1279 1110 1354 είς
1124 1271 1164 1341 τὸ

110 1401 139 1439 30
155 1377 262 1467 οἴκημ’
285 1380 326 1447 άν
348 1381 409 1468 ᾔει.
445 1391 509 1447 νῦν
528 1379 564 1448 δέ
583 1383 824 1467 κοινωσάμενοι
841 1384 878 1448 τὸ
897 1392 1042 1468 πρᾶγμα,
1066 1382 1083 1448 δ
1103 1379 1164 1467 μὲν

155 1489 210 1553 διδ
243 1496 305 1552 σοῦ
334 1489 395 1571 τήν
421 1498 598 1571 γεγονυῖαν
625 1489 755 1555 ἔκδειαν
783 1488 844 1554 οὐκ
871 1487 1058 1554 ἀποδώσειν
1083 1487 1164 1573 ἠμῖν

155 1599 268 1675 οίεται,
291 1596 334 1659 σὺ
358 1589 387 1658 δ’
410 1593 539 1659 ἐκείνου
561 1605 757 1678 κατηγορῶν
779 1606 846 1658 τῶν
864 1593 1032 1680 ἡμετέρων
1050 1595 1165 1680 κύριος

153 1701 364 1783 γενήσεσθαι.
409 1700 584 1784 τεκμήριον
613 1697 663 1764 δέ·
692 1699 755 1782 ἐγὼ
783 1696 844 1784 μὲν
871 1700 934 1783 γάρ
963 1700 1064 1766 αὐτὸν
1086 1706 1164 1784 κλη-

151 1807 271 1890 τεύσαι,
294 1807 337 1870 σὺ
360 1797 391 1869 δ’
412 1803 488 1868 ούτε
510 1805 741 1889 κατηγγύησας
764 1805 840 1869 ούτε
862 1814 926 1870 νῦν
949 1806 1141 1889 κλητεύσεις.

112 1929 138 1968 ³1
234 1910 307 1976 Ἔτι
324 1914 441 1977 τοίνυν
460 1910 553 1996 ἑτέρα
571 1935 621 1990 τις
639 1911 729 1978 ἐστὶν
749 1910 839 1988 ἐλπὶς
859 1912 970 1989 αὐτοῖς
988 1920 1048 1977 τοῦ
1061 1935 1165 1996 παρα-

154 2019 358 2102 κρούσεσθαι
376 2015 431 2082 καὶ
450 2029 621 2102 φενακιεῖν
639 2018 732 2103 ὑμᾶς.
765 2018 969 2083 αἰτιάσονται
986 2017 1164 2102 Δημοσθέ-

154 2145 228 2205 νην,
251 2121 307 2188 καὶ
330 2123 443 2211 ἐκείνῳ
467 2149 504 2209 με
527 2124 724 2190 πιστεύοντα
748 2128 916 2208 φήσουσιν
939 2122 1066 2207 ἐξάγειν
1088 2148 1164 2190 του·

154 2231 242 2311 τονί,
269 2227 559 2313 ὑπολαμβάνοντες
584 2239 630 2318 τῷ
659 2230 782 2315 ῥήτορα
809 2227 863 2296 καί
886 2230 1056 2314 γνώριμον
1079 2225 1164 2296 εἶναι

155 2331 283 2399 ἐκεῖνον
306 2337 454 2418 πιθανήν
476 2337 563 2419 ἐχειν
586 2337 647 2418 τήν
670 2337 788 2400 αἰτίαν.
826 2335 899 2420 ἐμοὶ
918 2333 948 2400 δ’
971 2332 1039 2400 ἐστὶ
1057 2331 1164 2428 μένῶ

155 2440 274 2525 άνδρες
295 2436 468 2522 Ἀθηναῖοι
490 2439 713 2523 Δημοσθένης
736 2443 857 2518 οίκεῖος
879 2440 968 2523 γένει
992 2438 1060 2526 (καὶ
1082 2443 1163 2506 πάν-

155 2569 213 2622 τας
242 2545 322 2629 ὑμῖν
355 2545 477 2627 ὄμνυμι
509 2547 588 2620 τοὺς
620 2549 723 2620 θεοὺς
749 2539 771 2628 ἠ
798 2546 864 2630 μήν
892 2543 980 2629 ἐρεῖν
1006 2545 1162 2631 τάληθη),

114 2667 141 2710 σε
154 2652 402 2737 προσελθόντος
429 2643 459 2714 δ’
486 2648 575 2736 αὐτῷ
604 2673 669 2731 μου
693 2647 748 2715 καὶ
771 2662 924 2736 παρεῖναι
946 2648 1001 2715 καὶ
1022 2653 1164 2735 βοηθεῖν

156 2756 326 2835 ἀξιοῦντος
343 2761 422 2822 εἴτι
440 2756 520 2839 ἔχοι,
545 2756 729 2837 ,,Δήμων,“
752 2758 827 2839 ἔφη,
852 2756 938 2839 ,ἐγὼ
957 2759 1084 2839 ποιήσω
1103 2754 1164 2842 μέν

156 2861 200 2937 ὡς
223 2859 265 2926 άν
288 2864 330 2927 σύ
353 2861 499 2946 κελεύῃς·
523 2857 664 2945 καὶγὰρ
689 2858 730 2926 δν
754 2861 866 2925 δεινὸν
885 2866 945 2944 είη.
982 2862 1036 2926 δεῖ
1051 2862 1164 2947 μέντοι

155 2965 208 3031 καὶ
236 2968 273 3032 τὸ
301 2976 426 3033 σαυτοῦ
453 2963 509 3031 καί
535 2966 661 3051 τούμὸν
686 2968 893 3048 λογίσασθαι.
939 2965 1012 3052 ἐμοὶ
1035 2969 1153 3053 συμβέ-
1165 2977 1215 3030 891

155 3075 267 3156 βηκεν,
291 3070 348 3157 ἀφ’
372 3067 413 3138 οὗ
436 3069 511 3158 περὶ
534 3083 601 3136 τῶν
623 3083 746 3137 κοινῶν
770 3071 877 3155 λέγειν
898 3073 1058 3157 ἠρξάμην,
1082 3072 1164 3160 μηδὲ

154 3179 236 3263 πρὸς
264 3178 302 3244 ἓν
329 3175 451 3264 πρᾶγμ’
479 3179 567 3244 ίδιον
595 3178 893 3263 προσεληλυθέναι·
923 3178 1004 3245 άλλά
1030 3176 1166 3260 καὶτῆς

96 3336 99 3341 .
154 3287 320 3360 πολιτείας
342 3284 443 3367 αὐτῆς
464 3284 505 3349 τά
527 3279 652 3350 τοιαῦτ’
679 3282 834 3367 ἐξέστηκα
856 3331 953 3350 .....

509 3385 628 3452 (Desunt
646 3384 805 3456 quaedam.)

951 3596 1004 3646 δῦ*
