2614 3904
503 191 586 243 KAT‘
605 191 758 242 ΔΦΟΒΟΤ
775 192 807 243 Δ.
1099 187 1166 253 323

154 367 244 416 σεται
268 361 421 436 φανερῶς
442 350 647 436 τήνπροῖιια
670 351 728 428 τὰς
750 350 955 434 ἀγδοήκοντα
974 359 1058 435 μνᾶς
1075 373 1166 416 ιιειιο-

9 513 14 522 .
152 455 326 542 μισμίνος,
355 455 411 524 καὶ
436 459 514 523 λίαν
539 455 684 534 ἀναιδῶς
705 457 750 542 μή
772 458 888 539 λαβεῖν
912 454 1165 542 ίξαρνούμενοςς

115 582 138 622 ιι
154 561 237 628 ἀλλὰ
269 563 335 648 μήν
367 562 412 642 ὡς
438 561 549 646 ἀληθή
576 560 677 647 λέγει,
709 558 790 646 λαβὲ
816 563 874 640 τὰς
901 565 1084 648 μαρτυρίας
1110 557 1168 630 καί

154 668 337 752 ἀνάγνωθι.
940 677 946 710 ί
1047 681 1050 688 “

556 861 762 917 MAPTTPIAL

247 988 316 1071 Τήν
342 984 404 1071 μὲν
430 991 548 1054 τοίνυν
574 997 696 1068 προῖκα
723 995 843 1052 τοῦτον
870 986 930 1052 τὸν
951 987 1078 1072 τρόπον
1101 987 1168 1071 ἔχει

154 1095 275 1176 λαβών.
316 1095 360 1178 μή
383 1096 550 1179 γήμαντος
572 1090 604 1158 δ’
631 1092 735 1160 αὐτοῦ
757 1094 819 1178 τήν
842 1091 966 1178 μητέρα
989 1094 1050 1177 τήν
1073 1092 1167 1178 ἐμήν,

154 1199 173 1265 ὁ
207 1195 267 1284 μὲν
298 1202 401 1285 νόμος
432 1200 558 1266 κελεύει
590 1201 652 1285 τήν
681 1193 791 1285 προῖκ’
821 1198 969 1283 ὀφείλειν
996 1195 1045 1264 ἀπ’
1076 1196 1164 1266 ἐννέ’

154 1305 302 1388 ὀβολοῖς,
330 1306 394 1388 ἐγὼ
424 1303 455 1371 δ’
481 1302 535 1371 ἐπὶ
561 1303 690 1390 δραχμή
713 1307 818 1389 μόνον
840 1308 966 1389 τίθημι.
1011 1309 1159 1389 γίγνεται
1168 1313 1220 1366 81⁹

156 1407 200 1495 δ’,
228 1410 287 1477 ίάν
313 1434 363 1488 τις
390 1417 534 1496 συντιθῇ
560 1412 599 1477 τό
621 1409 650 1474 τ’
678 1410 818 1496 ἀρχαῖον
839 1408 895 1477 καὶ
917 1413 955 1477 τὸ
978 1413 1078 1496 ἔργον
1100 1422 1170 1479 τῶν

118 1537 142 1577 ιε
156 1511 224 1582 δέκ’
260 1516 358 1600 ἐτῶν,
394 1518 535 1602 μάλιστα
570 1518 646 1601 τρία
681 1517 833 1582 τάλαντα.
887 1514 943 1582 καὶ
974 1526 1077 1583 ταῦτα
1107 1515 1169 1603 μὲν

157 1623 262 1701 οὕτως
291 1623 397 1708 [ὑμῖν]
423 1622 629 1708 ἐπιδείκνυμι
652 1624 797 1705 λαβόντα
819 1620 874 1687 ιιαδ
898 1625 985 1708 ἔχειν
1008 1622 1169 1709 ὁμολογή·

156 1747 260 1796 σαντα
296 1729 475 1815 μαρτύρων
507 1726 660 1793 ἐναντίον
691 1729 875 1795 τοσούτων·
920 1729 1022 1805 ἄλλας
1052 1733 1169 1796 τοίνυν

156 1839 222 1922 ἔχει
235 1837 413 1922 τριάιιοντα
428 1845 523 1919 μνᾶς,
541 1845 602 1901 τοῦ
621 1835 839 1921 ἐργαστηρίου
858 1834 970 1918 λαβὼν
989 1835 1051 1919 τήν
1067 1839 1170 1921 πρόσ-

156 1943 253 2025 οδον,
281 1939 337 2008 ιιαλ
365 1937 635 2026 ἀναισχυντότατ’
663 1940 852 2023 ἀνθρώπων
880 1940 1074 2026 ἀποστερεῖν
1101 1941 1170 2008 ἐπι-

154 2051 353 2134 κεχείρηκεν.
392 2044 462 2132 ἐμοί
487 2045 518 2112 δ’
541 2047 559 2114 ὁ
582 2047 690 2133 πατήρ
713 2046 865 2113 κατέλιπε
887 2047 1064 2133 τριάιιοντα
1086 2057 1171 2132 μνᾶς

156 2150 211 2221 ἀπ’
238 2154 349 2221 αὐτῶν
377 2153 439 2236 τήν
466 2153 651 2239 πρόσοδον·
679 2151 896 2238 ἀποδομένων
920 2149 958 2218 δὲ
979 2153 1108 2219 τούτων
1129 2157 1170 2221 τδ

156 2259 275 2345 ήμίσεα
302 2270 369 2325 τῶν
397 2258 635 2344 ἀνδραπόδων,
667 2259 900 2326 πεντεκαίδεκά
926 2282 983 2343 μοι
1010 2268 1095 2345 μνᾶς
1120 2262 1170 2343 γί·

118 2387 144 2426 ιε
157 2373 300 2450 γνεσθαι
326 2367 408 2430 κατὰ
436 2367 540 2447 λόγον
566 2374 742 2449 προσῆκεν.
788 2366 997 2451 Θηριππίδης
1024 2360 1171 2451 μὲνοῦν

158 2470 226 2539 ἕπτ’
257 2474 313 2556 ἔτη
345 2482 412 2537 τῶν
445 2470 668 2557 ἀνδραπόδων
699 2469 909 2556 ἐπιμεληθεὶς
940 2470 1058 2539 ἕνδεκα
1087 2482 1171 2557 μνᾶς

157 2588 219 2648 τοῦ
246 2578 402 2644 ἐνιαυτοῦ
430 2575 593 2662 ἀπέφηνε,
623 2576 775 2661 τέτταρσι
803 2587 900 2662 μναῖς
926 2575 1004 2644 καθ’
1031 2576 1173 2646 ἕκαστον

158 2685 313 2752 ἐνιαυτὸν
335 2686 471 2749 ἔλαττον
494 2682 516 2768 ή
540 2683 623 2749 ὅσον
645 2691 790 2768 προσῆκε
814 2686 1032 2770 λογιζόμενος.
1073 2680 1172 2764 οὗτος

159 2788 196 2858 δὲ
229 2788 281 2857 δύ’
312 2792 367 2874 ἔτη
399 2791 440 2856 τὰ
471 2783 573 2876 πρῶτ’
604 2788 815 2874 ἐπιμεληθεὶς
845 2788 918 2857 οὐδ’
950 2790 1064 2857 ὁτιοῦν
1091 2792 1171 2858 ἀπο-

159 2900 341 2980 δείκνυσιν,
364 2894 436 2962 ἀλλ’
459 2895 565 2963 ἐνίοτε
588 2895 649 2982 μίν
673 2913 778 2982 φησιν
797 2896 940 2982 ἀργῆσαι
958 2897 995 2962 τὸ
1015 2896 1171 2982 ἐργαστή-

159 3028 249 3091 ριον,
277 3002 384 3069 ἐνίοτε
409 2996 440 3068 δ’
465 3002 511 3080 ὡς
534 3002 633 3081 αὐτὸς
656 3000 717 3088 μὲν
740 3003 802 3070 οάιι
824 3001 1010 3088 ἐπεμελήθη
1033 3003 1172 3086 τούτων,
1204 3017 1207 3026 ’

159 3111 178 3178 ό
211 3108 241 3176 δ’
273 3109 448 3195 ἐπίτροπος
475 3109 626 3191 Μιλύας,
659 3109 677 3176 ὁ
710 3109 932 3195 ἀπελεύθερος
959 3109 978 3175 δ
1005 3105 1171 3194 ἡμέτερος,

160 3213 324 3305 διῴκησεν
349 3216 449 3301 αὐτό,
475 3213 531 3281 καὶ
554 3211 631 3300 παρ’
658 3213 789 3280 ἐκείνου
810 3237 866 3298 μοι
889 3217 1048 3299 προσήκει
1070 3216 1173 3297 λόγον

5 3399 6 3420 χ
160 3325 284 3406 λαβεῖν.
322 3319 365 3386 δυ
387 3317 451 3388 οὖν
472 3319 528 3388 ιιαὶ
549 3329 615 3386 νῦν
635 3325 710 3406 εῖπη
728 3321 802 3385 τινὰ
820 3320 949 3386 τούτων
966 3331 1034 3386 τῶν
1052 3324 1172 3404 λόγων,

121 3446 147 3486 2⁰
162 3427 285 3514 ῥηιδίως
313 3427 547 3511 ἐλεγχθήσεται
573 3426 787 3510 ψευδόμενος.
833 3424 874 3490 ἀν
898 3421 959 3510 μὲν
983 3419 1046 3490 οὖν
1069 3425 1172 3509 ἀργὸν

161 3542 209 3619 φή
241 3532 416 3617 γενέσθαι,
447 3534 551 3618 λόγου
583 3532 682 3608 αὐτὸς
713 3529 918 3616 ἀπενήνοχεν
949 3529 1172 3666 ἀνοχλιιμότωυ

958 3638 991 3687 21
