2612 3918
176 161 241 223 110
487 164 558 216 XXI.
584 162 862 216 ΔΗΜΟΣΘΕΝΟΤΣ

175 319 358 406 ἐξεπίτηδες
374 323 557 405 πλάττεται,
576 323 778 408 κυριώτερον
792 319 885 405 [ούδδ
898 326 1105 408 πιστότερον]
1120 333 1185 388 τοῦ

173 427 310 509 παντὸς,
338 427 378 493 δν
407 427 502 494 αὐτοὶ
528 429 676 510 σύνιστε,
704 431 828 514 χρόνου
851 430 1062 511 ποιήσασθαι.
1108 428 1184 514 ἐμοὶ

173 527 283 598 παιδί’
313 532 374 600 οὑκ
401 535 506 617 ἔστιν,
539 530 611 600 οὐδ’
642 531 684 600 ἂν
712 535 818 618 ἐχοιμι
844 541 946 598 ταῦτα
973 536 1185 618 παραστησά-

174 662 272 734 μενος
289 641 403 706 κλάειν
420 638 475 706 καί
493 640 650 724 δακρύειν
669 635 721 724 ἐφ’
740 632 790 716 οἷς
807 639 984 724 ὑβρίσθην.
1013 641 1068 705 διδ
1087 637 1180 706 τοῦτ’

174 739 237 830 ἆρα
268 755 329 811 τοῦ
358 747 573 831 πεποιηκότος
601 745 618 811 ὑ
646 746 823 823 πεπονθὼς
850 747 985 811 ἐλαττου
1012 745 1072 826 ἔξω
1100 741 1180 830 παρ’

123 866 161 908 1⁸⁸
173 851 267 934 ὑμῖν;
292 853 336 936 μὴ
360 854 456 936 δῆτα·
482 849 553 918 ἀλλ’
576 851 655 918 ὅταν
678 845 776 929 οὑτος
798 853 882 936 ἔχων
899 853 939 917 τδ
957 853 1082 934 παιδιά,
1105 855 1182 919 τού-

174 981 242 1034 τοις
269 957 357 1037 ἀξιοῖ
380 959 499 1023 δοῦναι
526 958 587 1042 την
614 966 730 1042 ψῆφον
757 957 856 1040 ὑμᾶς,
883 951 958 1024 τόθ’
983 957 1076 1042 ὑμεῖς
1102 962 1183 1036 τοὺς

173 1064 297 1146 νόμους
328 1065 445 1148 ἔχοντά
476 1087 515 1148 με
547 1067 689 1146 πλησίον
720 1062 856 1146 ἡγεῖσθε
883 1065 1084 1148 παρεστάναι
1113 1064 1182 1146 [καὶ

173 1169 232 1234 τὸν
254 1169 355 1254 ὅρκου
378 1169 418 1236 δν
441 1168 660 1253 ὀμωμόκατε],
683 1170 813 1246 τούτοις
836 1168 991 1249 ἀξιοῦντα
1014 1169 1068 1236 καί
1091 1170 1181 1236 ἀντι-

173 1269 334 1358 βολοῦνθ’
360 1274 497 1342 ἕκαστον
523 1275 618 1359 ὑμῶν
644 1279 866 1360 ψηφίσασθαι.
913 1267 963 1352 οἷς
983 1275 1077 1361 ὑμεῖς
1098 1280 1181 1343 κατὰ

173 1383 278 1446 πολλά
306 1382 512 1466 δικαιότερον
539 1378 742 1466 πρόσθοισθ’
769 1379 811 1448 ἂν
838 1380 859 1465 ἣ
886 1383 1010 1471 τούτῳ·
1039 1381 1180 1470 καὶγὰρ

174 1486 356 1572 ὀμωμόκατ’
385 1483 411 1553 ὦ
434 1489 554 1572 ἄνδρες
573 1484 747 1573 Ἀθηναῖοι
768 1498 838 1564 τοῖς
859 1490 975 1573 νόμοις
995 1493 1180 1573 πείσεσθαι,

173 1592 227 1659 καί
258 1605 326 1659 τῶν
358 1600 441 1660 ίσοον
472 1593 622 1678 μέτεστιν
653 1594 734 1678 ὑμῖν
766 1594 821 1659 διδ
850 1597 929 1671 τοὺς
955 1597 1093 1679 νόμους,
1124 1595 1181 1661 καὶ

173 1697 276 1765 πάνθ’
303 1695 353 1765 όσ’
377 1693 442 1765 ἐστ’
465 1694 564 1783 ἀγάθ’
585 1699 666 1783 ὑμῖν
688 1700 744 1764 διδ
766 1701 846 1777 τοὺς
867 1702 991 1784 νόμους
1013 1699 1114 1784 ἐστίν,
1138 1702 1181 1768 ού

175 1807 230 1871 διὰ
253 1807 399 1872 Μειδίαν
422 1803 501 1871 ούδδ
525 1807 581 1871 διδ
602 1807 681 1882 τοὺς
703 1806 849 1871 Μειδίου
871 1808 999 1882 παῖδας.

125 1929 161 1970 ιεο
263 1909 329 1976 Καὶ
352 1912 484 1997 ,ῥητωρ
508 1909 599 1977 ἐστὶν
621 1905 741 1989 οὑτος“
764 1918 844 1988 ίσως
866 1908 921 1996 ἐμὲ
944 1914 1043 1997 φήσει
1065 1912 1181 1996 λόγων.

175 2016 237 2100 ἐγὼ
271 2013 315 2101 δ’,
349 2020 379 2083 εί
408 2014 469 2101 μὲν
501 2017 518 2083 ὑ
552 2018 790 2102 συμβουλεύων
822 2017 840 2083 ό
871 2041 903 2084 τι
934 2016 976 2082 άν
1008 2019 1181 2105 συμφέρον

176 2122 281 2207 [ὑμῖν]
303 2122 433 2206 ἡγῆται,
454 2119 509 2188 καὶ
528 2121 617 2188 τοῦτ’
640 2123 716 2207 άχρι
733 2132 793 2188 τοῦ
812 2120 917 2208 μηδὲν
934 2122 1015 2208 ὑμῖν
1033 2123 1181 2209 ἐνοχλεῖν

174 2225 257 2313 μηδὲ
284 2229 470 2312 βιάζεσθαι,
499 2228 608 2313 ῥήτωρ
636 2225 741 2320 ἐστὶν,
769 2228 845 2293 ούτε
873 2225 1010 2313 φύγοιμ’
1037 2228 1079 2295 άν
1106 2231 1177 2297 οὔτ’

174 2333 338 2419 άρυοῦμαι
360 2335 506 2418 τούνομα
529 2344 641 2400 τοῦτο·
664 2336 696 2399 εί
717 2333 829 2418 μέντοι
853 2335 961 2419 ῥήτωρ
980 2334 1070 2401 ἐστίν
1088 2338 1182 2416 οἵους

174 2440 284 2517 ἐνίους
309 2451 377 2505 τῶν
404 2443 569 2524 λεγόντων
596 2440 659 2524 ἐγὼ
687 2437 741 2505 καὶ
769 2439 862 2524 ὑμεῖς
889 2436 920 2505 δ’
947 2439 1051 2524 ὁρᾶτ’,
1079 2441 1235 2509 &vat-5⁷6

174 2547 243 2622 δεῖς
264 2543 319 2610 καὶ
342 2543 401 2631 ἀφ’
426 2545 521 2630 ὑμῶν
543 2547 818 2630 πεπλουτηκότας,
842 2545 903 2612 ούκ
926 2545 968 2612 διν
990 2553 1062 2632 είην
1083 2542 1181 2625 οὗτος

175 2651 251 2734 ἐγώ·
279 2656 400 2736 είληφα
427 2648 488 2735 μὲν
514 2653 577 2737 γάρ
605 2648 677 2719 οὐδ’
705 2651 820 2717 ὁτιοῦν
846 2647 922 2736 παρ’
949 2653 1058 2738 ὑμῶν,
1083 2655 1123 2719 τά
1147 2649 1178 2720 δ’

174 2751 244 2822 ὄντ’
278 2759 325 2834 είς
356 2757 440 2842 ὑμᾶς
471 2759 558 2841 πλὴν
589 2758 677 2823 πάνυ
709 2768 836 2842 μικρῶν
867 2755 983 2824 ἅπαντ’
1019 2759 1180 2843 άνηλωκα.

174 2868 280 2929 καίτοι
308 2862 364 2929 καὶ
389 2865 420 2929 εί
440 2864 568 2929 τούτοιν
590 2859 633 2947 ἦν
655 2865 894 2948 πονηρότατος,
922 2866 1004 2930 κατά
1025 2867 1103 2942 τοὺς
1125 2869 1179 2930 νό-

174 2993 257 3055 μους
289 2970 356 3035 ἐδει
386 2963 464 3050 παρ’
494 2967 586 3053 ἐμοῦ
608 2970 705 3052 δίκην
732 2970 927 3053 λαμβάνειν,
959 2970 1020 3036 οὐκ
1047 2967 1099 3053 ἐφ’
1131 2963 1182 3048 οἷς

124 3095 162 3134 1⁹0
176 3077 400 3162 ἐλῃτούργουν
422 3074 576 3158 ὑβρίζειν.
613 3077 660 3140 ἔτι
682 3077 799 3139 τοίνυν
821 3071 901 3142 οὐδὲ
919 3067 966 3151 εἷς
984 3075 1073 3140 ἐστιν
1092 3077 1182 3154 ὅστις

175 3179 247 3266 ἐμοὶ
278 3193 345 3246 τῶν
378 3183 543 3264 λεγόντων
570 3168 835 3264 συναγωνιζεται.
879 3179 934 3247 καλ
962 3181 1076 3248 οὐδενί
1102 3182 1181 3267 μέμ-

175 3308 294 3372 φομαι·
324 3283 403 3352 οὐδὲ
431 3288 494 3370 γάρ
518 3285 617 3363 αὐτὸς
640 3286 778 3362 οὐδενὸς
800 3287 909 3352 εἵνεκα
931 3287 1058 3353 τούτων
1081 3285 1182 3354 οὐδὲν

176 3392 212 3457 ε’ν
230 3392 310 3476 ὑμῖν
328 3387 451 3458 πώποτ’
473 3387 578 3473 εἶπον,
599 3389 671 3457 ἀλλ’
694 3391 804 3469 ἁπλῶς
822 3389 892 3458 κατ’
916 3392 1057 3478 ἐμαυτὸν
1076 3395 1183 3477 ἔγνων

177 3496 232 3561 καὶ
251 3496 359 3580 λέγειν
377 3494 432 3561 καὶ
450 3497 604 3582 πράττειν
622 3499 640 3563 ό
659 3522 691 3564 τι
709 3497 750 3565 διν
765 3497 936 3583 συμφέρον
951 3498 1030 3582 ὑμῖν
1043 3497 1181 3584 ἡγῶμαι
