2590 3900
165 185 231 250 270
468 189 564 242 ων.
587 155 866 241 οιτοιοεοευοωπ

162 357 233 425 τοῖς
259 349 437 432 στεφάνοις
464 345 510 431 θ’,
538 347 597 425 οὓς
623 346 834 428 κατέκοπτεν,
862 344 939 432 οὐχί
962 349 1176 431 προσήγαγεν

162 453 263 519 ταύτὸ
292 455 422 520 δίκαιον
448 462 562 536 τοῦτο,
594 448 666 518 ἀλλ’
697 453 796 530 αὐτὸς
824 453 948 538 ῥήτωρ,
981 453 1175 538 χρυσοχόος,

111 576 149 618 ιιι
163 561 290 644 ταμίας,
314 558 536 642 ἀντιγραφεὺς
557 558 704 642 γέγονεν.
749 555 805 624 καί
827 563 892 642 μὴν
915 559 948 624 εί
968 553 1030 641 μέν
1052 551 1172 623 ἅπαντ’

163 664 291 748 ἠξίους,
315 665 376 730 ὅσα
398 665 550 749 πράττεις
572 674 611 751 τῇ
635 667 743 748 πόλει,
767 671 877 752 σαυτῷ
901 664 1084 745 πιστεύειν,
1112 662 1178 729 οὐκ

163 767 206 835 ἂν
229 769 350 854 ὁμοίως
372 769 512 853 κλέπτης
535 769 582 836 ὢν
606 769 738 855 ἐφωρῶ·
761 777 825 835 νῦν
846 765 877 834 θ’
900 765 953 834 ἐπί
971 779 1043 846 ταῖς
1060 770 1177 852 είσφο-

163 885 238 960 ραίς
265 875 283 941 ὃ
312 876 442 942 δίκαιόν
470 871 542 941 ἐσθ’
570 875 699 961 ὁρίσας,
727 875 771 959 μὴ
799 872 853 940 σοὶ
880 875 1063 957 πιστεύειν,
1092 874 1177 940 ἀλλὰ

163 993 233 1058 τοῖς
255 981 356 1064 αὐτῆς
380 981 514 1059 δούλοις
535 982 597 1065 τὴν
620 984 729 1063 πόλιν,
753 974 844 1046 ὁπότ’
866 981 947 1046 ἄλλο
970 1002 1002 1046 τι
1022 981 1177 1065 πράττων
1229 1065 1233 1074 ,

162 1085 218 1154 καὶ
241 1089 390 1173 χρήματα
412 1097 516 1153 κινῶν
539 1087 625 1172 ίερά,
650 1081 698 1152 ὧν
720 1079 780 1150 ἔνι’
805 1079 877 1151 οὐδ’
899 1083 953 1152 ἐπὶ
973 1095 1032 1169 τῆς
1052 1085 1232 1171 ἡμετέ-ιοο

164 1216 223 1279 ρας
249 1203 365 1277 γενεάς
392 1191 551 1277 ἀνετέθη,
585 1193 629 1277 μὴ
659 1191 957 1276 προσγραψάμενος
982 1193 1043 1275 τὴν
1069 1190 1177 1276 αὐτὴν

162 1300 316 1383 φυλακὴν
342 1299 446 1385 ἥνπερ
473 1296 550 1383 περὶ
576 1309 643 1363 τῶν
671 1299 840 1382 είσφορῶν
866 1299 995 1381 φαίνει,
1023 1297 1085 1363 οὐκ
1109 1298 1176 1383 ἤδη

110 1422 149 1462 ¹⁸⁰
163 1405 267 1487 δῆλον
290 1401 336 1470 δι’
362 1404 381 1470 ὃ
403 1403 494 1471 τοῦτ’
520 1404 689 1488 έποίησας;
714 1402 779 1487 ἐγὼ
802 1399 863 1487 μὲν
885 1398 985 1487 οἶμαι.
1029 1400 1176 1488 καὶμὴν

163 1505 189 1576 ὦ
212 1510 332 1594 άνθρες
352 1505 525 1594 Ἀθηναῖοι
547 1508 707 1576 καὶκατὰ
729 1509 852 1585 παντὸς
874 1517 935 1576 τοῦ
957 1511 1082 1594 χρόνον
1102 1508 1177 1576 σκέ-

161 1614 267 1694 φάσθ’
299 1616 343 1693 ὡς
372 1617 455 1682 καλὰ
481 1614 537 1682 καὶ
566 1609 680 1699 ζηλώτ’
710 1614 938 1700 ἐπιγράμματα
965 1624 1023 1700 τῆς
1049 1617 1176 1693 πόλεως

162 1721 300 1805 ἀνελών,
324 1722 369 1799 ὡς
391 1721 493 1806 ἀσεβῆ
516 1719 572 1788 καί
595 1721 689 1786 δεινὰ
709 1720 963 1805 ἀντεπέγραψεν.
1000 1715 1093 1805 οἶμαι
1110 1723 1175 1807 γάρ

162 1828 247 1912 ὑμᾶς
269 1828 417 1905 ἅπαντας
439 1827 522 1912 ὁρᾶν
544 1827 610 1892 ὑπὸ
628 1838 696 1892 τῶν
715 1827 889 1910 στεφάνων
907 1837 978 1904 ταίς
996 1831 1176 1912 χοινικίσιν

162 1934 313 2000 κάτωθεν
340 1931 548 2019 γεγραμμένα
575 1933 634 2017 ,,οί
654 1934 819 2018 σύμμαχοι
841 1933 901 1999 τὸν
923 1934 1031 2018 δῆμον
1052 1931 1175 2017 ἀνθρα-

149 2043 285 2124 γαθίας
307 2040 416 2106 εἵνεκα
439 2037 494 2105 καί
518 2040 766 2123 ἐικαιοσύνης“,
792 2037 812 2123 ἢ
836 2039 895 2122 ,,οί
914 2039 1081 2123 σύμμαχοι
1103 2038 1174 2123 άρι-

162 2157 273 2212 στείον
300 2153 341 2231 τῇ
365 2142 565 2232 Ἀθηναίμ“,
598 2143 618 2229 ἢ
645 2146 728 2210 κατὰ
755 2147 867 2221 πόλεις
895 2145 957 2228 ,,οί
982 2145 1088 2222 δεῖνες
1113 2145 1173 2210 τὸν

163 2253 269 2337 δῆμον
293 2250 457 2328 σωθέντες
479 2250 544 2317 ὑπὸ
562 2260 623 2316 τοῦ
642 2252 786 2335 δήμουίί,
810 2242 884 2316 οἷον
902 2249 1065 2334 ,Εὐβοεῖς
1083 2249 1173 2316 ἐλευ·

161 2355 371 2444 θερωθέντες
394 2356 628 2441 ἐστεφάνωσαν
651 2358 710 2422 τὸν
734 2357 874 2442 δῆμονίῑ,
905 2356 1006 2422 πάλιν
1029 2359 1173 2440 ,,Κόνων

162 2463 226 2530 άπὸ
253 2473 311 2547 τῆς
337 2467 522 2548 ναυμαχίας
548 2472 605 2547 τῆς
632 2463 714 2548 πρὸς
736 2463 1056 2548 Λακεδαιμονίους“,
1082 2467 1172 2546 „Xa-

161 2571 257 2652 βρίας
285 2568 348 2634 άπὸ
371 2577 429 2652 τῆς
452 2568 489 2633 ἐν
511 2567 613 2656 Νάξφ
636 2570 854 2653 ναυμαχίαςίί·
884 2579 1020 2638 τοιαῦτα
1042 2570 1106 2654 γὰρ
1129 2563 1172 2651 ην

109 2694 147 2734 ιει
161 2675 201 2739 τά
223 2685 290 2740 τῶν
314 2675 488 2759 στεφάνων
512 2673 748 2759 ἐπιγράμματα.
792 2685 895 2741 ταῦτα
918 2670 978 2759 μέν
1000 2677 1127 2756 τοίνυν,
1150 2671 1171 2739 ἃ

162 2784 260 2864 ζῆλον
282 2783 389 2846 πολὺν
412 2776 478 2865 εἶχε
496 2778 553 2846 καί
575 2783 768 2866 φιλοτιμίαν
790 2781 885 2865 ὑμίν,
913 2780 1093 2864 ἠφάνισται
1115 2804 1171 2845 κα-

159 2885 391 2972 θαιρεθέντων
418 2897 485 2952 τῶν
513 2887 701 2970 στεφάνων·
730 2885 783 2953 ἐπὶ
807 2897 880 2964 ταίς
903 2886 1037 2970 φιάλαις
1060 2883 1105 2968 θ’,
1133 2884 1171 2962 ἃς

161 2987 231 3058 ἀντ’
253 2993 389 3059 ἐκείνων
413 2990 586 3076 ἐποιήσαθ’
609 2992 690 3077 ὑμίν
707 2991 726 3059 ὁ
744 2995 869 3078 πόρνος
887 2986 993 3074 οὗτος,
1017 2985 1170 3075 ,,Ἀνάρο·

159 3102 279 3176 τίωνος
310 3097 592 3184 ἐπιμελουμένους(
624 3096 818 3183 γέγραπται,
850 3096 907 3164 καὶ
938 3091 980 3164 οὗ
1011 3098 1048 3162 τὸ
1077 3108 1169 3181 σῶμα

110 3261 111 3266 ,
160 3204 375 3288 ἡταιρηκότος
397 3204 459 3269 οὐκ
483 3203 582 3269 ἐῶσιν
606 3205 641 3269 οί
660 3207 759 3289 νόμοι
781 3206 841 3285 [είς
858 3205 899 3268 τὰ
918 3203 989 3288 ίερά
1007 3200 1169 3284 είσιέναι],

161 3311 282 3375 τούτου
305 3307 439 3394 τοῦνομ’
462 3310 498 3375 έν
517 3322 587 3388 τοῖς
606 3311 707 3395 ίεροῖς
726 3308 778 3376 ἐπὶ
796 3320 863 3375 τῶν
883 3315 1013 3394 φιαλῶν
1032 3331 1168 3393 γεγραμ-

96 3459 99 3465 -
162 3413 263 3496 μένον
287 3413 384 3480 ἐστίν.
422 3416 539 3499 ὅμοιόν
561 3412 607 3500 γ’,
631 3416 672 3482 οὐ
689 3417 768 3500 γάρ;
792 3424 892 3482 τοῦτο
910 3425 980 3492 τοῖς
997 3413 1170 3500 προτέροις

111 3534 148 3572 18¹
163 3516 414 3603 ἐπιγράμμασιν,
429 3520 449 3603 ἢ
466 3525 658 3606 φιλοτιμίαν
672 3524 749 3606 ίσην
763 3523 840 3606 ἔχον
853 3518 943 3605 ὑμῖν.
965 3523 1040 3606 τρία
1054 3522 1170 3585 τοίνυν
