2616 3910
181 287 246 353 506
494 292 551 346 ιιι,
575 289 878 361 [ιιιιιοεοωιοτε]

583 555 787 610 MAPTTPIAI.

142 676 168 720 ιι
274 664 425 728 Τοσαῦτα
447 665 564 728 τοίνυν
588 661 669 746 ἐμοῦ
687 659 929 746 ἐλαττουμένου
947 672 1113 746 φανερῶς,
1137 658 1194 730 οὑ-

180 790 235 845 τος
271 777 335 834 νῦν
373 767 569 851 σχετλιάζων
594 765 650 834 καί
673 767 886 833 δεινοπαθῶν
909 765 964 833 καὶ
986 769 1049 850 τῆν
1070 768 1196 854 προῖκά

181 893 221 955 με
243 880 301 955 τῆς
322 872 443 956 μητρὸς
466 871 696 956 ἀποστερήσας
725 870 797 939 ἀλλ’
824 872 919 956 ὑμεῖς
941 867 967 938 δι
991 872 1111 956 ἄνδρες
1137 875 1260 938 διιοτι

181 973 297 1041 κασταί
323 979 405 1062 πρὸς
428 979 513 1055 Διὸς
538 975 593 1044 καὶ
615 984 707 1044 θεῶν
730 979 774 1062 μῆ
797 983 1024 1061 καταπλαγῆτε
1047 977 1112 1042 ὑπὸ
1137 987 1196 1062 τῆς

180 1091 327 1166 κραυγῆς
352 1092 409 1167 τῆς
435 1084 569 1150 τούτοιν
597 1087 701 1162 πολὺς
727 1085 791 1170 γὰρ
817 1086 922 1160 πολὺς
949 1081 1004 1148 καί
1029 1087 1196 1166 τολμηρός

181 1186 272 1253 ἐστιν
295 1187 485 1273 ἅνθρωπος,
506 1186 562 1255 καί
586 1188 690 1266 οὑτως
712 1198 913 1275 κακοῦργος,
938 1189 1021 1254 ὥστε
1044 1187 1121 1272 περὶ
1144 1183 1195 1255 ὧν

181 1290 223 1358 ἀν
246 1295 290 1378 μὴ
314 1297 371 1380 ἔχη
393 1295 562 1380 μάρτυρας
585 1296 831 1380 παρασχέσθαι,
859 1303 962 1360 ταῦτα
985 1297 1084 1379 φήσει
1107 1294 1196 1378 ὑμᾶς

181 1398 305 1465 εἰδέναι
323 1395 349 1466 δι
368 1401 488 1485 ἀνδρες
506 1401 667 1483 δικασταί,
686 1399 705 1466 δ
723 1402 843 1479 πάντες
860 1409 1018 1468 ποιοῦσιν
1035 1400 1072 1466 οί
1085 1397 1195 1484 μηδὲν

142 1521 168 1563 κ
181 1501 271 1586 ὑγιές
302 1504 461 1587 λέγοντες.
506 1505 599 1590 ὑμεῖς
629 1501 691 1572 οὑν
718 1505 778 1572 ἐάν
804 1530 836 1572 τι
863 1516 1017 1572 τοιοῦτον
1045 1507 1195 1590 τεχνάζῃ,

181 1611 225 1694 μῆ
248 1610 432 1696 ἐπιτρέπετε
455 1611 559 1698 αὐτῷ,
586 1609 658 1677 ἀλλ’
685 1611 881 1697 ἐξελέγχετε,
908 1610 963 1677 καί
986 1612 1005 1677 δ
1027 1635 1060 1677 τι
1081 1610 1124 1677 ἀν
1146 1615 1193 1697 μῆ

181 1714 316 1793 ἕκαστος
333 1717 427 1801 ὑμῶν
445 1719 530 1803 εἰδῆ,
549 1713 632 1802 μηδὲ
650 1719 710 1782 τὸν
729 1721 871 1799 πλησίον
890 1716 1089 1801 δοκιμαζέτω
1109 1717 1192 1782 εἰδέ-

182 1845 251 1904 ναι,
283 1819 354 1888 ἀλλ’
386 1821 526 1902 ἀξιούτω
553 1833 673 1890 τοῦτον
701 1823 938 1889 ἀποδεικνύναι
966 1834 1080 1906 σαφῶς
1108 1821 1193 1907 ὑπὲρ

181 1921 228 1992 (ὑν
251 1926 294 1992 ἀν
316 1927 410 2014 λέγη,
433 1926 488 1995 καί
511 1930 555 2014 μῆ
578 1929 663 2013 ὑμᾶς
686 1929 857 2012 φάσκοντα
881 1927 1021 2012 εἰδέναι,
1044 1927 1119 2012 περὶ
1143 1923 1193 1994 ὧν

180 2033 280 2110 αὑτὸς
311 2030 411 2099 οὐδὲν
441 2033 505 2112 ἕξει
533 2037 637 2100 εἰπεῖν
666 2036 813 2119 δίκαιον,
845 2033 1103 2119 ἀποδιδράσκειν
1128 2035 1193 2117 τῆν

181 2139 357 2222 ἀλήθειαν,
388 2138 457 2206 ἐπεὶ
485 2137 539 2206 καί
567 2139 631 2223 ἐγὼ
660 2135 686 2204 ὦ
715 2141 835 2222 ἄνδρες
863 2141 1029 2222 δικασταί,
1056 2140 1193 2204 πάντων

179 2244 274 2330 ὑμῶν
306 2247 443 2312 εἰδότων
475 2244 515 2312 δν
543 2249 667 2330 τρόπον
696 2243 917 2327 ἀναγκασθεὶς
945 2245 963 2311 ὁ
990 2247 1097 2328 πατῆρ
1124 2268 1193 2328 μου

180 2351 357 2434 ἐποιήσατο
379 2351 528 2431 τούτους,
551 2347 651 2417 οὐδὲν
673 2346 773 2435 ἧττον
796 2350 967 2434 δικάζομαι
989 2358 1054 2416 νῦν
1077 2348 1193 2426 αὑτοῖς

140 2475 167 2516 ιε
180 2454 234 2522 καί
257 2457 425 2541 μάρτυρας
446 2455 628 2533 ὑποδίκους
650 2455 862 2542 παρέσχημαι.
909 2459 1016 2520 καίτοι
1038 2455 1100 2520 οὑκ
1118 2461 1193 2533 ῖσος

178 2559 211 2646 γ’
228 2562 308 2646 ἡμῖν
327 2561 416 2627 ἐστιν
435 2562 453 2627 ὀ
471 2564 639 2645 κίνδυνος,
658 2560 729 2628 ἀλλ’
747 2559 819 2646 ἐμοὶ
838 2557 909 2646 μὲν,
929 2561 988 2627 ἐάν
1004 2560 1097 2645 ὑμεῖς
1110 2559 1194 2627 νυνί

179 2668 244 2735 ὑπὸ
267 2669 395 2733 τούτων
418 2667 656 2751 ἐξαπατηθῆτε,
683 2667 744 2732 οὐκ
767 2665 892 2745 ἐξέσται
916 2669 963 2732 ἐτι
987 2667 1194 2732 δικάσασθαι

179 2772 254 2859 περὶ
281 2783 339 2857 τῆς
365 2776 513 2855 προικός·
540 2775 671 2850 τούτοις
698 2768 743 2856 δ’,
772 2775 803 2838 εἰ
829 2771 933 2857 φασὶν
961 2772 1082 2850 ἀδίκως
1109 2773 1193 2838 ἀπο-

181 2882 350 2964 διαιτῆσαί
369 2903 434 2964 μου
457 2881 516 2946 τὸν
540 2879 710 2963 διαιτητὴν
733 2880 790 2956 τάς
814 2881 919 2961 δίκας,
942 2876 997 2943 καὶ
1020 2875 1085 2943 τότ’
1114 2877 1194 2962 ἐξῆν

180 2989 227 3064 είς
250 2986 334 3070 ὑμᾶς
357 2985 486 3069 ἐφεῖναι
509 2983 564 3050 καί
587 2995 651 3050 νῦν
674 2983 883 3068 ἐκγενήσεται
901 2985 1012 3066 πάλιν,
1035 2982 1094 3050 ἐάν
1111 2988 1195 3070 βού-

140 3112 166 3152 ιε
181 3099 317 3172 λωνται,
349 3085 426 3174 παρ’
458 3089 538 3173 ἐμοῦ
570 3093 684 3172 λαβεῖν
714 3089 750 3154 ἐν
778 3089 858 3173 ὑμῖν
884 3090 921 3154 τὸ
950 3092 1089 3156 δίκαιον.
1135 3091 1197 3159 καί

181 3198 244 3282 ἐγὼ
272 3191 348 3281 μὲν,
376 3195 449 3277 ἐὰν,
477 3193 496 3260 δ
524 3195 567 3278 μὴ
590 3193 737 3279 γένοιτο,
765 3193 859 3278 ὑμεῖς
881 3217 921 3278 με
945 3195 1195 3282 ἐγκαταλίπητε,

181 3303 241 3386 οὑχ
270 3301 330 3382 ἐξω
356 3305 463 3367 πόθεν
486 3311 606 3384 προῖκα
631 3298 733 3366 ἐπιδῶ
755 3309 795 3385 τῆ
818 3304 978 3386 θυγατρί,
1006 3296 1044 3383 ἧς
1065 3309 1105 3385 τῆ
1129 3299 1196 3384 μὲν

181 3410 281 3491 φύσει
304 3410 410 3488 πατήρ
433 3408 510 3489 εἰμι,
533 3407 594 3488 τῆν
619 3403 648 3471 δ’
671 3406 802 3488 ἡλικίαν
823 3407 924 3490 αὐτῆς
942 3409 974 3473 εἰ
990 3407 1103 3490 ἰδοιτε,
1127 3409 1196 3475 οὐκ

181 3511 222 3575 διν
245 3510 413 3592 θυγατέρα
432 3535 496 3594 μου
515 3506 587 3576 ἀλλ’
610 3511 759 3595 άδελφῆν
778 3507 862 3578 εἰναι
881 3512 987 3596 αὑτῆν
1004 3514 1189 3597 νομίσαιτε
1304 3548 1307 3560 ·

182 3609 274 3677 οὗτοι
294 3611 340 3695 δέ,
360 3615 418 3678 ἐὰν
437 3615 529 3697 ὑμεῖς
548 3639 604 3699 μοι
622 3620 824 3700 βοηθήσητε,
842 3614 942 3683 ούδέν
962 3616 998 3683 ἐκ
1010 3628 1076 3682 τῶν
1092 3620 1194 3686 ἰδίων
