2614 3904
500 201 600 253 Πεοε
619 201 817 254 <Pomm
839 173 841 180 ’
1099 201 1164 263 411

39 395 42 401 ·
153 369 198 446 τῷ
230 361 405 448 ναυκλήρῳ
436 363 473 426 τὸ
501 363 656 445 χρυσίον,
689 361 786 436 είδὼς
812 361 894 424 κατὰ
921 369 985 426 σοῦ
1011 358 1166 445 κειμένην

150 463 310 550 Ἀθῆνησι
334 468 533 549 συγγραφῆν
555 467 637 551 πρὸς
659 475 788 532 τοῦτον.

110 589 138 629 ³³
243 570 341 654 Λέγει
361 567 391 636 δ’
408 573 453 648 ὡς
470 571 491 654 ἡ
510 573 686 656 συγγραφὴ
706 574 873 655 σωθείσης
890 581 948 656 τῆς
965 573 1049 648 νεὼς
1062 572 1165 636 αὐτὸν

153 676 338 742 ἀποδοῦναι
360 679 487 742 κελεύει
509 677 549 742 τά
572 679 729 761 χρήματα.
765 676 821 742 καλ
843 678 907 762 γὰρ
928 677 1092 742 ἐνθέσθαι
1109 677 1165 742 τά-

152 782 343 866 γοράσματα
366 785 413 858 είς
435 783 497 863 τῆν
518 791 604 847 ναῦν
626 783 753 848 κελεύει
775 799 829 866 σε,
853 784 884 848 εί
905 779 942 848 δὲ
965 783 1025 867 μὴ,
1048 804 1165 848 πεντα-

152 891 314 971 κισχιλίας
346 889 492 972 δραχμὰς
524 887 702 952 ἀποτίνειν.
753 891 796 953 σὺ
828 884 865 953 δέ
893 897 992 954 τοῦτο
1020 885 1081 974 μὲν
1107 897 1165 972 τῆς

152 1003 354 1088 συγγραφῆς
378 993 419 1060 ού
449 994 642 1077 λαμβάνεις,
675 995 910 1078 παραβεβηκὼς
938 988 968 1059 δ’
999 993 1104 1071 εὐθὺς
1131 994 1165 1074 ἐξ

151 1098 254 1182 ἀρχῆς
285 1095 340 1163 καλ
371 1099 412 1162 κά
443 1101 591 1183 χρήματα
622 1099 684 1164 ούκ
711 1097 905 1183 ἐνθέμενος,
938 1098 1216 1184 ἀμφισβητεϊςθιτ

150 1207 234 1288 πρὸς
256 1204 293 1268 ἓν
317 1203 404 1288 ῥῆμα
426 1215 494 1268 τῶν
517 1203 554 1269 ἐν
576 1213 615 1288 τῆ
639 1213 828 1289 συγγραφῇ,
852 1202 907 1270 καλ
929 1201 1019 1272 τοῦτ’
1042 1205 1164 1290 ἀνηρη-

150 1311 216 1386 κὼς
248 1309 356 1385 αὐτός.
406 1308 503 1375 ὁπότε
534 1311 598 1394 γὰρ
631 1309 668 1374 ἐν
694 1318 739 1398 τῷ
767 1312 930 1398 Βοσπόρῳ
959 1310 1026 1397 φῆς
1052 1312 1096 1394 μῆ
1124 1312 1165 1376 τά

150 1411 288 1500 χρήματ’
316 1413 479 1481 ἐνθέσθαι
507 1417 554 1492 εἰς
576 1416 637 1498 τῆν
659 1423 761 1498 ναῦν,
789 1415 873 1481 ἀλλά
894 1418 932 1483 τὸ
955 1419 1095 1500 χρυσίον
1117 1426 1163 1505 τῷ

149 1523 326 1608 ναυκλῆρφ
354 1521 554 1603 ἀποδοῦναι,
582 1524 618 1585 τί
642 1523 690 1586 ἐτι
717 1520 792 1606 περὶ
817 1531 874 1606 τῆς
897 1521 1162 1605 νεὼς·διαλέγει;

150 1628 192 1693 ού
217 1628 282 1712 γὰρ
310 1612 507 1711 μετέσχηκας
533 1636 594 1692 τοῦ
616 1627 779 1693 κινδύνου
802 1628 858 1692 διὰ
880 1629 918 1694 τδ
940 1625 1045 1711 μηδὲν
1068 1627 1163 1694 ἐνθέ-

108 1754 136 1794 ω
151 1740 242 1798 σθαι.
277 1729 387 1798 καὶτὸ
406 1729 467 1816 μέν
485 1743 617 1817 πρῶτον
637 1727 663 1797 ὦ
682 1733 802 1817 ἄνδρες
818 1729 991 1816 Ἀθηναῖοι
1009 1733 1163 1817 ὥρμησεν

150 1837 204 1904 ἐπλ
229 1840 355 1921 ταύτην
381 1839 444 1922 τῆν
468 1847 606 1921 σκῆψιν,
634 1838 679 1915 ὡς
701 1836 930 1922 ἐντεθειμένος
952 1839 992 1904 τὰ
1014 1842 1163 1923 χρηματα

150 1941 197 2021 εἰς
214 1946 276 2028 τὴν
293 1952 393 2009 ναῦν·
412 1943 523 2027 ἐπειδὴ
544 1941 581 2009 δὲ
598 1953 698 2009 τοῦτο
717 1943 753 2009 ἐκ
771 1947 904 2009 πολλῶν
923 1946 1057 2027 ἔμελλεν
1074 1943 1163 2026 ἐλεγ-

149 2052 338 2134 χθήσεσθαι
364 2050 585 2134 ψευδόμενος,
613 2053 650 2116 έκ
678 2072 714 2114 τε
741 2058 799 2132 τῆς
826 2049 1022 2134 ἀπογραφῆς
1044 2058 1102 2133 τῆς
1124 2048 1162 2116 ἐν

149 2159 312 2242 Βοσπόρῳ
336 2157 424 2240 παρὰ
446 2167 516 2232 τοῖς
539 2155 778 2240 ἐλλιμενισταῖς
799 2153 855 2220 καλ
876 2155 942 2219 ὑπὸ
965 2166 1033 2220 τῶν
1056 2155 1093 2221 ἐν
1115 2165 1161 2244 τῷ

150 2261 294 2347 ἐμπορίῳ
319 2260 572 2345 ἐπιδημούντων
594 2264 675 2326 κατὰ
697 2264 757 2326 τὸν
779 2261 882 2327 αὐτὸν
905 2263 1044 2345 χρόνον,
1072 2285 1159 2346 τηνι-

148 2375 252 2432 καῦτα
282 2369 544 2451 μεταβαλόμενος
572 2365 765 2432 συνίσταται
792 2369 872 2451 μετὰ
898 2375 959 2431 τοῦ
987 2367 1161 2450 Λάμπιδος

107 2494 134 2534 ιε
149 2471 204 2537 καλ
231 2469 336 2556 φησὶν
363 2472 478 2559 ἐκείνῳ
507 2473 545 2537 τὸ
567 2476 708 2557 χρυσίον
731 2471 995 2555 ἀποδεδωκέναι,
1022 2473 1161 2557 ἐφόδιον

147 2575 209 2662 μὲν
232 2579 344 2661 λαβὼν
366 2579 404 2644 τὸ
427 2579 488 2661 τῆν
511 2578 711 2661 συγγραφὴν
732 2579 892 2661 κελεύειν,
915 2578 976 2644 ούκ
1000 2577 1043 2643 ἀν
1061 2577 1162 2662 ῆγού·

148 2705 247 2768 μενος
270 2682 300 2749 δ’
324 2683 408 2768 ἡμᾶς
426 2682 576 2767 εὐπόρως
594 2682 722 2766 ἐλέγξαι
741 2683 803 2748 ὅσα
822 2687 920 2768 μόνοι
939 2686 1021 2770 πρὸς
1039 2685 1162 2763 αὐτοὺς

148 2786 243 2854 αὐτοὶ
275 2789 441 2874 πράξειαν.
486 2786 541 2854 καλ
573 2787 591 2854 ὁ
620 2790 769 2873 Λάμπις,
800 2790 863 2854 ὅσα
892 2786 954 2873 μὲν
982 2785 1051 2856 είπε
1078 2793 1162 2876 πρὸς

148 2892 205 2980 ἐμὲ
223 2895 303 2981 πρὶν
321 2895 385 2960 ὑπὸ
404 2894 525 2960 τούτου
544 2895 786 2979 διαφθαρῆναι,
806 2895 868 2960 οὐκ
887 2893 980 2971 ἐντὸς
995 2896 1044 2960 ὢν
1057 2897 1162 2962 αὑτοῦ

148 3017 254 3086 φησιν
276 3003 394 3086 εἰπεῖν·
417 2999 530 3083 ἐπειδὴ
554 2997 591 3065 δέ
614 3003 651 3065 τὸ
675 3005 815 3086 χρυσίον
832 2999 958 3085 τούμὸν
977 3001 1160 3087 ἐμερίσατο,

147 3104 213 3172 τότ’
242 3106 335 3185 ἐντὸς
356 3099 446 3172 εἶναί
465 3121 569 3188 φησιν
592 3107 697 3172 αὑτοῦ
720 3105 775 3172 καὶ
797 3103 893 3172 πάντ’
916 3106 1059 3192 ἀκριβῶς
1079 3132 1160 3193 μνη-

147 3213 312 3297 μονεύειν.

106 3339 132 3380 ιι
236 3320 281 3383 Ec
301 3313 364 3401 μὲν
387 3311 449 3382 ούν
473 3311 499 3381 ὦ
523 3318 642 3400 ἀνδρες
665 3315 816 3383 δικασταὶ
839 3317 922 3402 ἐμοῦ
944 3321 1050 3402 μόνου
1067 3343 1160 3385 κατε-

147 3427 267 3510 φρόνει
281 3424 423 3508 Λάμπις,
443 3418 544 3488 οὐδὲν
563 3420 605 3486 ἀν
622 3418 665 3504 ῆν
684 3427 894 3508 θαυμαστόν·
912 3433 976 3489 νῦν
995 3421 1032 3489 δὲ
1046 3429 1158 3502 πογγῷ

148 3531 320 3613 δεινότερα
346 3529 468 3593 τούτου
494 3524 674 3611 πέπρακται
701 3527 790 3614 αὐτῷ
813 3531 895 3612 πρὸς
917 3530 1042 3606 πάντας
1063 3528 1155 3612 ὑμᾶς,
1282 3525 1283 3558 2
