2590 3900
320 173 323 182 '
403 176 485 230 Κατ’
505 180 823 237 Αειυτοοεττοκοε
841 182 872 233 A.
1076 177 1140 242 297

132 336 212 405 οὐδὲ
234 348 423 427 προσφοιτᾷ
446 342 528 424 πρός
550 364 582 407 τι
604 341 732 407 τούτων
755 351 822 405 τῶν
843 339 879 405 ἐν
897 349 936 425 τῇ
954 343 1047 407 πόλει
1065 363 1142 405 κου-

131 448 232 527 ρείων
257 443 277 528 ἢ
304 447 525 530 μυροπωλίων
547 444 568 529 ἦ
591 458 658 513 τῶν
682 448 792 512 ἀλλων
815 445 1040 540 ἐργαστηρίων
1062 441 1143 511 οὐδέ

132 552 214 636 πρὸς
228 549 279 616 ἓν·
299 549 371 616 ἀλλ’
388 553 573 634 ἀσπειστος,
591 551 779 637 ἀνίδρυτος,
799 553 959 638 ἄμεικτος,
979 551 1021 618 ού
1034 553 1142 637 χάριν,

132 655 174 722 ού
193 660 320 740 φιλίαν,
339 656 400 722 οὐκ
420 655 490 722 ἀλλ’
508 654 610 723 οὐδέν
626 653 675 725 ὧν
688 659 869 742 ἀνθρωπος
881 657 1013 744 μέτριος
1025 658 1144 742 γιγνύ·

132 779 242 828 σκων·
268 757 344 848 μεθ’
366 758 414 828 ὧν
437 761 468 829 δ’
490 765 526 830 ολ
545 765 712 850 ζωγράφοι
730 767 809 841 τοὺς
828 764 957 847 ἀσεβεῖς
976 763 1012 829 ἐν
1026 761 1144 829 ’Ἅιδου

5 937 7 944 ,
132 869 333 952 γράφουσιν,
353 871 433 954 μετὰ
450 871 591 954 τούτων,
609 867 677 955 μετ’
696 870 778 954 ἀρᾶς
794 868 849 936 καλ
863 873 1075 955 βλασφημίας
1088 867 1144 935 καί

89 991 117 1032 ⁵3
132 979 269 1060 φθόνου
291 973 344 1041 καὶ
367 977 512 1054 στάσεως
529 974 585 1042 καί
603 981 744 1060 νείκους,
768 977 980 1070 περιέρχεται.
1016 971 1082 1041 εἶθ’
1103 973 1144 1040 ὃν

133 1079 212 1148 οὐδὲ
229 1092 297 1147 τῶν
316 1081 353 1146 ἐν
363 1078 480 1147 ’Ἅιδου
498 1087 591 1148 θεῶν
610 1084 697 1159 είκός
711 1083 802 1149 ἐστιν
814 1092 927 1167 τυχεῖν
940 1083 1050 1165 ίλεων,
1070 1075 1141 1146 ἀλλ’

132 1190 180 1264 είς
201 1190 280 1264 τοὺς
302 1186 431 1271 ἀσεβεῖς
453 1188 605 1272 ὠσθῆναι
629 1189 685 1253 διὰ
707 1189 768 1272 την
791 1191 956 1271 πονηρίαν
977 1197 1038 1255 τοῦ
1055 1189 1144 1271 βιόυ,

132 1303 253 1359 τοῦτον
275 1292 369 1379 ὑμεῖς
387 1292 568 1360 ἀδικοῦντα
585 1296 743 1377 λαβόντες
761 1293 802 1360 ού
820 1296 926 1380 μόνον
944 1294 986 1359 ού
1003 1295 1144 1379 τιμωρη-

133 1405 245 1482 σεσθε,
267 1397 423 1466 ἀλλὰκαὶ
443 1402 603 1484 μειζόνων
621 1399 819 1478 ἀξιώσαντες
838 1400 986 1484 δωρειῶν
1004 1395 1141 1484 ἀφήσετ’

132 1504 153 1589 ἢ
167 1507 246 1582 τοὺς
260 1503 446 1590 εύεργέτας;
461 1509 527 1572 τίνι
541 1508 604 1591 γὰρ
618 1500 751 1572 πώποθ’
764 1506 857 1590 ὑμεῖς
869 1506 973 1589 ἔδοτε,
988 1505 1047 1571 ἐάν
1057 1506 1144 1590 όφλη

14 1597 17 1601 ’
131 1634 164 1676 τι
182 1619 227 1698 τςῖ
248 1611 408 1701 δημοσίῳ,
425 1620 524 1678 τοῦτο
542 1612 587 1696 μὴ
605 1610 785 1678 καταθέντι
802 1621 870 1676 τῶν
885 1616 968 1677 ίσων
981 1609 1142 1696 μετέχεινς

133 1717 255 1783 οὐδενί.
316 1719 336 1801 η
360 1721 477 1782 τοίνυν
500 1713 583 1803 μηδὲ
604 1706 711 1803 τούτῳ
735 1719 819 1784 δῶτε
841 1727 916 1800 νῦν,
940 1716 1024 1783 ἀλλὰ
1045 1740 1144 1802 τιμω-

133 1826 283 1909 ρήσασθε
307 1821 361 1889 καλ
384 1825 592 1909 παράδειγμα
616 1827 865 1909 ποιήσατε-τοῖς
888 1824 1009 1900 ἀλλοις.

90 1945 119 1986 ⁵4
214 1928 327 2008 ’Ἀξιον
355 1926 386 1995 δ’
413 1928 504 1995 ἐστὶν
527 1925 553 1995 ὦ
576 1931 696 2016 ἀνδρες
716 1925 890 2014 Ἀθηναῖοι
912 1927 967 1995 καί
989 1930 1030 1995 τά
1053 1925 1139 1995 λοίπ’

134 2035 285 2102 ἀκοῦσαι·
306 2035 427 2101 δεινῶν
444 2037 506 2121 γάρ
526 2037 644 2117 ὄντων,
664 2036 706 2102 ού
724 2032 786 2121 μὲν
804 2029 867 2103 οὖν
885 2034 1028 2120 ἐχόντων
1046 2035 1145 2120 ὑπερ·

133 2145 253 2226 βολήν,
291 2136 339 2208 ὧν
370 2138 525 2224 ἠκούσατ’
560 2143 634 2226 ἄρτι
666 2140 822 2224 λέγοντος
852 2141 1068 2225 Λυκούργου,
1104 2141 1145 2205 τὰ

134 2245 221 2314 λοίπ’
245 2247 403 2332 ἐνάμιλλα
425 2248 556 2324 τούτοις
577 2245 633 2313 καί
655 2258 713 2332 τῆς
736 2248 838 2333 αὐτῆς
855 2249 987 2332 φύσεως
1005 2245 1144 2331 εὑρεθη-

134 2371 233 2420 σεται,
279 2355 362 2437 πρὸς
388 2349 449 2436 μέν
474 2353 537 2438 γάρ
560 2361 605 2441 τςῖ
629 2355 689 2419 τὸν
711 2351 823 2437 πατέρ’
851 2355 888 2419 ἐν
910 2361 963 2440 τῷ·
979 2353 1144 2437 δεσμωτη-

134 2463 195 2546 ρίῳ
223 2460 370 2545 προδοὺς
397 2457 558 2524 ἀπελθεῖν
580 2458 613 2539 ἐξ
633 2457 813 2544 Ἐρετρίας,
842 2459 951 2542 ὥσπερ
974 2459 1136 2542 ἠκούσατε
1147 2467 1197 2518 787

137 2567 299 2650 Φαίδρου,
323 2560 535 2631 ἀποθανόνθ’
562 2566 580 2630 ὁ
604 2565 724 2650 ἀσεβὴς
748 2561 846 2643 οὗτος
868 2563 924 2632 καὶ
946 2565 1063 2650 μιαρὸς
1084 2565 1146 2631 ούκ

134 2675 272 2754 ἔθαψεν,
296 2666 376 2737 οὐδὲ
399 2681 469 2746 τοῖς
492 2670 621 2748 θάψασι
642 2672 705 2755 την
727 2672 837 2755 ταφην
860 2670 1038 2753 ἀπέδωκεν,
1063 2670 1146 2737 ἀλλὰ

94 2776 189 2844 υκαλ
218 2779 314 2862 δίκην
341 2778 423 2861 πρὸς
450 2778 575 2862 ἔλαχεν.
620 2779 703 2863 πρὸς
731 2773 768 2843 δὲ
795 2785 840 2865 τῷ
868 2786 925 2861 τῆς
951 2779 1075 2861 μητρὸς
1101 2778 1145 2862 μὴ

135 2883 343 2967 ἀπεσχῆσθαι
374 2883 419 2948 τὼ
451 2894 555 2967 χεῖρε,
593 2883 702 2967 ὥσπερ
735 2883 855 2968 ἀρτίως
885 2882 1049 2966 ἠκούσατε
1079 2895 1147 2950 τῶν

135 2990 327 3074 μαρτύρων,
355 2985 409 3055 καί
434 2989 496 3072 τὴν
520 2989 669 3072 ἀδελφὴν
691 2991 753 3074 την
776 2987 911 3070 ἑαυτοῦ,
940 2989 1001 3073 οὐχ
1024 2988 1147 3074 ὁμοπα-

135 3097 231 3180 τρίαν
248 3093 320 3178 μέν,
339 3093 508 3179 θυγατέρα
527 3089 558 3160 δ’
576 3094 703 3179 ἐκείνης
721 3094 936 3178 ὁπωσδήποτε
951 3094 1147 3180 γενομένην,

137 3202 178 3268 ἐῶ
201 3202 264 3286 γάρ
287 3198 391 3284 τοῦτ’,
415 3196 485 3266 ἀλλ’
508 3201 657 3286 ἀδελφήν
677 3225 726 3285 γε,
750 3198 799 3266 ἐπ’
822 3199 970 3285 ἐξαγωγῇ
994 3199 1146 3284 ἀπέδοτο,

136 3306 180 3384 ὥς
203 3322 286 3392 φησι
309 3308 346 3371 τὸ
370 3309 513 3392 ἔγκλημα
535 3316 594 3391 τῆς
616 3308 720 3391 δίκης,
743 3307 786 3391 ἣν
807 3303 889 3391 ὑπὲρ
909 3306 1037 3372 τούτων
1056 3304 1141 3391 ἔλαχ’

136 3413 224 3501 αύτῷ
249 3412 267 3478 ὁ
287 3415 428 3496 χρηστὸς
446 3413 589 3498 ἀδελφὸς
608 3414 733 3496 οὑτοσί,
757 3412 858 3479 ὁνύν
877 3413 1147 3494 συναπολογησό-

97 3537 122 3576 ῑιῑ
137 3543 243 3605 μενος.
278 3521 361 3603 πρὸς
379 3514 417 3585 δὲ
434 3519 564 3596 τούτοις
581 3520 745 3596 τοιούτοις
763 3512 871 3600 οὖσιν,
890 3516 1003 3602 ἕτερον
1023 3516 1146 3595 δεινὸν,
