2616 3910
179 241 245 306 500
494 241 550 293 m
575 237 879 310 [Δεωιοκουκοτε]

140 420 166 461 ιι
181 400 322 484 δεκάτην
348 395 431 485 ὑπὲρ
458 400 580 466 τούτου
608 396 762 465 ἑστιᾶσαι.
808 389 859 475 οἷς
884 400 934 476 τίς
958 395 1001 462 ἀν
1022 396 1118 480 ὑμῶν
1139 417 1197 461 πι-

179 508 360 584 στεύσειενς
389 503 444 571 καὶ
472 507 538 590 μὴν
566 501 639 570 οὐδ’
666 503 772 570 ἐκεῖνό
799 526 836 587 γε
862 505 966 569 εἰπεῖν
989 502 1078 589 αὐτῷ
1101 499 1197 567 ἐνδέ-

178 633 284 695 χεται,
314 611 359 690 ὡς
386 614 506 696 μικρὸν
533 606 593 695 μὲν
621 611 700 675 ὄντα
729 611 869 675 ἐποιεῖτο
897 607 1000 674 αὐτὸν
1027 607 1046 674 δ
1073 609 1195 693 πατήρ,

178 719 275 800 μείζω
304 711 341 782 δέ
364 719 546 800 γενόμενον
568 724 608 801 τῇ
632 713 730 801 μητρὶ
753 715 924 799 ὀργισθείς
946 737 978 779 τι
999 723 1039 798 τη
1061 714 1196 779 τούτων

178 822 323 906 ἠτίμαζε·
355 825 441 888 πολὺ
473 822 535 906 γὰρ
569 821 678 904 δήπου
710 824 837 905 μᾶλλον
865 821 1039 901 είάδασιν,
1073 812 1121 884 ὧν
1148 816 1197 885 ἀν

179 927 292 1005 αὑτοῖς
320 929 517 1012 διενεχδῦσι
539 927 625 1010 γυνη
649 923 703 992 καὶ
727 925 828 1010 ἀνήρ,
856 925 1111 990 διαλλάττεσθαι
1134 925 1196 991 διά

178 1035 257 1110 τοὺς
280 1034 410 1114 παῖδας,
434 1031 454 1114 ἦ
478 1031 534 1096 διδ
556 1032 614 1110 τάς
636 1033 719 1116 πρὸς
743 1029 880 1108 ἑαυτοὺς
902 1031 1004 1115 ἀργὰς
1025 1033 1104 1108 τοὺς
1121 1054 1191 1097 κοι-

178 1141 259 1217 νοὺς
277 1138 397 1215 παῖδας
415 1138 498 1223 πρὸς
516 1148 634 1222 μισεῖν.
671 1134 748 1204 ὥστ’
767 1137 826 1204 ἐὰν
844 1135 904 1222 μὲν
924 1136 1069 1222 ἐπιχειρῇ
1087 1145 1192 1202 ταῦτα

139 1265 165 1306 ιο
179 1243 300 1327 λέγειν,
324 1243 369 1328 μη
393 1242 578 1328 ἐπιτρέπετε
602 1243 843 1329 ἀναισχυντεῖν.
888 1240 931 1308 ἀν
954 1238 991 1308 δέ
1013 1242 1092 1328 λέγη
1115 1241 1191 1328 περὶ

178 1359 246 1415 τῶν
269 1351 372 1416 δικῶν
395 1347 434 1426 δὶς
456 1346 658 1436 ἀπεδιῄτησέ
678 1373 744 1434 μου
766 1349 785 1416 δ
805 1351 984 1432 διαιτητής,
1005 1345 1061 1412 καὶ
1079 1348 1191 1432 φάσκη

179 1449 234 1520 ὑπ’
253 1453 334 1538 ἐμοῦ
353 1454 581 1540 ἀπαράσκευος
597 1459 780 1540 ληφθῆναι,
799 1466 931 1538 πρῶτον
945 1450 1005 1539 μὲν
1019 1451 1191 1538 μέμνησθε

179 1561 228 1626 δτι
253 1561 314 1627 οὐκ
337 1561 450 1643 ὀλίγος
472 1563 592 1646 χρόνος
614 1559 759 1645 ἐγένετο,
785 1560 822 1626 ἐν
845 1551 871 1648 ςδ
895 1561 963 1626 ἔδει
985 1561 1191 1644 παρασκευά-

179 1672 304 1731 σασθαι
327 1667 441 1748 αὐτόν,
466 1664 538 1732 ἀλλ’
561 1669 617 1751 ἔτη
640 1668 757 1750 πολλά,
780 1661 886 1732 ἔπειθ’
912 1666 963 1731 δτι
985 1661 1083 1743 οὗτος
1105 1662 1148 1749 ἦν
1171 1665 1191 1733 δ

180 1773 322 1854 διώκων,
342 1771 425 1838 ὥστε
443 1775 530 1838 πολὺ
548 1767 590 1856 ην
609 1769 652 1837 ἀν
670 1777 796 1856 μᾶλλον
815 1768 871 1855 ἐμὲ
889 1771 953 1837 ὑπὸ
972 1773 1094 1837 τούτου
1108 1772 1190 1837 ἀπα-

125 1899 163 1944 ,ει
180 1877 343 1960 ράσκευον
363 1882 546 1963 ληφθῆναι,
566 1877 586 1962 ἣ
604 1887 725 1944 τοῦτον
742 1876 798 1943 ὑπ’
822 1877 911 1962 ἐμοῦ.
948 1879 997 1943 ἐτι
1016 1873 1053 1943 δέ
1071 1880 1191 1956 πάντες

178 1983 259 2066 ὑμῖν
289 1983 326 2049 οί
351 1987 433 2067 πρὸς
460 1992 505 2072 τῷ
534 1986 683 2069 διαιτητῇ
706 1986 868 2069 παρόντες
890 1986 1190 2069 μεμαρτυρήκασιν,

179 2089 223 2164 ὡς
241 2083 339 2167 οὗτος
357 2090 484 2174 παρὼν,
505 2090 559 2154 ὅτε
578 2087 778 2175 ἀπεδιῄτησέ
793 2113 859 2174 μου
878 2089 897 2154 ὁ
916 2091 1093 2173 διαιτητής,
1113 2091 1190 2158 οὔτε

180 2193 302 2279 ἐφῆκεν
326 2197 372 2272 είς
394 2196 432 2260 τὸ
456 2198 670 2280 δικαστήριον
693 2194 841 2279 ἐνέμειυέ
858 2219 892 2260 τε
911 2203 951 2280 τῇ
971 2197 1087 2281 διαίτη.
1120 2201 1190 2262 καί-

178 2323 230 2366 τοι
253 2302 377 2366 άτοπον
402 2301 495 2365 δοκεῖ
514 2324 571 2384 μοι
593 2295 694 2383 εἶναι,
718 2302 749 2366 εί
770 2301 806 2366 οί
825 2296 886 2385 μὲν
909 2301 1014 2382 ἄλλοι,
1038 2303 1117 2367 ὅταν
1141 2309 1188 2369 οῖ-

180 2431 281 2473 ωνται
305 2407 503 2490 ἀδικεῖσθαι,
529 2405 584 2472 καὶ
606 2408 664 2484 τάς
686 2408 774 2472 πάνυ
792 2409 909 2492 μικρὰς
928 2410 1022 2484 δίκας
1039 2409 1086 2486 είς
1103 2408 1189 2492 ὑμᾶς

179 2512 329 2597 ἐφιᾶσιν,
362 2507 459 2589 οὗτος
489 2512 529 2578 δέ
553 2536 609 2597 μοι
635 2511 711 2593 περὶ
738 2514 874 2598 προικὸς
900 2512 998 2597 δίκην
1024 2515 1188 2580 ταλάντου

179 2621 300 2704 λαχών,
323 2620 454 2701 ταύτης,
478 2620 522 2696 ὡς
545 2619 644 2695 αὐτός
663 2635 780 2703 φησιν,
803 2618 924 2695 ἀδίκως
942 2617 1187 2704 ἀποδιαιτηθεί-

139 2744 165 2786 ⁸¹
180 2744 240 2810 σης
262 2723 436 2810 ἐνέμεινεν.
474 2725 516 2808 νε)
529 2723 601 2808 Δί’,
617 2724 798 2810 ἀπράγμων
821 2725 883 2809 γάρ
907 2730 987 2800 ἴσως
1010 2724 1100 2791 ἐστὶν
1122 2728 1178 2792 ἀν·
1190 2734 1254 2787 1018

179 2837 317 2915 δρωπος
344 2830 398 2898 καὶ
426 2831 467 2896 οὐ
495 2834 676 2914 φιλόδικος.
722 2830 909 2914 ἐβουλόμην
936 2829 1059 2914 μέντδιν
1082 2826 1109 2897 ὦ
1133 2834 1188 2898 άν-
1293 2893 1305 2919 χ

180 2941 256 3025 δρες
288 2934 439 3003 δικασταὶ
471 2945 624 3002 τοιοῦτον
655 2936 758 3002 αὐτὸν
791 2931 884 3001 εἶναι.
929 2935 1007 3002 νυνὶ
1035 2934 1066 3002 δ’
1096 2938 1188 3023 ὑμεῖς
1304 2937 1305 2944 '

179 3041 240 3128 μὲν
268 3044 373 3122 οὕτως
401 3040 472 3109 ἐστέ
500 3041 608 3109 κοινοὶ
635 3040 691 3108 καὶ
718 3043 968 3126 φιλάνθρωποι,
1000 3038 1080 3108 ὥστ’
1109 3040 1189 3110 οὐδὲ

180 3154 258 3228 τοὺς
285 3161 352 3216 τῶν
379 3150 556 3232 τριάκοντα
583 3150 666 3226 υίεῖς
694 3150 903 3232 φυγαδεῦσαι
928 3148 964 3214 ἐκ
985 3159 1043 3231 τῆς
1064 3153 1190 3227 πόλεως

179 3257 350 3340 ἠξιώσατε·
374 3251 471 3332 οὗτος
494 3250 526 3321 δ’
547 3253 620 3340 ἐμοὶ
642 3256 722 3338 μετά
740 3253 951 3332 Μενεκλέους
972 3263 1033 3320 τοῦ
1055 3257 1189 3322 πάντων

180 3364 308 3427 τούτων
336 3361 564 3446 ἀρχιτέκτονος
589 3361 841 3445 ἐπιβουλεύσας,
868 3360 923 3426 καὶ
946 3360 980 3440 ἐξ
1003 3362 1189 3444 ἀντιλογίας
1303 3399 1304 3412 1

180 3467 236 3531 καὶ
259 3469 429 3551 λοιδορίας
451 3471 577 3552 πληγὰς
600 3470 850 3552 συναψάμενος,
873 3467 1033 3552 ἐπιτεμὼν
1055 3469 1116 3552 τὴν
1138 3491 1187 3533 κε·

182 3573 292 3652 φαλην
321 3573 425 3637 αὑτοῦ
451 3574 637 3657 τραύματος
659 3576 707 3651 εἰς
725 3574 858 3657 ’Ἀρειον
881 3576 989 3656 πάγον
1010 3597 1049 3658 με
1072 3589 1187 3656 προσε-
