2590 3900
457 155 552 206 RATA
570 154 838 208 ΤεΜοΚΡιυουυ.
1088 149 1153 214 253

141 311 247 378 θέντα
266 309 303 379 δὲ
321 314 404 398 πρὸς
421 315 526 401 τούτῳ
545 323 590 403 τῷ
609 317 775 399 τιμήματι,
797 314 834 380 ἐν
852 315 993 398 αἰσχύνη
1014 315 1070 395 ζῆν
1088 312 1152 395 ήδη

19 500 23 506 ⁴
141 421 202 483 τὸν
225 420 328 485 άλλον
350 423 434 503 βίον.
471 417 542 484 ἀλλ’
566 421 607 486 ού
630 422 844 506 Τιμοκράτης,
868 414 940 486 ἀλλ’
961 419 1049 494 ὅπως
1067 417 1152 484 ἁπλᾶ

143 519 215 607 μὲν,
238 523 259 588 ἃ
278 525 332 589 δεῖ
348 525 458 607 διπλᾶ,
481 528 711 609 καταθήσουσι
729 525 965 608 παρεσκεύασε,
989 517 1066 608 μηδ’
1088 523 1153 588 ὁτι·

88 639 206 694 ιιεοῦν
237 627 268 694 δ’
299 627 463 714 ἐπιτίμιον
495 633 586 696 ἔσται
613 633 695 717 πρὸς
720 632 860 707 τούτοις.
904 629 960 696 καὶ
988 629 1050 695 οὐκ
1077 626 1153 694 άπέ-

142 752 265 819 χρησεν
286 731 370 819 ὑπὲρ
393 747 460 800 τῶν
479 738 668 820 μελλόντων
687 737 776 824 αὐτῷ
794 733 887 801 ταῦτ’
909 737 1048 819 ἀδικεῖν,
1070 735 1153 800 άλλά

142 839 198 906 καί
221 847 255 906 εί
272 864 322 917 τις
340 835 392 926 ἄρ’
413 841 578 926 ήδικηκδις
595 840 650 908 καὶ
669 841 909 926 κεκολασμένος
927 839 980 926 ήυ,
1004 839 1059 908 καὶ
1076 850 1152 906 τοῦ·

141 969 202 1012 του
216 946 351 1030 άφῆκευ.
378 950 486 1013 καίτοι
501 947 596 1031 ἔγωγ’
614 947 708 1037 ᾤμην
723 950 794 1016 δεῖν
808 949 867 1014 τὸν
881 955 1142 1034 νομοθετοῦντα,
1152 954 1201 1003 737

142 1049 218 1135 περὶ
235 1063 302 1118 τῶν
321 1055 509 1137 μελλόντων
527 1057 676 1137 ἔσεσθαι,
699 1047 753 1121 οἶα
772 1056 826 1120 δεῖ
841 1057 1016 1137 γίγνεσθαι
1035 1051 1153 1129 καλάς

142 1153 250 1223 ἕκαστ’
277 1160 379 1243 ἔχειν,
407 1157 462 1224 καὶ
489 1161 547 1237 τάς
569 1163 726 1246 τιμωρίας
749 1159 864 1237 ὁποίας
886 1162 978 1236 τινάς
1001 1157 1053 1245 ἐφ’
1080 1159 1152 1226 ἑκά-

143 1279 233 1340 στοις
263 1265 314 1329 δει
339 1275 410 1341 τοῖς
436 1266 635 1350 ἀδικήμασιν
662 1261 763 1349 εἶναι,
795 1265 871 1351 περὶ
897 1268 1026 1332 τούτων
1052 1280 1152 1350 νομο-

142 1375 263 1435 θετεῖν.
308 1380 407 1437 τοῦτο
438 1372 502 1457 γάρ
534 1371 603 1437 ἐστι
629 1373 667 1437 τὸ
695 1366 748 1456 ἐφ’
779 1372 880 1437 ἅπασι
907 1383 977 1449 τοῖς
1003 1375 1153 1449 πολίταις

141 1478 278 1552 κοινοὺς
299 1479 379 1553 τοὺς
399 1479 524 1560 νόμους
546 1475 686 1544 τιθέναι.
722 1478 760 1543 τὸ
785 1474 820 1542 δὲ
839 1475 914 1563 περὶ
932 1489 999 1544 τῶν
1016 1481 1153 1562 γεγονό-

63 1628 65 1631 -
142 1604 210 1646 των
231 1583 433 1667 πραγμάτων
452 1583 577 1667 νόμους
595 1584 749 1669 γράφειν,
773 1583 814 1650 ού
834 1591 1032 1667 νομοθετεῖν
1050 1584 1152 1666 ἐστίν,

88 1708 128 1748 11⁷
143 1687 227 1753 άλλά
249 1690 327 1765 τοὺς
348 1687 548 1765 ἀδικοῦντας
570 1687 695 1777 σςόζειν.
734 1693 883 1754 σκοπεῖτε
907 1683 952 1772 δ’,
976 1689 1020 1766 ὡς
1043 1690 1152 1774 ἀληθῆ

136 1792 239 1877 λέγω,
263 1793 299 1860 ἐκ
319 1795 431 1860 τωνδί.
468 1796 499 1860 εί
519 1791 580 1879 μὲν
602 1798 666 1878 γάρ
689 1795 874 1878 Εὐκτήμων
897 1793 981 1860 ἑάλω
1002 1796 1063 1879 τήν
1085 1807 1152 1860 τῶν

143 1903 346 1984 παρανόμων
373 1903 522 1985 γραφήν,
550 1900 611 1968 οὐκ
634 1899 676 1967 άν
700 1904 800 1984 ἔθηκε
822 1909 942 1966 τοῦτον
965 1902 1025 1966 τὸν
1046 1903 1153 1985 νόμον

148 2006 362 2089 Τιμοκράτης,
384 2001 456 2071 οὐδ’
479 2005 521 2071 δν
539 2001 642 2072 ἐδεῖθ’
664 2005 685 2090 ή
704 2009 799 2083 πόλις
816 2006 938 2072 τούτου
956 2015 1017 2072 τοῦ
1035 2009 1152 2090 νόμου,

143 2108 215 2177 ἀλλ’
233 2111 361 2198 ἐξήρκει
379 2110 421 2177 άν
440 2111 553 2189 αὐτοῖς
572 2112 807 2196 ἀπεστερηκόσι
825 2114 887 2196 τήν
905 2115 1004 2180 πόλιν
1021 2115 1062 2177 τά
1074 2116 1153 2197 χρή-

142 2242 229 2303 ματα
250 2229 319 2284 τῶν
341 2220 451 2285 άλλων
474 2220 517 2304 μή
542 2222 739 2302 φροντίζειν.
783 2228 848 2284 νῦν
872 2216 917 2300 δ’,
940 2217 1052 2302 ἐπειδή
1076 2218 1153 2284 ἀττέ-

143 2349 240 2409 φυγε,
264 2326 301 2390 τὸ
324 2321 385 2409 μὲν
403 2325 563 2409 ὑμέτερον
582 2327 688 2410 δόγμα
706 2323 761 2390 καὶ
778 2326 840 2408 τήν
858 2332 920 2391 τοῦ
938 2326 1152 2409 δικαστηρίου

142 2439 258 2515 ψήφου
287 2427 344 2497 καὶ
372 2434 450 2508 τοὺς
476 2432 598 2508 ἄλλους
624 2434 749 2516 νόμους
777 2430 923 2515 ἀκύρους
949 2436 1053 2496 οίεται
1081 2432 1152 2496 δεῖν

89 2554 130 2595 11⁸
144 2532 245 2620 εἶναι,
271 2534 376 2603 αὑτὸν
401 2533 438 2603 δὲ
460 2534 515 2602 καὶ
538 2538 596 2603 τὸν
619 2537 724 2604 αὑτοῦ
746 2539 852 2621 νόμον
875 2537 984 2622 κύριοι
1045 2541 1153 2604 καίτοι

137 2637 169 2709 ’ὦ
198 2645 397 2728 Τιμόκρατες
414 2643 452 2708 ολ
466 2639 527 2727 μὲν
545 2645 639 2720 ὄντες
656 2644 736 2728 ἡμῖν
753 2645 864 2729 κύριοι
881 2645 979 2727 νόμοι
995 2641 1152 2709 τουτουσὶ

141 2757 277 2815 ποιοῦσι
303 2752 440 2834 κυρίους
466 2747 636 2832 ἁπάντων,
663 2747 718 2815 καὶ
741 2750 897 2816 διδόασιν
919 2749 1032 2826 αὐτοῖς
1054 2749 1152 2817 άκού-

142 2871 252 2937 σασιν,
271 2852 389 2920 ὁποῖον
407 2855 449 2919 άν
466 2876 499 2919 τι
516 2857 674 2937 νομίζωσι
691 2855 729 2920 τὸ
748 2854 904 2940 άδίκημα,
923 2855 1059 2940 τοιαύτη
1077 2855 1153 2942 περὶ

141 2968 204 3025 τοῦ
223 2960 417 3042 ἠδικηκότος
434 2966 579 3045 χρῆσθαι
597 2969 637 3046 τή
656 2959 750 3045 ὀργή,
774 2959 856 3045 μέγα
875 2961 1011 3045 μεγάλη,
1034 2963 1152 3045 μικρὸν

143 3074 253 3152 μικρᾷ.
298 3065 378 3130 ὅταν
404 3066 468 3151 γάρ
491 3056 512 3151 ἦ
534 3066 571 3131 τὸ
596 3069 653 3150 ,τί
672 3067 736 3151 χρή
758 3073 882 3132 παθεῖν
904 3067 924 3151 ή
949 3067 1152 3150 άποτεῖσαίζ,

90 3190 130 3231 119
142 3181 242 3256 τιμᾶν
260 3167 314 3237 ἐπὶ
330 3170 460 3249 τούτοις
477 3175 633 3254 γίγνεται.
661 3174 703 3238 σὺ
721 3175 837 3256 τοίνυν
855 3174 892 3238 τὸ
911 3179 1036 3238 παθεῖν
1054 3173 1151 3256 άφαι-

144 3289 212 3363 ρεῖς
234 3278 293 3344 τὸν
316 3278 438 3361 δεσμὸν
457 3277 578 3360 άφιείς·
601 3275 656 3343 καὶ
674 3287 777 3344 ταῦτα
795 3281 877 3355 τίσι;
900 3289 971 3354 τοῖς
988 3275 1151 3361 κλέπταις,

142 3384 213 3461 τοῖς
240 3384 438 3470 ἱεροσύλοις,
467 3395 536 3460 τοῖς
562 3387 791 3468 πατραλοίαις,
818 3397 889 3462 τοῖς
916 3385 1150 3468 ἀνδροφόνοις,

142 3499 213 3567 τοῖς
230 3488 471 3574 ἀστρατεύτοις,
489 3499 559 3565 τοῖς
577 3493 712 3554 λιποῦσι
728 3491 785 3565 τάς
798 3490 915 3569 τάξεις·
935 3489 1074 3564 τούτους
1087 3489 1150 3571 γάρ
