2644 4182
195 165 240 231 34
519 168 577 222 XX.
600 167 880 220 ΔΗΜΟΣΘΕΝΟΤΣ

193 331 301 395 καίτοι
323 327 379 394 καλ
396 325 475 412 παρ’
498 327 637 404 ἐκείνοις
654 326 741 405 τινές
760 329 846 392 εἰσιν
865 333 945 404 ίσως
963 327 1096 411 ἀγαθοί.
1133 325 1208 412 ἐμοὶ

195 431 231 500 δέ
264 436 423 502 δοκοῦσιν
454 430 481 500 ὦ
509 435 629 518 ἀνδρες
653 429 827 517 Ἀθηναῖοι
853 434 973 510 πάντες
1000 433 1037 500 οί
1059 443 1207 500 τοιοῦτοι

194 543 303 624 λόγοι,
335 538 570 625 παροξυντικοὶ
600 536 660 625 μέν
687 535 774 606 εἶναι
800 541 883 624 πρὸς
910 541 947 606 τὸ
974 541 1033 618 τὰς
1059 540 1208 616 ἀτελείας

193 647 279 731 ὑμᾶς
301 645 486 732 ἀφελέσθαι
508 655 633 728 πείσαι,
662 644 703 712 οὐ
725 644 839 728 μέντοι
862 647 989 712 δίκαιοί
1007 639 1040 728 γ’
1065 645 1207 731 οὐθαμῇ.

194 752 236 819 οὐ
263 754 326 837 γὰρ
354 752 466 836 ἀγνοῶ
493 748 591 818 τοῦθ’
622 751 673 818 ὅτι
701 753 843 835 Θηβαῖοι
869 748 924 816 καὶ
946 752 1207 836 Λακεδαιμόνιοι

193 856 250 924 καὶ
267 857 360 943 ἡμεῖς
378 858 455 924 οὔτε
473 859 589 940 νόμοις
608 853 677 922 οὔτ’
696 859 811 922 ἔθεσιν
829 857 987 941 χρώμεθα
1005 868 1074 935 τοῖς
1092 857 1208 934 αὐτοῖς

143 979 181 1021 1⁰⁶
195 964 272 1030 οὔτε
294 966 452 1051 πολιτείᾳ.
497 962 579 1029 αὐτὸ
601 963 665 1046 γὰρ
687 971 787 1028 τοῦτο
810 974 959 1046 πρῶτον,
983 961 1001 1028 δ
1024 971 1089 1028 νῦν
1112 957 1207 1029 οὗτοι

194 1070 408 1154 ποιήσουσιν,
441 1068 500 1136 ἐὰν
530 1076 634 1134 ταῦτα
665 1066 821 1151 λέγωσιν,
854 1068 916 1134 οὐκ
945 1068 1070 1147 ἔξεστιν
1097 1079 1208 1134 ποιεῖν

194 1175 284 1260 παρὰ
305 1185 375 1253 τοις
392 1175 680 1258 Λακεδαιμονίοις,
702 1174 743 1239 τίι
764 1184 833 1240 τῶν
852 1167 1041 1259 Ἀθηναίων
1059 1173 1208 1240 ἐπαινεῖν

195 1282 329 1366 νόμιμα,
353 1276 433 1348 οὐδὲ
450 1281 491 1346 τά
512 1290 580 1346 τῶν
604 1280 735 1361 θείνων,
758 1284 885 1346 πολλοῦ
907 1303 945 1364 γε
967 1277 1023 1346 καὶ
1045 1281 1107 1362 δεῖ,
1130 1277 1203 1346 ἀλλ’

195 1383 279 1472 ἀτη
302 1379 380 1470 παρ’
405 1385 544 1462 ἐκείνοις
565 1387 714 1471 πολιτείᾳ
736 1383 914 1469 συμφέρει,
939 1381 1031 1451 ταῦτ’
1057 1386 1208 1452 ἐπαινεῖν

196 1490 323 1576 ἀνάγκη
347 1489 416 1573 [καὶ
437 1494 570 1574 ποιείν].
606 1485 677 1556 εἶτα
699 1487 754 1555 καλ
774 1491 1034 1574 Λακεδαιμόνιοι
1056 1503 1123 1558 τῶν
1145 1489 1209 1578 μέν

196 1598 357 1663 τοιούτων
380 1596 574 1681 ἀφεστᾶσιν,
597 1598 695 1662 ἀλλοιι
718 1594 758 1662 δέ
777 1619 866 1673 τινες
885 1593 962 1682 παρ’
985 1596 1123 1675 ἐκείνοις
1141 1597 1209 1664 εἰσὶ

196 1705 302 1787 τιμαί,
330 1701 369 1779 ἀς
395 1699 560 1780 ἀπεύξαιτ’
587 1700 630 1766 ἀν
657 1702 742 1779 ἅπας
765 1700 783 1768 ὁ
807 1702 910 1786 θίημος
933 1701 1094 1769 ἐνταυθοῖ
1114 1703 1209 1786 γενέ-

144 1815 288 1874 ιοτσθαι.
332 1810 420 1884 τίνες
447 1801 510 1874 οὖν
537 1809 623 1872 εἰσιν
651 1801 762 1885 οὕτως
790 1808 848 1883 τὰς
875 1803 936 1890 μὲν
963 1802 1041 1874 καθ’
1067 1808 1209 1876 ἕκαστον

197 1914 299 1996 ἐοίσω,
326 1915 406 1997 μίαν
429 1910 475 1996 θ’,
501 1912 522 1996 ἣ
547 1916 760 1994 συλλαβοῦσα
781 1912 839 1988 τὰς
862 1913 963 1990 ἀλλας
985 1915 1066 1998 ἔχει,
1095 1917 1207 1999 δίειμι.

197 2018 332 2086 ἐπειάοίν
363 2041 413 2095 τις
445 2019 492 2096 είς
522 2018 583 2101 τὴν
615 2015 823 2102 καλουμένην
854 2023 1035 2101 γερουσίαν
1066 2019 1208 2108 ἐγκριθῇ

196 2127 375 2211 παρασχὼν
398 2124 501 2190 αὑτὸν
524 2116 598 2190 οἷον
616 2127 690 2208 χρή,
714 2125 875 2208 δεσπότης
893 2122 961 2191 ἐστὶ
978 2136 1046 2192 τῶν
1064 2133 1208 2194 πολλῶν.
1309 2171 1310 2204 η

197 2231 266 2298 ἐκεί
295 2228 356 2316 μέν
387 2231 451 2314 γάρ
483 2229 552 2295 ἐστι
582 2239 640 2314 τῆς
672 2229 789 2314 ἀρετῆς
821 2225 929 2296 ἆθλον
956 2241 1014 2315 τῆς
1040 2236 1209 2311 πολιτείας

197 2340 301 2426 κυρίφ
323 2335 482 2421 γενέσθαι
503 2337 584 2420 μετά
605 2347 672 2401 τῶν
695 2334 835 2419 ὁμοίων,
858 2337 947 2422 παρὰ
970 2335 1001 2401 δ’
1027 2337 1107 2423 ἡμίν
1128 2340 1209 2406 ταύ-

197 2467 255 2527 της
281 2440 342 2529 μὲν
365 2442 384 2509 ὁ
408 2443 511 2528 δῆμος
533 2442 662 2524 κύριος,
689 2439 745 2507 καὶ
768 2439 846 2526 ιἰραλ
868 2439 923 2508 καὶ
945 2445 1042 2529 νόμοι
1065 2443 1121 2511 καὶ
1143 2469 1209 2530 φυ·

198 2551 309 2630 λακαί,
335 2548 423 2624 ὅπως
445 2547 560 2632 μηθείς
583 2548 682 2622 ἄλλος
704 2547 819 2632 κύριος
840 2550 1024 2631 γενήσεται,
1046 2549 1206 2634 στέφανοι

199 2650 236 2718 δέ
258 2651 313 2718 καὶ
336 2651 478 2718 ἀτέλειαι
500 2650 556 2718 καὶ
579 2655 722 2736 σιτήσεις
745 2650 800 2719 καὶ
822 2650 946 2718 τοιαῦτ’
969 2652 1070 2737 ἐστίν,
1094 2651 1142 2722 ὧν
1165 2658 1209 2722 ἀν

146 2779 186 2819 ιοε
198 2781 248 2835 τις
271 2757 355 2842 ἀνὴρ
378 2757 506 2840 ἀγαθὸς
524 2757 572 2822 ὢν
589 2758 692 2842 τύχοι.
728 2755 783 2823 καὶ
801 2756 892 2824 ταῦτ’
914 2758 1073 2845 ἀμφότερ’
1095 2761 1210 2846 ὀρθῶς

199 2869 275 2951 ἔχει,
298 2861 353 2928 καὶ
374 2862 468 2929 τάκεί
487 2861 542 2930 καὶ
564 2864 604 2929 τὰ
626 2861 703 2948 παρ’
725 2863 814 2948 ἡμίν.
851 2865 907 2930 διὰ
928 2869 974 2945 τίς
999 2866 1049 2932 ὅτι
1071 2868 1129 2945 τίις
1146 2864 1209 2952 μὲν

200 2973 256 3039 διὰ
277 2981 345 3036 τῶν
367 2968 490 3052 ὀλίγων
512 2972 679 3045 πολιτείας
700 2971 737 3035 τὸ
760 2971 886 3048 πάντας
908 2973 995 3055 ἔχειν
1016 2978 1091 3038 ίσον
1110 2972 1208 3057 ἀλλή-

199 3088 270 3154 λοις
290 3078 369 3153 τοὺς
390 3085 458 3140 τῶν
480 3085 603 3140 κοινῶν
625 3077 763 3161 κυρίους
786 3075 940 3159 ὁμονοεῖν
961 3089 1058 3160 ποιεί,
1081 3079 1143 3162 τὴν
1162 3076 1270 3144 θέ490

199 3195 267 3250 τῶν
289 3183 404 3266 δήμων
427 3179 622 3263 ἐλευθερίαν
645 3179 665 3262 ἡ
688 3191 755 3246 τῶν
773 3180 914 3263 ἀγαθῶν
932 3181 1065 3266 ἀνδρῶν
1083 3181 1209 3267 ἅμιλλ’,

199 3289 242 3373 ἣν
260 3285 314 3357 ἐπὶ
330 3297 403 3364 ταίς
420 3287 509 3368 παρὰ
526 3293 587 3352 τοῦ
606 3285 715 3369 δήμου
734 3285 887 3368 δωρειαῖς
904 3288 987 3371 κρὸς
1001 3287 1124 3366 αὑτοὺς
1136 3310 1209 3354 ποι-

148 3412 188 3454 ιοε
202 3403 329 3475 οῦνται,
352 3391 519 3476 φυλάττει.
555 3388 610 3455 καὶ
628 3391 695 3475 μὴν
712 3387 788 3475 περὶ
805 3400 866 3457 τοῦ
883 3414 921 3474 γε
939 3388 1022 3476 μηδὲ
1041 3395 1211 3476 Θηβαίους

201 3497 328 3583 μηδένα
354 3507 468 3580 τιμᾶν,
498 3493 595 3562 ἐκεῖν’
622 3493 664 3560 ἀν
692 3498 778 3580 ἐχειν
805 3496 910 3561 είκείν
937 3493 1061 3580 ἀληθὲς
1087 3505 1207 3580 οίομαι
