2616 3910
131 175 197 239 492
446 179 502 232 xz.
528 177 831 250 [ιωυουοωνοτε]

130 337 211 413 ὅπως
241 341 274 402 ot
297 341 364 424 περί
391 339 443 404 τδν
466 342 612 421 Βοιωτόν,
638 340 692 404 ἐάν
718 340 876 421 ἐπιζητῶσί
899 365 928 403 τι
954 351 1013 402 τῶν
1036 340 1139 420 ἔνδον,
1152 349 1223 398 1008

129 434 233 516 ἔχωσιν
256 435 380 520 ἔλεγχον.
426 437 497 518 μετά
520 431 601 499 ταῦτ’
626 435 853 500 άντενεκάίεσαν
877 437 1026 518 ἀλλήλοις,
1050 434 1066 499 ό
1091 436 1148 518 μὲν

130 534 308 607 Μαντίθεος
326 531 401 616 ύπέρ
419 544 471 614 τῆς
490 529 626 620 μητρςόας
645 533 761 613 οὐσίας,
779 533 887 599 ἐκεῖνοι
906 529 934 596 δ’
954 532 1028 615 ὑπὲρ
1047 533 1141 596 άίίωι

129 639 228 692 τινῶν.
260 631 311 694 καί
329 627 346 693 ό
365 631 515 711 διαιτητής
529 630 710 696 Μαντιθέου
726 629 781 712 μὲν
796 630 993 712 όαιεδιαίτησε,
1010 636 1146 694 Βοιωτοῦ

131 723 163 789 δὲ
182 727 401 808 κατεδιαίτησεν
419 727 542 810 ἐρήμην.
579 729 714 810 λαγχάνει
732 727 770 808 δή
787 729 965 802 Μαντίθεος
982 727 1033 790 καί
1049 729 1092 801 εἰς
1110 727 1145 791 τδ

132 822 322 906 δικαστήριον
351 825 431 912 αύτῷ
458 825 513 904 τήν
540 825 635 904 αύτήν
663 826 767 907 δίκην,
794 824 926 888 όοταιτῶν
950 823 1005 906 τήν
1027 830 1147 907 προῖκα.

220 1077 364 1142 Πάντων
398 1073 488 1143 ἐστὶν
522 1075 740 1161 ἀνιαρότατον
773 1071 799 1142 ὦ
832 1075 953 1159 ἄνδρες
981 1076 1147 1159 δικασταί,

129 1180 210 1246 όταν
242 1205 292 1260 τις
319 1181 458 1266 ὀνόματι
486 1178 547 1266 μὲν
576 1181 720 1266 ἀδελφὸς
746 1186 1004 1265 προσαγορευθῇ
1031 1204 1146 1264 τινων,

129 1295 174 1374 τῷ
208 1283 238 1352 δ’
271 1289 357 1377 ἐργφ
391 1287 534 1373 ἐχθροὺς
566 1291 623 1374 ἐχη
655 1289 811 1371 τούτους,
842 1285 897 1352 καὶ
926 1287 1146 1370 ἀναγκάζηται

129 1394 235 1457 πολλὰ
262 1392 317 1459 καὶ
347 1395 441 1459 δεινά
462 1395 584 1459 παθὼν
606 1388 662 1458 ὑπ’
690 1393 801 1458 αύτῦν
824 1391 961 1459 εἰσιέναι
983 1394 1029 1468 είς
1053 1395 1145 1459 δικα-

102 1501 279 1582 εστήριον,
303 1498 322 1565 ὃ
344 1507 409 1564 νῦν
433 1497 506 1583 ἐμοὶ
529 1497 745 1583 συμβέβηκεν.
790 1498 832 1564 οὐ
855 1500 917 1581 γάρ
940 1501 1045 1582 μόνον
1068 1498 1146 1564 ἀτύ-

128 1605 216 1688 χημά
239 1628 296 1688 μοι
320 1603 353 1682 ἐξ
377 1605 478 1689 ἀρχῆς
502 1603 648 1688 ἐγένετο,
673 1605 759 1670 διότι
783 1605 950 1687 Πλαγγὼν
972 1604 993 1688 ή
1015 1606 1145 1671 τούτων

129 1713 234 1795 μήτηρ
264 1710 492 1794 ἐξαπατήσασα
520 1712 580 1775 τὸν
607 1709 731 1793 πατέρα
754 1733 820 1794 μου
843 1708 898 1775 καί
921 1710 1145 1794 ἐπιορκήσασα

129 1828 293 1902 φανερῶς,
318 1817 507 1900 ήνάγκασεν
529 1815 632 1881 αὐτὸν
655 1814 832 1899 ὑπομείναι
849 1816 990 1893 τούτους
1006 1819 1145 1898 ποιήσα-

130 1928 227 2004 σθαι,
256 1920 311 1987 καὶ
335 1923 392 1987 διά
413 1930 514 1989 τοῦτο
537 1931 577 1986 τά
601 1923 663 1987 δύο
687 1921 769 2006 με’ρη
792 1932 859 1986 τῶν
881 1919 1044 2008 πατρῴων
1067 1921 1145 1988 άπε-

129 2031 310 2111 στερήθην·
339 2026 422 2093 ἀλλὰ
449 2030 533 2112 πρὸς
559 2028 691 2104 τούτοις
718 2025 911 2110 ἐξελήλαμαι
937 2022 998 2111 μὲν
1025 2026 1061 2092 ἐκ
1086 2037 1146 2110 τής

129 2131 282 2220 πατρῴας
310 2135 416 2210 οἰκίας
443 2133 509 2199 ὑπὸ
537 2133 680 2214 τούτων,
710 2131 747 2197 ἐν
773 2122 795 2217 ή
821 2131 877 2197 καὶ
905 2131 1066 2216 ἐγενόμην
1089 2131 1145 2198 καί

130 2238 292 2323 ἐτράφην,
325 2236 380 2304 καί
412 2240 460 2315 είς
486 2238 530 2322 ήν
558 2237 619 2322 οὐχ
647 2237 665 2304 ὁ
693 2239 800 2321 πατήρ
828 2237 950 2314 αὐτοὺς
977 2235 1046 2301 ἀλλ’
1079 2237 1143 2321 ἐγὼ

103 2347 385 2428 ιτείευτήσαντος
408 2343 538 2410 ἐκείνου
561 2342 808 2428 παρεδεξάμην,
831 2342 1074 2428 ἀποστεροῦμαι
1098 2341 1135 2409 δέ
1145 2357 1214 2408 1009

129 2451 191 2535 τὴν
219 2461 341 2535 προῖκα
368 2458 425 2533 τῆς
453 2449 598 2534 ἐμαυτοῦ
626 2453 763 2534 μητρός,
791 2447 867 2528 περὶ
889 2444 928 2532 ής
950 2446 1029 2514 νυνί
1052 2451 1143 2514 δικά-

132 2559 237 2640 ζομαι,
261 2557 360 2632 αὐτὸς
378 2551 439 2639 μὲν
458 2556 589 2632 τούτοις
608 2556 701 2631 δίκας
719 2549 802 2638 ὑπὲρ
823 2549 870 2620 ὧν
889 2553 1068 2620 ἐνεκάλουν
1087 2577 1143 2638 μοι

130 2664 264 2727 πάντων
292 2662 459 2743 δεδωκώς,
487 2661 573 2744 πλήν
601 2666 636 2725 εί
659 2682 733 2724 τινα
761 2669 825 2724 νῦν
852 2659 947 2726 ἕνεκα
970 2668 1027 2744 τής
1050 2662 1143 2744 δίκης

130 2769 250 2852 ταύτης
273 2768 487 2851 άντειίήχασί
506 2789 562 2850 μοι
586 2775 889 2850 συκοφαντοῦντες,
919 2766 964 2843 ὡς
985 2765 1041 2830 καὶ
1063 2767 1142 2851 ὑμῖν

131 2879 221 2941 ἐσται
245 2872 441 2958 καταφανές,
464 2873 553 2953 παρά
577 2869 614 2937 δὲ
632 2873 766 2937 τούτοιν
785 2871 822 2938 ἐν
841 2871 958 2938 ἕνδεκα
976 2875 1083 2937 ἐτεσιν
1102 2872 1143 2938 οὐ

132 2983 317 3065 δυνάμενος
350 2990 462 3064 τυχεῖν
493 2990 560 3043 τῶν
593 2981 750 3064 μετρίων,
783 2977 866 3043 ἀλλὰ
893 2987 958 3043 νῦν
985 2980 1032 3056 είς
1059 2979 1144 3063 ὑμᾶς

103 3089 309 3173 εήβοηθοὺς]
337 3086 601 3167 καταπεφευγώς.
648 3084 764 3168 δέομαι
787 3079 849 3150 οὖν
873 3084 1027 3150 ἁπάντων
1050 3085 1143 3170 ὑμῶν

132 3189 158 3259 ὦ
178 3195 298 3277 ἄνδρες
317 3193 479 3273 δικασταί,
501 3188 569 3275 μετ’
593 3191 726 3267 εὐνοίας
743 3188 782 3254 τέ
797 3214 862 3273 μου
882 3190 1021 3257 άκοῦσαι
1039 3191 1143 3268 οὕτως

133 3299 222 3376 ὅπως
243 3295 286 3363 άν
309 3298 459 3381 δύνωμαι
483 3295 647 3380 λέγοντος,
673 3293 735 3360 κάν
760 3295 838 3380 ὑμῖν
862 3297 955 3362 δεινά
978 3298 1066 3362 δοκῶ
1088 3318 1143 3362 πε-

132 3401 312 3486 πονθέναι,
341 3403 542 3487 συγγνώμην
569 3405 656 3487 ἐχειν
683 3424 740 3486 μοι
768 3404 917 3484 ζητοῦντι
939 3405 1143 3486 κομίσασθαι

133 3508 313 3589 τάμαυτοῦ,
336 3509 442 3584 άλλως
464 3530 498 3572 τε
521 3508 576 3574 καὶ
598 3511 644 3586 είς
662 3508 830 3591 θυγατρὸς
849 3508 995 3574 ἔκδοσιν·
1019 3508 1141 3592 συνέβη
