2938 4180
241 144 305 211 146
547 145 635 198 xxn.
657 142 936 197 ΔΗΜοΣοωιιοωι

201 326 226 369 τε
240 331 334 393 ματα.
373 315 475 372 ταῦτα
498 299 559 390 μέν
581 308 708 387 τοίνυν,
731 303 751 369 δι’
776 307 872 388 ζῆλον
894 305 1003 370 πολὺν
1025 299 1090 388 εἶχε
1113 299 1169 368 καὶ
1190 325 1243 375 φι

240 417 391 497 λοτιμίαν
417 411 512 496 ὑμίν,
539 411 718 496 ἠφάνισται
742 409 1015 496 καθαιρεθέντων
1036 420 1104 476 τῶν
1127 407 1246 491 στεφό-

240 538 322 587 νων·
352 517 405 586 έπὶ
430 529 502 595 ταῖς
529 519 664 601 φιάλαις
691 511 721 582 δ’
748 514 786 593 ἀς
813 509 884 582 ἀντ’
910 515 1045 583 ἐκείνων
1068 511 1242 600 ἐποιήσαθ’

239 625 320 710 ὑμῖν
347 625 365 691 ὁ
392 627 516 709 πόρνος
543 617 655 705 οὗτος,
682 616 938 707 ,Ἀνδροτίωνος
963 621 1247 707 έπιμελουμένου“

240 730 432 815 γέγραπται·
460 728 514 797 καὶ
538 724 579 796 οὗ
601 730 638 795 τὸ
662 727 744 813 σῶμ’
771 728 985 813 ἡταιρηκότος
1008 729 1070 795 οὐκ
1092 727 1190 794 ἐῶσιν
1214 729 1251 794 οί

240 840 337 922 νόμοι
367 840 426 919 [εἰς
452 837 492 904 τὰ
520 836 592 921 λερά
619 833 785 918 εἰσιέναι],
813 836 935 901 τούτου
959 831 1094 920 τοῦνομ’
1120 833 1157 900 έν
1179 845 1247 914 τοῖς

242 945 343 1029 ίεροίς
365 942 418 1010 έπδ
440 953 508 1009 τῶν
530 945 661 1025 φιαλῶν
683 939 911 1026 γεγραμμένον
931 940 1029 1006 ἐστίν.
1067 941 1183 1026 ὅμοιόν
1199 937 1245 1025 γ’,

241 1049 283 1115 οὐ
309 1051 388 1136 γδρ;
416 1059 514 1117 τοῦτο
541 1059 611 1126 τοίς
637 1046 810 1134 προτέροις
832 1046 1083 1133 έπιγροίμμασιν,
1107 1046 1128 1132 ἢ
1151 1054 1246 1131 φιλο·

203 1175 228 1216 τι
240 1158 353 1241 τιμίαν
381 1164 456 1242 ίσην
484 1159 561 1242 ἔχον
585 1155 674 1240 ὑμίν.
721 1157 799 1239 [τρία
821 1159 925 1221 τοίνυν
946 1156 980 1221 έιι
1002 1158 1108 1221 τούτου
1129 1156 1165 1219 τδι
1187 1158 1247 1220 δει-

241 1253 338 1320 νότατ’
362 1256 401 1322 ἀν
427 1282 471 1333 τις
498 1258 558 1321 ἴδοι
583 1250 762 1338 πεπραγμέν’
786 1254 896 1331 αὐτοῖς.
940 1255 995 1335 τὴν
1017 1252 1149 1339 μὲνγὰρ
1171 1256 1246 1319 θεὸν

241 1356 310 1431 τοὺς
333 1357 497 1436 στεφάνους
520 1353 706 1433 σεσυλίμιασι·
729 1363 782 1434 της
803 1353 914 1428 πόλεως
937 1350 969 1415 δέ
991 1353 1043 1416 τὸν
1062 1354 1149 1434 ζῆλον
1167 1352 1246 1434 ἀφα-

242 1454 340 1516 νίκασι
361 1452 414 1516 τδν
436 1452 469 1516 ἐκ
491 1461 550 1514 τῶν
573 1450 676 1534 έργων,
697 1443 740 1514 ὧν
763 1445 916 1533 ὑπόμνημ’
935 1444 1013 1533 ἦσαν
1036 1449 1118 1526 ὄντες
1137 1452 1170 1515 οἷ
1184 1452 1247 1515 στέ-

243 1565 348 1630 φανοι·
370 1550 439 1624 τοὺς
461 1543 489 1610 δ’
514 1546 682 1624 ἀναθέντας
704 1549 794 1626 δόξαν
817 1547 854 1611 οδ
877 1547 985 1630 μικρὰν
1007 1544 1191 1635 ἀφῄρηνται,
1213 1549 1246 1612 τὸ

243 1649 341 1710 δοκεῖν
368 1639 411 1709 ὧν
437 1644 476 1707 ἀν
499 1639 532 1709 εὖ
555 1643 674 1710 πάθωσ’
698 1645 812 1709 ἐθέλειν
833 1652 1012 1727 μεμνῆσθαι.
1055 1646 1106 1709 καὶ
1126 1659 1248 1711 τοιαῦτα

241 1745 291 1808 καὶ
308 1754 435 1807 τοσαῦτα
451 1744 484 1807 τὸ
501 1748 618 1826 πλῆθος
636 1739 703 1807 κάκ’
718 1741 912 1826 εἰργασμένοι,
929 1744 972 1818 εἰς
989 1739 1077 1806 τοῦθ’
1094 1739 1147 1825 ἀμ’
1162 1744 1247 1808 ἀναι-

243 1843 370 1922 σθησέας
392 1841 442 1903 καὶ
464 1841 571 1924 τόλμης
593 1843 841 1924 προεληλύθασιν,
864 1841 934 1904 ὥστε
955 1839 1117 1922 μέμνηνται
1134 1843 1247 1906 τούτων

242 1939 282 2015 ὡς
304 1945 399 2014 καλῶς
417 1937 519 2014 αιἰτοίς
537 1938 739 2027 διῳκημένων,
761 1933 837 2002 ὥσθ’
858 1936 874 2000 δ
893 1934 947 2019 μέν
965 1939 1055 2002 οἴεται
1073 1934 1113 2001 δι’
1132 1939 1248 2004 ἐκεῖνον

242 2032 297 2117 ὑφ’
318 2037 402 2118 ὑμῶν
425 2035 627 2117 σωθήσεσθαι,
650 2034 666 2098 δ
690 2034 722 2099 δέ
744 2037 954 2118 παρακάθηται
974 2034 1025 2099 καί
1047 2035 1084 2100 οδ
1106 2038 1248 2102 καταδύε-

203 2147 289 2198 ιῦται
310 2141 371 2209 τοῖς
394 2131 629 2217 πεπραγμένοις]
676 2129 763 2196 οὕτω
789 2128 820 2195 δ’
847 2129 888 2195 οὐ
910 2130 1015 2214 μόνον
1038 2133 1085 2207 είς
1106 2131 1245 2216 χρήματ’

242 2238 390 2322 ἀναιδὴς,
414 2236 496 2303 ἀλλὰ
514 2234 569 2302 καὶ
587 2239 700 2314 σκαιός
717 2235 818 2320 ἐστιν,
839 2232 917 2302 ὥστ’
939 2235 1000 2301 οὐκ
1019 2231 1111 2302 οἶδεν
1129 2237 1247 2322 έκεῖνο,

242 2346 294 2411 ὅτι
316 2342 474 2427 στέφανοι
497 2341 559 2428 μέν
581 2336 643 2408 είσ’
669 2341 786 2430 ἀρετῆς
809 2351 961 2427 σημεῖον,
984 2343 1102 2426 φιοίλαι
1125 2339 1162 2411 δδ
1184 2343 1238 2411 καὶ
1248 2353 1302 2405 ⁶1⁷

242 2453 281 2518 τὰ
303 2459 439 2517 τοιαῦτα
462 2449 623 2532 πλούτου,
645 2446 701 2514 καὶ
725 2447 889 2533 στέφανος
910 2444 971 2532 μέν
994 2448 1092 2531 ἅπας,
1115 2448 1178 2516 κάν
1199 2476 1247 2535 μι·

242 2558 321 2644 κρὸς
346 2548 384 2644 ᾖ,
410 2556 472 2641 τὴν
501 2562 578 2641 ίσην
603 2558 795 2641 φιλοτιμίαν
817 2557 883 2640 ἔχει
905 2562 950 2643 τῷ
973 2556 1119 2644 μεγόλφ,
1147 2557 1248 2623 έκπώ-

242 2688 327 2749 ματα
351 2660 381 2728 δ’
405 2662 424 2747 ἢ
447 2659 654 2749 θυμιατήρί,
678 2661 736 2727 έδιν
758 2658 819 2746 μέν
842 2661 1031 2748 ὑπερβόλλη
1052 2671 1097 2750 τῷ
1115 2667 1248 2748 πλήθει,

242 2771 388 2838 πλούτου
420 2770 494 2835 τινδι
526 2766 627 2847 δόξαν
659 2770 900 2855 προσετρίψατο
931 2779 1002 2845 τοῖς
1029 2769 1249 2854 κεκτημένοις,

243 2877 301 2944 έάν
325 2871 355 2943 δ’
376 2873 429 2942 έπὶ
452 2885 581 2961 μικροῖς
603 2899 652 2952 τις
675 2874 886 2958 σεμνύνηται,
909 2868 1039 2939 τοσοῦτ’
1060 2874 1171 2960 ἀπέχει
1189 2886 1249 2943 τοῦ

242 2979 337 3069 τιμῆς
359 2982 449 3058 τινὸς
473 2982 528 3047 διὰ
550 2989 652 3047 ταῦτα
674 2991 802 3066 τυχεῖν,
828 2977 903 3045 ὥστ’
931 2979 1145 3065 ἀπειρόκαλος
1166 2983 1250 3066 πρὸς

243 3087 329 3169 ἔδοξ’
355 3084 450 3155 εἶναι.
491 3081 589 3164 οὗτος
610 3089 727 3152 τοίνυν
750 3087 878 3152 ἀνελὼν
901 3087 941 3152 τὰ
962 3095 1021 3170 τῆς
1044 3087 1152 3172 δόξης,
1174 3093 1250 3174 κτή-

243 3221 328 3283 ματα
350 3204 410 3262 τοῦ
428 3195 575 3260 πλούτου
593 3197 766 3278 πεποίηται
785 3193 884 3277 μικρὰ
901 3189 957 3257 καὶ
974 3192 1036 3278 οὐχ
1054 3193 1148 3279 ὑμῶν
1166 3195 1249 3274 ἀξια.

204 3301 298 3369 τεκαὶ
321 3299 394 3369 οὐδ’
421 3298 517 3367 ἐκεῖν’
545 3296 648 3384 εἶδεν,
676 3299 727 3365 ὅτι
750 3301 832 3384 πρός
854 3295 915 3384 μὲν
936 3301 1113 3386 χρημάτων
1134 3311 1251 3386 κτῆσιν

245 3404 456 3474 οὐδεπώποθ’
474 3406 491 3473 ὁ
512 3408 615 3491 δῆμος
633 3405 827 3487 ἐσπούδασε,
847 3407 929 3489 πρὸς
948 3402 985 3471 δέ
1000 3406 1097 3491 δόξης
1111 3408 1156 3484 ὡς
1169 3405 1250 3474 οὐδὲ

138 3553 143 3562 ·
244 3513 326 3596 πρὸς
348 3514 385 3578 ἓν
407 3522 473 3578 τῶν
492 3513 610 3578 ἀλλων.
646 3515 822 3596 τεκμήριον
841 3510 889 3577 δέ·
913 3515 1061 3598 χρήματα
1079 3513 1142 3599 γάρ
1160 3518 1249 3579 πλεί-

86 3791 199 3862 ’ἱ
