2612 3918
176 155 221 221 58
492 159 566 211 XXL
589 157 870 211 ΔΗΜΟΣΘΕΝΟΤΣ

175 316 337 394 εὐνοϊκῶς
363 315 507 384 ἀκοῦσαί
525 340 591 402 μου
614 317 783 400 λέγοντος,
815 308 928 399 ἔπειτ’,
958 314 1017 381 ἐάν
1040 313 1192 393 ἐπιδείξω

177 422 325 488 Μειδίαν
346 420 480 487 τουτονὶ
503 423 548 506 μὴ
571 423 677 507 μόνον
700 424 748 500 είς
770 415 834 507 ἔμ’,
859 420 942 487 άλλά
964 418 1019 486 καὶ
1040 422 1087 496 είς
1106 420 1193 504 ὑμᾶς

175 526 233 593 καὶ
256 530 303 605 είς
320 531 399 605 τους
416 530 541 612 νόμους
559 526 614 594 καὶ
632 530 679 605 είς
696 531 775 605 τοὺς
794 529 915 604 ἄλλους
933 525 1079 603 ἅπαντας
1096 526 1192 613 ὑβρι·

176 635 272 716 κότα,
304 636 473 719 βοηθῆσαι
504 630 559 698 καὶ
588 631 660 718 ἐμοὶ
687 631 740 699 καλ
768 633 849 719 ὑμῖν
877 633 999 709 αὐτοῖς.
1044 629 1099 698 καὶ
1127 635 1191 716 γάρ

175 739 266 806 οὕτω
285 761 354 816 πως
372 741 437 824 ἔχει
458 735 499 820 [ὦ
518 739 638 824 ἄνδρες
652 732 853 823 Ἀθηναῖοι]·
872 737 1032 823 ὕβρισμαι
1049 734 1110 823 μὲν
1127 737 1191 821 ἐγὼ

177 843 234 910 καὶ
257 846 560 928 προπεπηλάκισται
581 845 619 910 τὸ
639 855 733 929 σῶμα
750 843 877 928 τούμὸν
894 845 978 927 τότε,
1002 843 1193 927 ἀγωνιεῖται

178 947 216 1015 δὲ
239 947 294 1015 καὶ
316 953 512 1034 κριθήσεται
533 952 571 1018 τὸ
594 959 728 1035 πρᾶγμα
750 953 838 1033 νυνί,
862 947 973 1033 πότερ’
995 947 1116 1028 ἐξεῖναι
1140 950 1195 1015 δεῖ

177 1055 218 1121 τά
250 1065 385 1122 τοιαῦτα
417 1067 525 1123 ποιεῖν
554 1053 609 1122 καὶ
636 1057 684 1133 είς
709 1056 769 1122 τὸν
795 1049 934 1139 τυχόνθ’
964 1055 1058 1140 ὑμῶν
1086 1055 1192 1133 ἀδεῶς

151 1162 336 1246 ιὺβρίζειν,
361 1161 380 1246 ἢ
403 1165 456 1247 μη.
498 1168 532 1228 εῖ
549 1185 600 1239 τις
622 1154 685 1228 οὖν
707 1160 802 1246 ὑμῶν
824 1162 889 1243 ἄρα
910 1159 1047 1227 καὶτὸν
1070 1165 1191 1246 ἔμπρο-

178 1272 264 1331 σθεν
295 1270 418 1351 χρόνον
448 1277 516 1333 τῶν
549 1267 644 1332 ἰδίων
673 1268 764 1344 τινὸς
790 1267 900 1332 είνεκα
927 1269 1105 1350 γίγνεσθαι
1130 1268 1191 1333 τὸν

179 1371 291 1455 άγῶνα
313 1371 405 1439 τόνδ’
432 1374 674 1458 ὑπελάμβανεν,
698 1370 904 1457 ἐνθυμηθεὶς
926 1382 991 1439 νῦν
1014 1372 1065 1438 ότι
1088 1372 1191 1457 δημο-

178 1481 236 1565 σίηι
258 1478 420 1563 συμφέρει
442 1475 560 1562 μηδενὶ
584 1473 688 1562 μηδὲν
711 1477 832 1557 ἐξεῖναι
852 1486 984 1544 τοιοῦτο
1003 1490 1123 1561 ποιεῖν,
1147 1478 1193 1555 ὡς

178 1581 262 1669 ὑπὲρ
285 1593 403 1650 κοινοῦ
423 1594 484 1650 τοῦ
502 1584 692 1670 πράγματος
710 1585 807 1659 ὄντος
824 1581 880 1648 καὶ
896 1585 1070 1670 προσέχων
1092 1583 1192 1648 ἀκου-

177 1690 283 1772 σάτω,
311 1687 367 1755 καὶ
394 1691 434 1754 τὰ
461 1685 635 1773 φαινόμεν’
663 1687 752 1778 αὐτῷ
776 1684 954 1754 δικαιότατ’
981 1686 1066 1755 εἶναι
1088 1699 1192 1754 ταῦτα

177 1796 393 1879 ψηφισάσθω.
418 1793 644 1877 ἀναγνώσεται
657 1791 693 1860 δὲ
703 1805 836 1879 πρῶτον
846 1790 907 1878 μὲν
916 1794 997 1880 ὑμῖν
1004 1796 1065 1861 τὸν
1074 1798 1191 1879 νόμον,

177 1895 257 1965 καθ’
283 1899 323 1965 ὃν
351 1897 436 1965 εἰσὶν
463 1901 501 1964 αλ
524 1901 701 1984 προβολαί·
737 1901 818 1983 μετά
844 1909 948 1966 ταῦτα
976 1897 1013 1966 δὲ
1038 1898 1192 1986 καὶπερὶ

178 2017 247 2070 τῶν
271 2007 382 2071 άλλων
404 2005 603 2090 πειράσομαι
626 2005 804 2071 διδάσκειν.
841 2003 928 2089 Λέγε
949 2006 1009 2071 τὸν
1031 2006 1146 2089 νόμον.

614 2214 751 2266 ΝΟΜΟΣ.
1192 2217 1241 2268 δΠ

313 2328 391 2402 Τοὺς
421 2327 579 2408 πρυτάνεις
605 2331 702 2387 ποιεῖν
729 2323 887 2404 ἐκκλησίαν
914 2323 948 2387 ἐν
975 2327 1127 2390 Διονύσου
1155 2337 1191 2414 τῇ

223 2425 360 2510 ὑστεραίᾳ
382 2434 442 2486 τῶν
460 2423 612 2485 Πανδίων.
647 2419 682 2484 ἐν
704 2418 736 2483 δὲ
757 2423 849 2508 ταότη
870 2423 1055 2504 χρηματίζειν
1073 2431 1192 2505 πρῶτον

224 2519 278 2602 μὲν
299 2521 366 2604 περὶ
390 2522 487 2603 ἱερῶν,
509 2519 607 2582 ἔπειτα
629 2518 680 2592 τὰς
702 2517 852 2601 προβολάς
875 2519 1119 2600 παραδιδότωσαν
1139 2521 1192 2595 τὰς

222 2616 418 2699 γεγενημένας
436 2616 522 2680 ἕνεκα
539 2625 591 2696 τῆς
609 2625 730 2696 πομπῆς
747 2613 768 2696 ἢ
785 2624 844 2677 τῶν
864 2613 988 2697 ἀγόνων
1006 2626 1065 2678 τῶν
1081 2617 1114 2679 ἐν
1128 2625 1191 2691 τοῖς

224 2713 412 2794 Διονυσίοις,
434 2713 502 2776 ὅσαι
523 2711 562 2775 διν
585 2711 627 2793 μη
649 2710 860 2793 ἕκτετεισμέναι
881 2706 962 2775 ὦσιν.

151 2871 166 2910 ε
264 2847 300 2916 Ὁ
331 2847 392 2935 μὲν
422 2854 525 2933 νόμος
557 2843 655 2926 οὗτός
686 2849 777 2915 ἐστιν
810 2845 836 2915 ὦ
870 2851 990 2932 ἄνδρες
1018 2847 1193 2934 Ἀθηναῖοι

179 2953 258 3023 καθ’
285 2955 326 3022 ὃν
353 2956 391 3019 αῖ
412 2952 575 3040 προβολαὶ
596 2957 783 3038 γίγνονται,
811 2953 933 3040 λέγων,
961 2957 1071 3040 ὥσπερ
1094 2956 1193 3040 ἠκού-

179 3083 268 3146 σατε,
292 3071 401 3127 ποιεῖν
423 3061 484 3145 τὴν
503 3059 679 3144 ἐκκλησίαν
697 3061 734 3127 ἐν
751 3063 926 3127 Διονύσου
944 3063 1025 3145 μετά
1040 3064 1082 3126 τά
1101 3067 1192 3129 Παν-

179 3170 251 3250 δια,
282 3167 320 3234 ἐν
345 3168 446 3252 ταάτη
475 3163 506 3232 δ’
539 3166 675 3232 ἐπειδὰν
701 3170 947 3251 χρηματίσωσιν
975 3168 1011 3232 οί
1034 3170 1193 3253 πρόεδροι

180 3271 256 3361 περὶ
283 3267 330 3339 ὧν
356 3270 518 3361 διῴκηκεν
541 3271 560 3339 δ
583 3273 710 3357 άρχων,
738 3274 947 3357 χρηματίζειν
969 3269 1123 3358 καὶπερὶ
1145 3268 1193 3340 ὧν

179 3381 223 3445 όν
244 3401 295 3456 τις
316 3378 481 3464 ἠδικηκὼς
503 3370 524 3466 ᾗ
546 3375 623 3463 περὶ
645 3378 708 3462 τὴν
727 3376 846 3463 ἑορτὴν
863 3377 884 3463 ἢ
902 3381 1192 3464 παρανενομηκώς,

179 3488 288 3558 καλῶς
318 3480 344 3550 ὦ
372 3484 493 3568 ἄνδρες
516 3479 690 3567 Ἀθηναῖοι
715 3481 771 3548 καὶ
798 3487 1035 3569 συμφερόντως
1061 3487 1147 3566 ἔχων
1175 3485 1192 3550 ὁ
