2590 3900
150 174 215 240 302
459 177 542 229 XXV.
565 173 845 229 ΔΗΜΟΣΘΕΝΟΤΣ

149 337 208 403 ἐὰν
231 334 272 402 δέ
290 359 340 413 τις
362 333 474 420 μεγάλῗ
499 336 662 419 ἠδικηκὼς
684 326 716 422 ᾖ,
740 337 819 420 μίαν
841 332 916 412 θείς
937 333 958 418 ή
982 335 1044 399 δύο
1064 358 1162 400 κατα-

149 444 251 526 βολὰς
273 441 420 525 ἐπίτιμος
442 444 542 508 ἐσται.
578 444 626 507 ἔτι
648 444 766 506 τοίνυν
788 439 854 526 τρί’
881 439 972 506 ἐστὶν
994 441 1034 505 τὰ
1057 439 1162 523 ὀφλή-

150 572 246 632 ματα,
270 546 290 613 ἀ
314 546 532 630 ἐγγέγραπται
554 545 609 611 καὶ
631 540 685 630 ἐφ’
712 539 762 624 οἷς
785 546 993 612 ἐνδέδεικται.
1036 547 1077 611 τὰ
1100 541 1162 628 μόν

151 655 191 737 δή
221 651 272 719 δύ’
304 654 341 720 ἐν
369 653 546 737 ἀπογραφῇ
573 655 761 736 πεποίηται,
788 654 826 719 τὸ
854 649 884 717 δ’
916 653 954 718 ἓν
981 646 1055 716 οὐδ’
1081 651 1163 716 ἀπο-

150 759 346 844 γέγραπται,
378 758 462 824 ἀλλά
493 759 701 842 βουλεύσεως
729 758 789 823 τὸν
818 755 1048 841 Ἀλωπεκῆθεν
1076 755 1163 840 Ἀρί-

112 883 136 923 τε
151 883 260 932 στωνα
283 866 402 931 διώκει.
439 862 506 946 ναὶ,
531 867 648 949 φησίν·
671 863 792 941 ἀδίκως
810 865 874 948 γάρ
892 857 925 947 μ’
947 862 1162 948 ἐγγέγραφεν.

151 973 205 1037 δεῖ
234 972 276 1055 δή
308 968 339 1035 σ’
370 971 416 1048 ως
442 972 528 1036 ἔοικε
557 971 654 1053 δίκην
681 972 804 1052 λαβεῖν.
850 968 976 1035 οὐκοῦν
1003 968 1162 1053 ὑποσχεῖν

150 1088 282 1162 πρῶτον
308 1075 363 1141 καὶ
386 1086 497 1159 μεῖναι
519 1074 556 1140 ἐν
581 1066 632 1151 οἷς
654 1073 824 1151 πέπονθας
846 1073 982 1157 ἀνάγκη,
1027 1074 1048 1158 ἢ
1070 1077 1163 1152 τίνος

150 1185 247 1266 λήψει
266 1183 377 1265 δίκερας
397 1182 429 1246 εί
445 1180 510 1264 γὰρ
528 1180 636 1258 ἔξεστί
651 1196 705 1245 σοι
722 1177 827 1245 πάνθ’
850 1180 931 1263 ἅπερ
950 1190 1021 1257 τοῖς
1038 1181 1162 1264 ἀλλοις,

111 1306 137 1346 τε
150 1292 186 1353 τί
210 1289 377 1372 ήδίκησαι;
408 1284 489 1371 φέρε
518 1286 559 1370 δή
587 1287 670 1370 πρὸς
695 1291 787 1351 θεῶν
814 1286 947 1352 κάκεῖνο
975 1285 1153 1363 σκέψασθε.
1163 1297 1218 1348 '192

151 1393 194 1460 ἀν
216 1393 273 1478 ἕλῃ
296 1393 356 1458 τὸν
374 1390 556 1476 Ἀρίστωνα
578 1401 636 1475 τῆς
658 1391 880 1475 βουλεύσεως,
903 1394 939 1457 τί
958 1395 1063 1471 έσται;
1092 1391 1163 1472 ἐξα-

151 1502 368 1583 λειφθήσεται
386 1498 427 1581 νή
446 1500 525 1579 Δία,
546 1497 565 1563 ὀ
583 1494 615 1562 δ’
638 1496 955 1581 ἀντεγγραφήσεται·
978 1501 1080 1563 ταῦτα
1099 1499 1163 1582 γὰρ

152 1606 187 1671 ολ
206 1607 305 1689 νόμοι
327 1601 470 1686 λέγουσι.
507 1607 623 1679 καλῶς.
660 1601 770 1684 πότερ’
793 1597 856 1668 οὖν
879 1602 942 1668 ἀπὸ
965 1604 1085 1688 ταύτης
1105 1612 1164 1688 τής

151 1709 273 1795 ἡμέρας
296 1706 351 1775 ὁδὶ
372 1704 434 1794 μὲν
457 1701 695 1795 ὀφειλήσειτρῖ
720 1709 880 1796 δημοσίω,
904 1708 923 1774 ὀ
945 1707 1163 1793 ἐξαλειφθείς,

152 1816 276 1891 ἐκεῖνος
299 1811 330 1879 δ’
352 1813 499 1897 ἐπίτιμος
519 1816 620 1895 ἔσται,
644 1812 873 1899 ὀέγγραφείς;
897 1813 933 1879 έκ
950 1815 1014 1897 γάρ
1033 1810 1081 1880 ὧν
1098 1823 1164 1880 νῦν

152 1916 202 1985 ὅδ’
224 1920 320 2001 ἀξιοῖ,
343 1928 447 1985 ταῦτα
470 1922 659 2002 συμβαίνει·
682 1921 714 1984 εί
731 1920 795 2004 γδρ
814 1914 862 1986 ὅτ’
884 1918 1101 2005 ἐγγέγραπται
1118 1922 1163 2006 μή

152 2026 294 2109 ὀφείλει,
318 2024 453 2090 έπειδάν
476 2024 668 2109 ἐξαλειφθῇ,
692 2025 862 2110 ὀφειλήσει
885 2026 1049 2109 δηλονότι.
1088 2024 1160 2091 ἀλλ’

153 2132 215 2196 οὐκ
239 2133 309 2196 ἔστι
331 2126 422 2196 ταῦτ’
449 2129 509 2196 οὐκ
532 2133 638 2213 ἐστιν,
667 2126 738 2197 ἀλλ’
765 2131 845 2197 ὅταν
869 2130 1066 2216 ἐξαλειφθῇ,
1092 2129 1159 2196 τότ’

111 2236 214 2302 τιούκ
236 2236 415 2321 ὀφειλήσει
457 2235 583 2302 οὐκοῦν
604 2245 669 2302 νῦν
692 2236 827 2321 ὀφείλει.
867 2239 904 2302 τί
923 2231 971 2314 δ’;
996 2233 1038 2301 διν
1061 2237 1164 2303 αὐτὸν

153 2342 325 2428 ἀποφύγῃ,
352 2342 441 2426 παρὰ
468 2351 529 2408 τοῦ
555 2353 716 2426 κομιεῖται
743 2338 842 2408 ταῦθ’
869 2341 891 2425 ή
917 2344 1027 2424 πόλις,
1057 2341 1077 2407 ἀ
1100 2351 1166 2407 νῦν

153 2447 318 2526 οόκ·ἐξόν
344 2443 442 2525 οὗτος
468 2459 570 2526 ποιεῖς
603 2449 710 2512 πόθεν
738 2444 783 2530 δ’,
812 2439 863 2524 οἷς
889 2442 987 2524 οὗτος
1013 2447 1166 2512 θανάτου

152 2562 284 2637 τιμᾶται
311 2553 366 2620 καὶ
394 2555 520 2638 δεσμοῦ
545 2552 683 2636 περιιών
711 2551 761 2634 [ἐν
788 2562 834 2641 τῷ
867 2554 1099 2641 δικαστήρι’ω],
1132 2553 1166 2618 οί

153 2656 214 2745 μὲν
241 2661 300 2737 τάς
325 2661 447 2744 ψυχὰς,
475 2660 511 2724 ολ
536 2655 572 2724 δέ
598 2659 637 2724 τὸ
661 2659 706 2744 μή
730 2660 824 2724 δεινά
846 2658 1051 2724 πεπονθέναι
1072 2682 1164 2744 κομι-

155 2773 285 2844 οῦνται;
319 2757 345 2854 ᾧ
377 2767 441 2849 γάρ
472 2760 551 2830 οὐδὲ
578 2775 645 2829 τῶν
674 2770 756 2830 ἐσων
783 2760 863 2830 οὐδὲ
889 2775 957 2830 τῶν
984 2764 1164 2848 ἐγκυκλίων

155 2873 294 2937 δικαίων
317 2872 496 2955 μετουσίαν
520 2871 674 2936 διδόασιν
697 2870 733 2935 οί
751 2872 860 2954 νόμοι,
884 2865 982 2947 οὗτος
1001 2881 1069 2936 τῶν
1087 2871 1165 2954 ἀνή-

154 2977 281 3043 κέστων
304 2975 428 3060 ἑτέροις
450 2982 555 3052 αίτιος
577 2977 735 3059 γίγνεται,
759 2976 820 3040 οὐκ
843 2975 955 3059 ὀρθῶς
976 2974 1056 3043 οὐδὲ
1073 2982 1165 3043 πολι-

116 3103 141 3144 το
154 3095 252 3159 τικῶς
283 3080 359 3148 οὐδ’
392 3082 436 3158 ὡς
467 3080 638 3165 συμφέρει.
661 3079 869 3166 γιγνομένων
902 3083 1040 3148 τούτων.
1090 3079 1163 3148 ἀλλ’

157 3192 259 3270 ἔγωγε
277 3184 376 3252 ταῦθ’
399 3187 488 3271 ὁρῶν
506 3186 676 3272 θαυμάζω,
696 3188 734 3252 τὸ
752 3188 841 3252 τόίνω
859 3189 947 3254 κάτω
964 3195 1166 3272 γεγενῆσθαι

156 3297 191 3356 τί
211 3290 283 3357 ποτ’
307 3289 414 3357 οἴεσθ’
436 3289 531 3359 εἶναι.
568 3293 626 3358 ἐάν
648 3293 669 3377 ἡ
692 3302 734 3377 γή
757 3289 819 3378 μέν
841 3295 922 3378 ἀνω,
944 3295 986 3359 τά
1010 3288 1040 3360 δ’
1063 3295 1167 3378 ἀστρα

158 3397 244 3460 κάτω
267 3397 416 3480 γένηται;
441 3398 503 3464 οὐκ
524 3400 594 3463 έστι
614 3408 714 3464 τοῦτο
733 3400 902 3482 γενέσθαι,
926 3395 1009 3484 μηδὲ
1026 3399 1166 3483 γένοιτο.

160 3494 229 3562 ἀλλ’
263 3502 359 3581 ὅταν,
394 3495 444 3578 οἷς
475 3504 511 3569 ἐκ
541 3515 609 3571 τῶν
639 3508 753 3589 νόμων
785 3507 828 3590 μή
861 3506 1001 3588 ἔξεστιν,
1033 3505 1069 3571 ἐκ
1099 3517 1167 3571 τῶν
