2590 3900
181 170 246 235 286
491 175 574 230 XXV.
598 173 878 229 ΔΗΜΟΣΘΕΝΟΤΣ

181 331 202 397 ά
226 329 262 398 δὲ
285 330 340 398 καί
358 337 548 417 λογίζεσθαι
566 338 645 412 τοὺς
663 332 745 420 ὑπὲρ
764 337 891 413 πόλεως
908 332 963 400 καὶ
981 337 1095 420 νόμων
1114 339 1197 417 βου-
1291 419 1292 424 ¹

180 437 381 522 λευομένους
402 443 561 524 προσήκει
583 439 639 506 καὶ
662 447 861 508 σκοπεῖσθαι
884 442 950 524 δεί,
977 450 1082 507 ταῦτα
1104 465 1187 527 προ-
1199 454 1255 503 ‘174
1291 489 1292 492 .

179 546 474 629 ηρούμηνείπείν,
497 545 552 612 καὶ
575 555 639 611 νῦν
663 545 842 613 ἐπὶτοῦτο
865 547 1080 632 πορεύσομαι.
1117 549 1196 612 δότε
1291 599 1292 624 f

181 646 211 713 δ’
234 644 260 714 ὦ
284 650 403 736 ἄνδρες
420 648 594 736 Ἀθηναῖοι
612 653 689 718 δότε
707 652 762 719 καὶ
781 655 1016 739 συγχωρήσατε
1035 677 1092 738 μοι
1110 655 1197 736 πρὸς
1291 645 1292 714 f

179 757 278 839 Διός,
301 755 346 832 ὡς
367 755 499 842 πίφυκα
521 755 577 829 καί
599 757 805 844 προῄρημαι,
832 759 907 844 περὶ
932 760 1061 825 τούτων
1085 760 1196 825 διαλε-
1291 771 1292 850 }

178 866 303 946 ηθηναι
326 863 408 948 πρὸς
430 862 526 947 ὑμᾶς·
554 861 695 950 καὶγὰρ
719 861 792 929 οὐδ’
820 862 862 929 ἂν
886 865 994 942 άλλως
1017 866 1195 949 δυναίμην.
1291 853 1292 910 Ϊ

139 983 165 1023 ¹⁵
259 965 363 1046 ’Ἅπας
385 967 403 1034 ό
426 978 494 1033 τῶν
517 968 708 1053 ἀνθρώπων
731 973 804 1051 βίος
822 965 849 1035 ὦ
866 970 989 1054 ἄνδρες
1007 965 1194 1054 Ἀθηναῖοι,

178 1071 241 1138 κᾶν
264 1075 410 1159 μεγάλην
432 1076 530 1140 πόλιν
553 1075 668 1140 οἰκῶσι
691 1073 753 1140 κάν
776 1077 911 1161 μικράν,
936 1077 1036 1162 φύσει
1059 1074 1114 1141 καὶ
1137 1081 1194 1143 νό-

179 1203 253 1264 μοις
275 1180 455 1246 διοικεῖται.
491 1180 620 1246 τούτων
644 1177 674 1246 δ’
697 1181 717 1264 ἡ
741 1177 802 1265 μὲν
820 1181 922 1266 φύσις
941 1180 1030 1247 ἐστὶν
1050 1184 1194 1250 ἄτακτον
1291 1189 1292 1192 ’

178 1283 233 1350 καὶ
255 1282 325 1350 κατ’
352 1282 448 1369 ἄνδρ’
475 1285 564 1351 ίδιον
586 1295 648 1352 τού
670 1288 814 1370 ἔχοντος,
837 1288 874 1353 οί
894 1283 932 1354 δὲ
953 1291 1052 1372 νόμοι
1075 1292 1194 1355 κοινὸν

177 1388 233 1456 καί
255 1388 455 1475 τεταγμένον
477 1390 577 1457 ταύτὸ
601 1401 711 1458 πᾶσιν.
753 1392 774 1476 ἡ
797 1391 859 1478 μὲν
882 1387 945 1459 οὖν
967 1395 1081 1479 φύσις,
1104 1393 1147 1460 διν
1170 1387 1193 1482 ᾖ

177 1497 318 1582 πονηρὰ,
341 1497 498 1574 πολλάκις
521 1503 634 1582 φαῦλα
656 1499 824 1582 βούλεται·
848 1500 963 1584 διόπερ
984 1503 1063 1578 τούς
1081 1503 1192 1567 τοιού-

140 1619 164 1659 18
178 1625 256 1680 τους
277 1601 559 1687 ἐξαμαρτάνοντας
578 1603 741 1690 εὑρήσετε.
778 1605 814 1670 οί
829 1601 868 1672 δὲ
885 1607 984 1689 νόμοι
1001 1607 1039 1672 τὸ
1059 1608 1192 1673 δίκαιον

178 1707 233 1774 καί
259 1709 297 1775 τὸ
324 1710 427 1774 καλὸν
454 1707 510 1774 καὶ
532 1710 570 1774 τὸ
594 1708 768 1795 συμφέρον
790 1711 985 1796 βούλονται,
1012 1710 1190 1781 καὶτοῦτο

180 1817 326 1898 ζητοῦσι,
349 1813 405 1880 καὶ
428 1814 562 1880 ἐπειδὰν
584 1815 719 1902 εὑρεθῇ,
742 1819 859 1883 κοινὸν
881 1827 980 1884 τοῦτο
1003 1817 1186 1905 πρόσταγμ’

178 1920 369 2005 ἀπεδείχθη,
387 1929 489 1986 πᾶσιν
508 1927 584 1986 ίσον
601 1919 656 1987 καὶ
673 1921 801 2006 ὅμοιον,
819 1921 875 1988 καὶ
889 1918 978 1990 τοῦτ’
995 1927 1062 1990 ἔστι
1078 1928 1190 2010 νόμος.

178 2017 204 2114 ᾧ
226 2027 351 2103 πάντας
373 2030 552 2092 πείθεσθαι
573 2030 733 2112 προσήκει
756 2029 812 2094 διὰ
833 2031 952 2114 πολλὰ,
974 2029 1029 2095 καὶ
1048 2029 1186 2114 μάλισθ’

178 2132 228 2198 ότι
246 2142 310 2210 πᾶς
327 2133 397 2198 ἐστι
414 2135 517 2216 νόμος
534 2132 661 2218 εὕρημα
679 2129 741 2217 μὲν
759 2132 814 2199 καὶ
834 2137 945 2219 δωρον
958 2141 1061 2218 θεῶν,
1082 2138 1190 2223 δόγμα

177 2237 208 2304 δ’
231 2238 421 2322 ἀνθρώπων
442 2241 628 2323 φρονίμων,
651 2239 882 2324 ἐπανόρθωσις
900 2237 937 2306 δὲ
955 2244 1189 2328 πλημμελημά-

176 2369 244 2411 των
261 2356 329 2410 των
347 2346 395 2422 είς
412 2344 592 2429 ἀμφότερα,
611 2346 738 2422 πόλεως
756 2340 794 2411 δὲ
812 2349 965 2431 συνθήκη
979 2351 1087 2431 κοινή,
1107 2346 1185 2414 καθ’

137 2469 162 2510 ιι
176 2451 219 2534 ἣν
242 2459 323 2518 πᾶσι
344 2453 502 2536 προσήκει
527 2452 584 2533 ζῆν
606 2461 675 2527 τοῖς
698 2450 735 2516 ἐν
752 2461 792 2536 τῇ
810 2454 913 2518 πόλει.
950 2453 1034 2518 άλλδ
1052 2455 1119 2538 μὴν
1137 2455 1189 2520 ὅτι

176 2566 241 2623 νῦν
256 2553 503 2643 Ἀριστογείτων
521 2568 591 2634 τοῖς
608 2553 670 2641 μὲν
687 2565 745 2640 τῆς
763 2557 931 2638 ἐνδείξεως
950 2560 1092 2636 δικαίοις
1106 2561 1188 2626 δίπα·

177 2681 232 2730 σιν
260 2663 403 2748 ἥλωκεν,
435 2663 546 2749 ἕτερος
573 2661 603 2728 δ’
635 2659 714 2728 οὐδὲ
742 2656 789 2741 εἷς
816 2666 907 2730 ἔστιν
935 2665 1070 2743 ἀνεκτὸς
1097 2667 1187 2754 αὐτῷ

176 2773 285 2854 λόγος,
308 2766 534 2854 περὶτούτων
556 2765 675 2856 ῥᾴδιον
699 2769 837 2849 διδάξαι.
875 2772 974 2836 δυοίν
990 2773 1054 2855 γδρ
1073 2773 1188 2838 ὄντοιν

176 2871 203 2942 ὦ
226 2876 346 2959 ἄνδρες
364 2869 548 2960 Ἀθηναῖοι,
571 2870 619 2941 ὧν
643 2875 751 2940 είνεκα
769 2876 890 2953 πάντες
908 2876 944 2941 οί
959 2879 1057 2962 νόμοι
1075 2882 1187 2944 τίθεν-

175 3005 240 3066 ται,
260 2991 321 3048 τού
339 3004 374 3049 τε
392 2979 519 3065 μηδένα
538 2977 641 3066 μηδὲν
661 2980 678 3046 ὃ
698 2983 743 3066 μὴ
763 2983 892 3048 δίκαιόν
911 2982 981 3048 ἐστι
993 2994 1113 3068 ποιεῖν,
1130 2982 1187 3050 καὶ

175 3097 236 3154 τοῦ
258 3091 336 3165 τοὺς
358 3091 625 3173 παραβαίνοντας
647 3096 750 3153 ταῦτα
772 3088 1013 3173 κολαζομένους
1035 3091 1187 3172 βελτίους

175 3197 254 3272 τούς
280 3195 401 3271 ἄλλους
424 3203 549 3276 ποιεῖν,
578 3192 777 3278 ἀμφοτέροις
798 3195 930 3272 τούτοις
952 3188 1049 3272 οὗτος
1072 3198 1187 3280 ἔνοχος

176 3300 223 3366 ὢν
247 3303 438 3384 φανήσεται.
476 3297 529 3365 ἐπὶ
552 3295 612 3384 μὲν
635 3301 698 3384 γὰρ
722 3291 772 3377 οἷς
793 3298 826 3378 ἐξ
845 3299 946 3386 ἀρχῆς
962 3300 1089 3386 παρέβη
1108 3304 1186 3380 τοὺς

175 3407 309 3490 νόμους,
332 3407 373 3470 τὰ
391 3403 553 3491 ὀφλήματ’
571 3406 659 3494 αὐτῷ
678 3405 829 3490 γέγονεν·
853 3406 906 3473 ἐπὶ
926 3406 956 3472 δ’
974 3398 1025 3484 οἷς
1044 3407 1105 3474 οὐκ
1121 3408 1175 3493 ἐμ-
1186 3421 1242 3472 '1⁵15

177 3509 267 3586 με’νει
285 3512 425 3594 τούτοις,
444 3521 508 3577 νῦν
527 3509 580 3578 ἐπὶ
598 3513 659 3597 τὴν
677 3510 754 3598 παρ’
772 3513 866 3597 ὑμῶν
884 3513 996 3597 άγεται
1012 3517 1184 3599 τιμωρίαν,
