2590 3900
171 153 237 218 282
481 157 565 209 xxv.
588 155 869 210 σεωτουοκαονα

171 317 301 399 ὀφείλειν
323 317 444 400 όφλημα
467 325 506 406 τῷ
528 321 669 407 δημοσίῳ.
705 319 779 402 πρὸς
797 313 877 382 τοῦτ’
896 314 1113 402 Ἀριστογείτων
1131 317 1184 382 διν-

171 417 350 497 θιστάμενος
373 414 467 495 φησίν
490 414 599 488 ἀδίκως
619 415 830 498 ἐγγεγράφθαι,
853 416 904 479 καὶ
922 415 971 478 διὰ
989 426 1076 479 τούτο
1097 417 1185 496 δίκην

171 519 268 594 λαχεῖν
289 508 441 595 Ἀρίστωνι
468 518 506 597 τῷ
533 511 721 594 έγγράψαντι.
767 512 968 594 Δημοσθένης
992 511 1024 575 δὲ
1045 513 1096 575 καί
1119 519 1186 575 Λυ-

172 621 298 694 κούργος
321 609 387 692 περί
410 607 465 690 μλν
486 620 539 672 τού
563 611 681 672 δικαίαν
703 609 723 692 ή
746 611 786 692 μή
809 617 987 693 γεγενῆσθαι
1009 610 1064 689 τήν
1082 611 1186 693 ἐγγρα-

172 708 236 787 φήν
259 704 349 771 οὐδέν
371 705 499 789 λέγουσι,
521 706 596 786 φασί
620 702 648 768 δ’
674 707 767 788 ,ὅταν
790 707 839 796 ἕλη
858 707 911 770 τόν
931 702 1101 790 Ἀρίστωνα,
1124 703 1185 770 τότ’

169 800 386 887 Ἀριστογείτων
413 801 467 884 μέν
494 802 751 886 ἐξαλειφθήσεται,
777 803 889 880 ἐκεῖνος
918 799 947 866 δ’
974 804 1188 888 ἐγγραφήσεται

171 901 245 965 κοτδι
267 901 319 964 τὸν
342 901 450 980 νόμον·
472 900 544 982 πρὶν
567 897 599 962 δέ
621 907 765 982 κρνθήναι
784 901 817 964 τό
835 912 965 985 πρᾶγμα,
988 900 1026 965 οὑ
1044 902 1189 985 προσήκει

172 996 265 1080 λέγειν
292 995 343 1059 τὸν
369 997 441 1077 τάχα
468 997 589 1071 δικαίως
616 996 849 1081 ἐγγεγραμμένον
876 997 926 1060 καί
952 999 1073 1078 ψευδῶς
1100 999 1188 1081 έγκα-

146 1099 281 1156 ελούντα
303 1099 342 1179 τῷ
362 1087 543 1174 Ἀρίστωνι“.
580 1091 743 1175 ταῦταμὲν
762 1094 800 1174 δή
817 1094 854 1157 τὰ
873 1095 1020 1175 ζητήματα
1039 1104 1092 1176 τής
1110 1094 1188 1156 ὑπο-

172 1191 293 1265 θέσεως.
328 1189 521 1272 ένηγάνισται
544 1185 574 1252 δ’
599 1191 700 1266 αὑτοῖς
724 1189 740 1254 6
763 1197 953 1275 Λυκοῦργος,
974 1192 1024 1254 άτε
1046 1192 1188 1275 πρότερος

173 1288 277 1371 λέγων·
308 1294 349 1374 τῷ
377 1286 566 1368 Δημοσθένει
594 1286 626 1350 δὲ
652 1287 720 1370 περὶ
746 1285 801 1369 μέν
827 1290 941 1352 τούτων
966 1290 1078 1372 βραχύς
1104 1289 1188 1352 πάνυ

173 1386 258 1468 λόγος
290 1384 411 1468 γέγονεν
440 1383 480 1458 ὡς
506 1383 765 1466 προειλημμένων,
797 1382 813 1447 6
842 1379 870 1446 δ’
895 1385 963 1460 δλος
992 1385 1073 1474 αὑτῷ
1101 1385 1188 1467 λόγος

173 1493 226 1546 τοῦ
246 1477 491 1565 Ἀριστογείτονος
518 1482 588 1563 βίου
610 1480 791 1563 κατηγορίαν
812 1479 945 1562 περιέχει

147 1592 159 1633 ί
262 1580 422 1652 Διονύσιος
442 1573 469 1640 δ’
492 1575 507 1640 6
527 1575 771 1661 Ἀλικαρνασσεὺς
790 1576 828 1640 ού
847 1576 958 1659 δέχεται
974 1581 1098 1654 τούτους
1114 1580 1188 1654 τοὺς

173 1677 279 1759 λόγους
301 1673 519 1756 Δημοσθένους
542 1669 630 1755 εἶναι,
651 1673 685 1738 έκ
707 1683 759 1754 τής
783 1672 863 1747 ίδέας
886 1675 1121 1758 τεκμαιρόμενος.
1157 1677 1193 1740 σί

174 1773 207 1836 δέ
229 1792 321 1852 φασιν
343 1772 477 1852 ἐπίτηδες
499 1771 552 1834 τόν
570 1772 680 1855 ῥήτορα
697 1772 820 1858 τοιούτῳ
839 1781 998 1854 χαρακτῆρι
1014 1781 1187 1854 κεχρῆσθαι,

174 1870 343 1949 ζηλώσαντα
364 1875 545 1952 Λυκοῦργον
573 1869 788 1950 εὐδοκιμοῦντα
814 1868 896 1950 παρὰ
922 1875 984 1942 τοῖς
1004 1863 1188 1949 Ἀθηναίοις.

174 1968 206 2029 οί
226 1962 268 2046 δ’,
290 1965 390 2045 ἐπειδή
413 1966 487 2028 κατὰ
509 1966 561 2029 τόν
584 1977 636 2046 τῆς
654 1963 769 2045 ἡλικίας
787 1965 895 2047 χρόνον
913 1965 968 2045 τήν
985 1967 1187 2048 τερατολογίαν

173 2062 258 2144 ἔλαβε
278 2069 456 2144 Λυκοῦργος
479 2061 530 2124 καὶ
551 2074 624 2126 πᾶσι
646 2070 708 2137 τοῖς
730 2062 902 2141 κεφαλαίοις
925 2061 1187 2144 αύτδςέχρήσατο,

172 2157 188 2221 6
211 2157 412 2239 Δημοσθένης
439 2157 617 2241 ἠναγκάσθη
646 2159 750 2223 λοιπὸν
773 2159 1014 2241 φιλοσοφώτερον
1037 2165 1188 2240 μετελθεῖν

169 2256 221 2318 καί
244 2257 427 2338 περιοδικῶς.
463 2253 546 2318 άλλοι
570 2255 601 2319 δὲ
624 2257 676 2319 τὸν
699 2255 753 2338 μέν
771 2257 915 2339 πρότερον
934 2255 1067 2338 δέχονται
1085 2261 1187 2337 Δημο-

171 2353 301 2426 σθένους
320 2347 407 2433 είναι,
425 2352 477 2414 τδν
496 2350 528 2415 δέ
547 2354 685 2436 δεύτερον
704 2353 854 2435 οὐδαμῶς,
872 2350 962 2416 ούδὲν
977 2351 1061 2428 άξιον
1075 2352 1243 2436 έχονταλλο

173 2461 224 2514 τοῦ
248 2450 381 2532 ῥήτορος.

264 2641 375 2707 Πάλαι
401 2643 591 2727 καθήμενος
619 2638 645 2708 ὦ
673 2643 793 2727 ἄνδρες
819 2643 985 2724 δικασταί,
1013 2639 1069 2707 καλ
1090 2665 1189 2726 κατη-

173 2757 357 2832 γοροῦντος
383 2747 530 2830 άκούων,
560 2749 668 2832 ὥσπερ
690 2747 795 2832 ὑμεῖς,
819 2749 1035 2834 Λυκούργου,
1063 2749 1104 2812 τά
1127 2745 1189 2832 μὲν

175 2855 258 2919 άλλα
285 2858 393 2930 καλῶς
421 2853 524 2920 αὑτὸν
546 2854 698 2939 ἡγούμην
721 2853 845 2938 λέγειν,
874 2855 912 2919 ἓν
936 2850 972 2919 δέ
994 2855 1190 2938 τεθαύμακα

175 2959 264 3044 ὁρῶν
281 2959 627 3045 ὑπερδιατεινόμενον,
647 2961 678 3026 εί
695 2959 811 3043 άγνοεί
827 2957 923 3025 τοῦθ’
942 2959 993 3025 ότι
1010 2961 1085 3025 ούτε
1099 2962 1189 3043 παρὰ

175 3069 253 3142 τοὺς
280 3061 339 3150 ὑφ’
367 3064 487 3131 ἑαυτοῦ
514 3068 635 3148 λόγους
662 3064 871 3151 εἰρημένους,
901 3066 977 3130 ούτε
999 3066 1088 3151 παρὰ
1111 3069 1189 3144 τοὺς

175 3171 230 3236 ὑπ’
252 3170 334 3255 ἐμοῦ
357 3170 537 3255 μέλλοντας
561 3172 782 3256 ῥηθήσεσθαι,
806 3173 846 3237 τά
868 3169 1003 3237 τουτουί
1024 3182 1084 3238 τοῦ
1104 3171 1189 3256 άγῶ-

175 3279 233 3352 νός
265 3275 334 3342 ἐστι
367 3274 466 3342 δίκαι’
498 3277 631 3362 ίσχυρά,
669 3273 739 3343 ἀλλ’
776 3278 820 3354 ὡς
854 3276 896 3342 δν
927 3276 1063 3356 ἕκαστος
1093 3279 1189 3365 ὑμῶν

176 3384 232 3465 ἔχη
260 3383 342 3464 πρὸς
368 3384 406 3446 τὸ
434 3381 455 3466 ή
484 3383 714 3467 δυσχεραίνειν
741 3383 761 3468 ή
789 3387 988 3468 προσίεσθαι
1014 3389 1188 3468 πονηρίαν.

150 3483 231 3549 ικαὶ
263 3484 359 3570 ἔγωγ’
391 3487 615 3572 ὑπολαμβάνω
648 3489 710 3572 τὴν
742 3486 803 3574 μέν
834 3493 1036 3573 κατηγορίαν
1069 3489 1123 3556 καί
1150 3493 1187 3557 τὸ
