2614 3904
510 129 608 190 ΠΡΟΣ
627 137 826 192 ΦΟΡΜῙΩΝΑ.
1106 131 1171 200 407

163 319 219 373 τος
249 307 310 363 τοῦ
339 298 513 381 Λάμπιδος
544 296 760 380 ἀπειληφέναι
789 298 826 361 τὸ
853 299 1008 382 χρυσίον,
1023 287 1026 296 ⁴
1041 293 1099 380 ὑφ’
1131 290 1173 360 οὗ

155 404 301 485 ’ἔμελλον
323 401 629 486 ἐξελεγχθήσεσθαι.

122 527 147 566 1⁷
243 506 315 572 Ἔτι
330 505 360 573 δ’
378 503 539 594 ὧάνδρες
549 504 721 590 Ἀθηναῖοι
735 505 867 572 κάκεῖνο
882 505 1063 584 σκέψασθε·
1078 504 1173 572 αὐτοὶ

162 615 226 696 γὰρ
250 608 342 678 οὗτοι
364 614 588 698 παραγραφὴν
612 614 761 689 διδόντες
783 611 935 695 πέρυσιν,
959 613 1020 678 οὐκ
1039 612 1174 696 ἐτόλμη-

156 736 227 783 σαν
246 719 283 785 ἐν
300 728 339 804 τή
358 728 558 804 παραγραφῇ
578 719 702 803 γράψαι
721 719 765 795 ὡς
779 718 1009 784 ἀποδεδώκασι
1023 718 1173 801 Λάμπιδι

162 826 200 890 τὸ
223 829 371 909 χρυσίον.
416 827 475 890 καί
493 847 548 908 μοι
573 821 653 907 λαβὲ
676 824 780 907 αὐτήν
803 825 864 907 τήν
887 825 1120 910 παραγραφήν.

553 1033 782 1089 ΠΑΡΑΓΡΑΦΗ.

247 1137 397 1206 ’Λιιούετε
420 1137 446 1208 ὦ
470 1142 590 1226 ἄνδρες
609 1139 794 1225 Ἀθηναῖοι,
817 1141 868 1206 ὅτι
887 1142 1038 1226 οὐδαμοῦ
1055 1139 1173 1224 γέγρα-

161 1267 240 1312 πται
263 1246 300 1312 ἐν
321 1255 361 1332 πή
379 1257 579 1332 παραγραφή
599 1247 643 1323 ὡς
661 1246 850 1312 ἀποδέδωκε
869 1247 906 1312 τὸ
925 1251 1064 1332 χρυσίον
1086 1251 1173 1324 Φορ-

155 1357 249 1436 ’μίων
273 1353 435 1436 Λάμπιδι,
452 1351 519 1418 Ικαὶ
545 1347 636 1418 ταῦτ’
663 1351 744 1436 ἐμοῦ
773 1353 958 1437 διαρρήδην
985 1354 1173 1436 γράψαντος

161 1459 211 1534 είς
227 1459 265 1523 τὸ
283 1460 428 1541 ἔγκλημα
446 1457 464 1523 ὃ
483 1452 639 1540 ἠκούσατ’
662 1457 791 1542 ἀρτίως,
813 1458 863 1523 ὅτι
882 1459 957 1523 ούτε
975 1461 1016 1523 τδι
1033 1451 1170 1543 χρήματ’

162 1567 297 1629 ἔνθοιτο
321 1565 368 1640 είς
390 1565 451 1647 τήν
473 1573 558 1628 ναῦν
583 1558 654 1628 οὔτ’
681 1562 829 1628 ἀπέδωκε
851 1565 889 1628 τὸ
912 1567 1061 1648 χρυσίον.
1099 1567 1173 1628 τίνα

161 1664 226 1735 οὖν
254 1670 356 1736 άλλον
384 1669 446 1754 χρή
470 1669 659 1755 περιμένειν
681 1669 766 1753 ὑμᾶς
790 1671 954 1754 μάρτυρα,
982 1669 1063 1734 ὅταν
1085 1675 1174 1752 τηλι-

163 1777 288 1859 καύτην
310 1779 496 1860 μαρτυρίαν
518 1772 595 1860 παρ’
620 1774 730 1840 αὐτῶν
753 1777 882 1840 τούτων
906 1779 1013 1858 ἕχητε;

122 1901 150 1942 18
252 1881 452 1964 Μελλούσης
474 1878 512 1945 δέ
534 1890 592 1964 τῆς
615 1882 709 1963 δίκης
731 1878 868 1946 εἰσιέναι
891 1881 938 1956 είς
960 1882 998 1945 τὸ
1022 1882 1173 1966 δικαστή-

164 2011 254 2074 ριον,
277 1987 409 2054 ἐδέοντο
432 1987 525 2071 ήμῶν
549 1984 720 2070 ἐπιτρέψαι
743 1990 825 2050 τινί·
854 1984 909 2050 καὶ
931 1985 1024 2069 ἡμεῖς
1047 1985 1173 2070 ἐπετρέ-

163 2105 272 2177 ψαμεν
289 2095 441 2181 Θεοδότῳ
462 2095 604 2158 ἰσοτελεῖ
619 2093 702 2157 κατά
720 2094 900 2175 συνθήκας.
933 2090 988 2157 καὶ
1006 2091 1024 2156 ὁ
1043 2092 1175 2176 Λάμπις

163 2202 244 2284 μετά
265 2209 367 2264 ταῦτα
390 2201 529 2282 νομίσας
544 2198 640 2286 αὐτῷ
664 2195 811 2281 ἀσφαλὲς
833 2199 897 2280 ήδη
920 2193 1006 2262 εἶναι
1024 2199 1107 2282 πρὸς
1125 2200 1175 2263 δι-

163 2314 277 2390 αιτητή
301 2315 480 2389 μαρτυρεῖν
503 2305 522 2369 ὅ
544 2326 580 2369 τι
599 2305 765 2388 βούλοιτο,
788 2303 1007 2388 μερισάμενος
1028 2306 1066 2368 τὸ
1086 2303 1227 2388 ἐμὸνθιε

163 2415 304 2496 χρυσίον
325 2411 406 2494 μετά
431 2412 628 2493 Φορμίωνος
650 2412 796 2493 τουτουί,
820 2409 995 2494 ἐμαρτύρει
1017 2409 1175 2474 τάναντία

124 2511 215 2595 ιθόἷς
236 2519 398 2603 πρότερον
423 2518 554 2600 είρήιιει.
600 2515 727 2600 οὐγὰρ
751 2516 868 2599 ὅμοιόν
891 2514 982 2581 ἐστιν
1006 2511 1032 2580 ὦ
1055 2517 1175 2601 άνδρες

160 2623 345 2707 Ἀθηναῖοι,
360 2621 456 2698 είςτά
466 2619 606 2705 ὑμέτερα
622 2623 782 2705 πρόσωπα
797 2619 1000 2704 ἐμβλέποντα
1013 2623 1054 2686 τά
1067 2623 1174 2706 ψευδή

164 2739 344 2814 μαρτυρεῖν
367 2725 422 2792 καὶ
445 2728 527 2808 πρὸς
548 2726 710 2811 διαιτητῇ·
733 2723 809 2811 παρ’
832 2726 913 2812 ὑμῖν
931 2723 992 2811 μέν
1010 2730 1073 2813 γάρ
1092 2729 1174 2814 ὀργή

163 2835 289 2920 μεγάλη
316 2832 371 2898 καὶ
398 2835 538 2916 τιμωρία
565 2829 735 2896 ὑπόκειται
761 2843 831 2909 τοῖς
857 2833 898 2897 τά
924 2834 1030 2915 ψευδῆ
1053 2857 1173 2919 μαρτυ-

163 2951 277 3027 ροῦσι,
303 2941 385 3025 πρὸς
408 2935 446 3004 δὲ
467 2946 514 3025 τῷ
538 2939 688 3023 διαιτητή
712 2937 898 3015 ἀκινδύνως
921 2937 976 3003 καλ
999 2938 1176 3024 άναισχύν-

53 3061 55 3068 ’
162 3071 227 3125 τως
254 3054 480 3132 μαρτυροῦσιν
509 3043 583 3108 ὅτι
606 3041 647 3108 δν
671 3039 885 3127 βούλωνται.’
911 3043 1175 3127 ἀγανακτοῦντος
1299 3081 1300 3086 1

165 3153 204 3221 δέ
229 3177 294 3237 μου
320 3151 375 3217 καλ
404 3149 648 3234 σχετλιάζοντος
675 3145 700 3214 ὦ
724 3151 844 3234 ἄνδρες
863 3147 1036 3233 Ἀθηναῖοι
1059 3150 1112 3216 ἐπὶ
1135 3161 1174 3236 πή

122 3277 150 3319 ιο
163 3264 266 3346 τόλμη
289 3267 351 3324 τοῦ
369 3257 554 3341 Λάμπιδος,
576 3254 630 3321 καὶ
654 3255 882 3340 παρεχομένου
904 3259 987 3341 πρὸς
1008 3258 1067 3320 τὸν
1091 3259 1175 3321 διαι-

163 3369 264 3450 τητήν
286 3365 347 3448 τήν
371 3363 476 3446 αὐτὴν
500 3364 685 3447 μαρτυρίαν
707 3363 814 3446 ήνπερ
834 3359 889 3426 καὶ
907 3370 972 3426 νῦν
990 3363 1071 3444 πρὸς
1089 3362 1175 3444 ὑμᾶς

161 3471 360 3557 παρέχομαι,
393 3479 461 3533 τῶν
493 3467 526 3545 ἐξ
559 3467 661 3551 ἀρχῆς
691 3469 950 3551 προσελθόντων
978 3465 1065 3550 αὐτῷ
1094 3463 1171 3548 μεθ’
1299 3493 1300 3520 ι

1222 3775 1300 3834 Α
