2938 4180
261 185 327 250 212
563 188 663 240 xxm.
685 185 965 240 ιωιοεοεειοτα

260 347 472 432 πραττόντων
493 345 638 430 τοσαὺτη
657 347 832 431 περιουσία
851 345 982 428 [ἐστίν],
1005 345 1088 411 ὥστε
1106 341 1195 422 τινές
1213 341 1274 429 μέν

259 450 372 517 αὐτῶν
403 455 537 517 πολλῶν
569 452 738 536 δημοσίων
771 451 1045 537 οἰκοδομημάτων
1076 449 1275 536 σεμνοτέρας

259 558 318 633 τὰς
345 557 433 634 ἰδίας
459 558 736 623 κατεσκευάκασιν
763 559 884 640 οἰκίας,
911 565 977 641 χήν
1004 553 1035 623 δ’
1061 559 1147 623 ἰνιοι
1171 560 1272 624 πλείω

259 663 394 728 πάντων
425 662 520 747 ὑμῶν
552 674 619 729 τῶν
650 662 688 730 ἐν
718 672 764 753 τῷ
797 664 998 752 δικαστηρίῳ
1031 664 1273 748 συνεώνηνται·

261 769 405 856 δημοσία
433 763 464 834 δ’
489 769 584 854 ὑμεῖς
611 768 632 835 δ
658 766 720 854 μὲν
748 771 950 854 οἰκοδομεῖτε
977 768 1033 836 καὶ
1054 765 1202 852 κονιᾶθ’,
1229 768 1275 846 ὡς

259 875 360 960 μικρά
382 871 438 939 καί
460 877 610 960 γλίσχρα,
634 875 774 961 αἰσχὺνη
798 874 915 958 λέγειν.
961 872 1034 941 ἀλλ’
1060 871 1142 961 ἔχετ’
1168 876 1274 940 εἰπεῖν

259 978 279 1045 ό
296 1001 329 1045 τι
347 988 445 1066 κοινή
462 982 661 1065 κτησάμενοι
678 985 901 1065 καταλείψετε,
921 981 1032 1068 ὥσπερ
1052 981 1173 1048 ἐκείνοι
1192 984 1275 1064 Kep-

259 1086 407 1171 ρόνησον
431 1081 630 1172 Ἀμφίπολιν
658 1087 760 1166 δόξαν
787 1090 895 1173 ἐργων
922 1093 1048 1168 καλῶυς
1075 1088 1120 1172 ἣν
1147 1087 1183 1153 οἰ
1206 1110 1273 1152 τοι·

260 1200 353 1258 οῦτοι
379 1197 512 1258 πολῖται
538 1187 636 1259 πάντ’
662 1193 896 1271 ἀναλίσκοντες
917 1197 1044 1276 τρόπον
1066 1194 1128 1278 οὐχ
1152 1184 1269 1260 οἷοίτ’

206 1315 246 1358 τοο
260 1295 346 1363 εἰσίν
370 1297 532 1382 ἀφανίσαι
552 1294 578 1364 ὑ
598 1300 718 1383 ἀνδρες
732 1295 913 1382 Ἀθηναῖοι.
950 1302 1097 1376 εἰκότως·
1120 1302 1193 1366 τότε
1210 1295 1274 1383 μὲν

259 1404 323 1486 γάρ
345 1412 391 1492 τῷ
414 1408 519 1494 κυρίφ
542 1416 610 1470 τῶν
633 1408 750 1488 φόρων
771 1404 940 1494 χενομένφ
962 1406 1057 1486 τάξαι
1075 1403 1273 1491 Ἀριστείδη,

260 1503 340 1572 οὑδὲ
367 1517 426 1596 μιᾷ
455 1511 583 1596 δραχμῇ
606 1515 707 1576 πλείω
730 1511 771 1575 τά
793 1505 981 1597 ὑπάρχονθ’
1007 1510 1151 1596 ἐγένετο,
1180 1511 1329 1577 ἀλλάσεο

258 1610 315 1678 καί
341 1612 570 1700 τελευτήσαντ’
596 1615 700 1682 αὑτὸν
726 1619 854 1694 ἔθαψεν
879 1615 901 1701 ή
928 1620 1036 1694 πόλις·
1066 1617 1147 1702 ὑμῖν
1170 1614 1215 1699 δ’,
1242 1623 1278 1682 εἰ

259 1740 292 1784 τι
320 1717 471 1802 δέοισθε,
498 1716 643 1805 χρήμαθ’
669 1719 794 1805 ὑπῆρχε
822 1731 917 1807 κοινή
942 1726 1078 1788 πλείστα
1100 1733 1168 1787 τῶν
1190 1723 1274 1788 πάν-

258 1846 325 1890 των
344 1819 523 1908 Ἑλλήνων,
547 1818 633 1890 ὥσθ’
654 1823 780 1892 ὁπόσου
803 1829 928 1912 χρόνου
949 1830 1159 1911 ψηφίσαισθε
1179 1826 1273 1909 [5525-

258 1930 341 2012 ναι],
358 1929 523 1995 τοσούτου
541 1930 667 2013 μισθὸν
685 1931 815 2014 ἔχοντες
834 1930 932 2016 ἐξῇτε.
964 1940 1030 2000 νῦν
1049 1926 1080 1997 δ’
1102 1933 1138 1998 οἰ
1152 1929 1213 2017 μὲν
1231 1933 1275 1998 τά

258 2035 355 2101 κοινά
379 2036 582 2112 διοικοῦντες
605 2035 640 2101 ἐκ
663 2048 802 2120 πτωχῶν
821 2038 960 2121 εὔποροι
978 2036 1033 2104 καί
1051 2043 1177 2105 πολλοῦ
1196 2042 1273 2123 χρό·

258 2163 323 2206 νου
340 2142 471 2227 τροφήν
489 2143 646 2226 άφθονόν
665 2144 751 2208 εἰσιν
768 2142 1017 2228 ἡτοιμασμένοι·
1038 2144 1118 2229 ὑμῖν
1137 2142 1167 2209 δ’
1192 2141 1274 2210 οὐδὲ

258 2255 336 2332 μιᾶς
362 2245 484 2331 ἡμέρας
510 2241 619 2331 ἐφόδι’
645 2245 735 2314 ἐστὶν
758 2248 796 2314 ἐν
817 2257 862 2337 τῷ
886 2257 1004 2338 κοινῷ,
1032 2244 1104 2316 ἀλλ’
1131 2251 1197 2334 ἅμα
1221 2252 1277 2316 δεί

258 2376 292 2420 τι
308 2364 428 2436 ποιεῖν,
451 2352 506 2418 καὶ
524 2356 642 2436 πόθεν,
665 2352 726 2419 οὑκ
744 2356 841 2438 ἔχετε.
877 2357 950 2421 τότε
968 2352 1031 2439 μὶν
1048 2356 1112 2439 γάρ
1131 2355 1149 2421 δ
1169 2356 1274 2440 δῆμος

257 2453 302 2542 ἦν
334 2459 494 2542 δεσπότης
525 2470 592 2524 τῶν
624 2458 905 2544 πολιτευομένων,
937 2470 1003 2526 νῦν
1035 2455 1066 2527 δ’
1097 2460 1274 2545 ὑπηρέτης.

206 2584 247 2626 no
260 2569 361 2630 αἰτιοι
388 2562 418 2630 δ’
446 2566 482 2631 οἰ
503 2564 545 2630 τά
572 2573 708 2631 τοιαῦτα
734 2566 935 2650 γράφοντες,
962 2563 1018 2632 καί
1040 2569 1275 2645 συνεθίζοντες

259 2669 344 2755 ὑμᾶς
374 2670 469 2753 ὑμῶν
501 2664 563 2754 μέν
594 2669 705 2734 αὐτῶν
736 2682 975 2756 καταφρονείν,
1007 2671 1066 2738 ἕνα
1098 2669 1128 2737 δ’
1159 2672 1180 2756 ή
1208 2674 1274 2739 δύο

258 2777 442 2860 θαυμάζειν
469 2775 678 2860 ἀνθρώπους.
724 2772 790 2841 εἴθ’
820 2771 914 2844 οὗτοι
940 2782 1187 2862 κληρονομοῦσι
1214 2787 1276 2862 τής

261 2880 445 2966 [ὑμετέρας]
470 2880 568 2965 δόξης
590 2878 644 2946 καὶ
666 2892 734 2946 τῶν
757 2880 907 2964 ἀγαθῶν,
931 2882 1026 2967 ὑμεῖς
1049 2880 1079 2948 δ’
1108 2877 1180 2949 οὐδ’
1204 2884 1276 2950 δτι-

260 2997 323 3053 οῦν
355 2984 544 3070 ἀπολαύετ’,
577 2987 661 3051 ἀλλά
692 2985 855 3071 μάρτυρές
882 2985 948 3052 ἐστ’
980 2988 1164 3074 ἀλλοτρίων
1192 2990 1276 3073 ἀγα·

258 3101 350 3178 θῶν,
377 3093 517 3169 οὐδενὸς
545 3093 675 3174 [ἀλλον]
700 3091 889 3176 μετέχοντες
911 3092 932 3177 ή
955 3105 1016 3161 τοῦ
1039 3094 1273 3174 ἐξαπατᾶσθαι.

259 3203 367 3267 καίτοι
393 3202 535 3282 πηλίκον
559 3201 594 3263 τί
613 3195 685 3263 ποτ’
712 3196 754 3262 διν
777 3198 969 3277 στενάξειαν
993 3202 1029 3265 οἰ
1048 3202 1168 3286 ἀνδρες
1190 3200 1276 3268 ε’κεθ-

260 3329 330 3387 νοι,
354 3305 389 3370 οἰ
409 3301 492 3388 ὑπὲρ
516 3303 613 3387 δόξης
636 3301 691 3368 καὶ
714 3303 905 3389 ἐλευθερίας
926 3309 1193 3390 τελευτήσαντες,
1217 3305 1276 3374 καὶ

262 3413 394 3475 πολλῶν
426 3407 481 3475 καί
508 3413 618 3474 καλῶν
647 3411 754 3494 ἐργων
780 3409 999 3494 ὑπομνήματα
1026 3417 1276 3498 καταλιπόντες,

263 3516 294 3575 εἰ
315 3511 367 3590 ἀρ’
391 3519 576 3598 αἰσθοιντο,
599 3515 649 3580 ὅτι
671 3523 736 3579 νῦν
759 3514 779 3597 ή
800 3517 895 3591 πόλις
913 3517 960 3592 εἰς
978 3515 1144 3602 ὑπηρέτου
1163 3528 1277 3604 σχῆμα
