2616 3910
144 133 211 198 462
429 134 566 188 XXXVII.
588 132 866 188 ΔΗΜΟΣΘΕΝΟΤΣ

555 329 742 382 Ermum,

234 437 294 501 Καί
316 441 566 522 κατεργασάμενος
589 439 644 518 τὴν
666 437 830 520 ἀργυρῖτιν,
851 435 891 518 ἡν
914 438 946 501 οῖ
962 435 1028 518 ἐμοί
1046 434 1166 499 οἰκέται
1288 443 1289 500 λ

188 534 365 618 ἠργάσαντο,
386 536 436 598 καί
459 535 532 617 ἔχων
555 535 587 598 τδ
606 534 747 618 ἀργύριον
765 534 798 598 τδ
816 533 849 598 ἐκ
866 535 975 614 ταύτης
992 543 1045 614 της
1064 531 1163 615 ἀργυ-

189 634 307 714 ρίτιδος.
1288 641 1289 674 ³

235 754 345 818 Πάλιν
371 762 473 819 ταῦτα
500 764 570 831 πῶς
596 746 701 818 ἔνεστ’
727 749 798 837 ἐμοὶ
820 759 1009 836 πεπρᾶχθαι
1032 759 1077 838 τῷ
1101 751 1223 834 μὴνιο

106 875 131 915 ιν
145 862 300 943 παρόντι,
329 857 385 925 καὶ
411 856 486 942 περὶ
514 853 562 924 ὧν
589 857 741 942 Εὐέργου
768 857 985 936 κατεδικάσως
1018 855 1092 939 λέγε
1120 851 1156 920 δ’

146 963 258 1041 αὐτοῖς
280 966 317 1030 τὸ
342 963 466 1049 ἐφεξῆς.

555 1139 741 1194 EI'KAHML

235 1249 296 1311 Καὶ
318 1249 501 1330 ἀποδόμενος
521 1249 554 1312 τὸ
572 1227 763 1332 ἐργαστήριον
780 1248 813 1312 τδ
832 1247 904 1328 ἐμὸν
922 1249 1059 1322 καὶτοὺς
1078 1248 1157 1311 οἰκί-

190 1369 243 1420 τας
265 1345 345 1428 παρὰ
368 1346 419 1421 τὰς
441 1345 614 1427 συνθήκας,
636 1339 673 1420 ἀς
696 1345 780 1409 ἔθετο
803 1346 876 1428 πρός
899 1368 942 1427 με.

231 1469 386 1560 Ἐπίσχες.
431 1471 524 1540 τουτί
552 1477 638 1540 πολὺ
665 1471 768 1539 πάνθ’
795 1472 1019 1559 ὑπερβέβληκε
1043 1475 1157 1540 τάλλα.

145 1590 277 1665 πρῶτον
300 1576 361 1665 μὲν
382 1580 447 1666 γὰρ
470 1580 558 1666 παρὰ
580 1580 638 1657 τὰς
661 1581 833 1663 συνθήκας
856 1583 971 1664 φησίν,
997 1578 1036 1657 ἀς
1057 1583 1157 1647 ἔθετο

146 1689 227 1771 πρός
250 1709 297 1770 με.
334 1680 481 1752 κάτοιδ’
505 1683 569 1751 είσλ
587 1688 689 1764 τίνες;
714 1684 946 1770 ἐμισθώσαμεν
964 1697 1031 1750 τῶν
1047 1688 1158 1752 τόκων

145 1802 212 1857 τῶν
244 1789 449 1875 γιγνομένων
479 1792 585 1878 τούτῳ
617 1793 658 1856 τὰ
689 1785 818 1875 ἡμέτερ’
853 1790 962 1875 ἡμεῖς,
992 1789 1048 1856 καὶ
1080 1791 1152 1858 ἀλλ’

146 1895 260 1963 οὐδέν·
292 1897 419 1983 πρατὴρ
451 1893 511 1982 μὲν
541 1898 604 1982 γάρ
632 1896 651 1963 ὁ
678 1899 875 1981 Μνησικλῆς
901 1897 980 1981 ἡμῖν
1007 1897 1155 1981 ἐγεγόνει

106 2023 133 2063 ιο
146 2003 268 2068 τούτου
285 2005 449 2087 παρόντος
467 2001 522 2068 καὶ
539 2004 742 2079 κελεύοντος.
769 2003 849 2086 μετὰ
862 2011 965 2068 ταῦτα
978 2003 1038 2068 τὸν
1052 2003 1157 2069 αὐτὸν

145 2111 270 2195 τρόπον
291 2108 385 2193 ἡμεῖς
409 2107 532 2194 ἑτέροις
555 2108 756 2193 ἀπεδόμεθα,
780 2108 821 2174 οὐ
840 2111 945 2192 μόνον
961 2109 1158 2188 κελεύοντος

147 2216 220 2296 [ἔτι]
243 2215 376 2297 τούτου,
400 2213 482 2279 ἀλλά
505 2212 559 2279 καὶ
582 2215 799 2290 ίκετεύοντος·
822 2212 933 2290 οὐδεὶς
950 2216 1013 2299 γὰρ
1032 2216 1155 2298 ἡθελεν

146 2319 304 2406 δέχεσθαι
320 2329 441 2386 τοῦτον
459 2328 618 2405 πρατῆρα.
649 2322 685 2384 τί
699 2314 762 2386 οὖν
776 2320 813 2384 αί
822 2329 880 2405 τῆς
893 2321 1088 2404 μισθώσεως
1101 2321 1154 2386 ἐν·

146 2434 256 2494 ταῦθα
275 2433 456 2510 σννθὴκαις
475 2431 511 2492 τί
525 2423 614 2492 τοῦτ’
636 2422 662 2492 ὦ
681 2424 860 2510 φαυλότατ’
878 2426 1067 2513 ἀνθρώπων
1086 2426 1156 2493 ἐνέ-

146 2543 289 2617 γραψαςς
314 2532 397 2599 ἀλλὰ
419 2533 485 2617 μὴν
508 2531 559 2598 ὅτι
582 2540 645 2597 σοῦ
667 2532 861 2608 κελεύοντος
882 2530 938 2598 καὶ
961 2531 1014 2616 ἐφ’
1038 2525 1156 2620 οἷσπερ

146 2634 310 2722 ἐωνήμεθ’
333 2635 428 2703 αὐτοὶ
446 2638 547 2703 πάλιν
564 2637 765 2720 ἀπεδόμεθα,
791 2635 864 2720 λέγε
881 2639 943 2721 τὴν
961 2644 1154 2723 μαρτυρίαν.

552 2830 740 2882 ΜΑΡΤΤΡΙΑ.

108 2959 132 3000 ιι
235 2943 426 3024 Μαρτυρεῖς
448 2935 639 3004 τοίνυνκαὶ
661 2938 716 3001 σύ·
741 2935 762 3002 δ
784 2938 847 3023 γάρ
871 2937 963 3022 ἡμεῖς
985 2936 1081 3004 πέντε
1098 2938 1154 3005 καὶ

147 3043 262 3111 ἑκατὸν
290 3055 384 3129 μνῶν
407 3041 596 3128 ἐωνήμεθα,
623 3037 722 3108 ταῦθ’
747 3043 889 3130 ὕστερον
911 3055 1013 3128 τριῶν
1036 3045 1154 3110 ταλάν-

146 3174 213 3217 των
238 3148 293 3216 καὶ
321 3152 492 3234 δισχιλίων
518 3147 573 3216 καλ
601 3148 779 3231 ἑξακοσίων
807 3147 932 3216 ἀπέδου
960 3150 1016 3214 σά·
1047 3153 1155 3216 καίτοι

146 3260 195 3332 τίς
223 3255 264 3320 ἀν
292 3257 444 3336 καθάπαξ
465 3257 617 3341 πρατῆρά
639 3253 670 3321 σ’
697 3258 781 3341 ἔχων
804 3255 858 3321 σοὶ
881 3256 1031 3342 δραχμὴν
1053 3257 1153 3322 ἔδωκε

107 3352 109 3355 ’
147 3363 240 3443 μίανς
260 3359 343 3426 ἀλλά
366 3362 431 3445 μὴν
454 3362 505 3426 ότι
527 3356 618 3428 ταῦτ’
640 3361 749 3446 ἀληθῆ
774 3361 869 3445 λέγω,
892 3361 984 3427 κάλει
1004 3384 1061 3445 μοι
1078 3363 1152 3426 τοό-

147 3486 214 3528 των
236 3467 314 3540 τοὺς
335 3467 511 3549 μάρτυρας.
