2614 3904
460 181 559 231 111202
577 179 801 235 κααοοαιαα.
1071 175 1138 241 385

8 372 11 408 2
128 336 241 422 μένοις
258 339 295 403 τὸ
315 341 529 423 συμβόλαιον,
548 341 791 424 παρειληφόσιν
811 335 848 404 δὲ
866 340 926 403 τὸν
942 349 1036 404 σῖτον
1049 337 1139 420 παρὰ

8 481 10 514 ;
88 466 114 505 αι
128 452 189 508 τοῦ
217 446 351 521 δικαίως
378 444 447 510 ἐκεῖ
468 442 668 529 πριαμένου,
696 445 824 527 ἐξάγειν
846 454 975 510 τοῦτον.
1021 445 1057 508 τί
1075 444 1139 528 γάρ

8 599 9 632 ,
128 547 171 613 ἂν
202 547 257 615 καὶ
288 544 360 614 ἄλλ’
391 549 582 633 ἐποιοῦμεν;
615 551 708 615 ούπώ
740 551 804 634 γάρ
836 552 935 615 τοῦτό
966 543 998 632 γ’
1029 545 1140 626 οὐδεὶς

8 693 10 726 ;
128 656 222 741 ἡμῶν
242 667 309 721 τῶν
327 668 501 722 κοινωνῶν
519 656 761 742 ὑπελάμβανεν,
784 658 830 733 ώς
846 656 940 740 ὑμεῖς
957 651 1133 738 γνώσεσθέ
1140 663 1193 714 888

128 759 202 827 ποτ’
238 758 324 829 εἶναι
358 763 479 828 τούτου
510 763 571 827 τὸν
602 773 710 845 σῖτον,
747 761 788 828 ὃν
819 766 1010 827 καταλιπεῖν
1042 754 1140 836 οὗτος

130 872 243 934 ἔπειθε
265 871 344 945 τοὺς
365 869 503 950 ναύτας,
527 869 616 945 ὅπως
639 869 795 934 ἀπόλοιτο
818 877 878 932 τοῦ
901 871 1020 933 πλοίου
1043 888 1140 932 κατα-

129 975 259 1052 δύντος.
301 973 318 1040 ὃ
342 971 397 1041 καὶ
419 973 574 1058 μέγιστόν
593 974 663 1040 ἐστι
681 985 819 1058 σημεῖον
836 983 897 1038 τοῦ
916 968 1020 1056 μηδεν
1038 987 1140 1054 προσ-

128 1083 222 1163 ήκειν
254 1079 352 1168 αὐτῷ.
401 1082 451 1157 τίς
482 1081 545 1165 γὰρ
577 1077 621 1144 ἂν
650 1081 710 1145 τὸν
742 1078 862 1146 ἑαυτοῦ
898 1090 991 1144 σῖτον
1028 1079 1141 1143 ἔπειθε

128 1184 293 1272 προέσθαι
310 1189 389 1263 τοῦς
407 1182 523 1273 σῴζειν
541 1185 782 1270 βουλομένους;
794 1185 822 1269 ’ἢ
841 1188 891 1262 τίς
910 1184 970 1250 οὐκ
988 1182 1031 1249 ἂν
1049 1187 1141 1250 ἔπλει

130 1290 307 1375 δεξάμενος
333 1292 394 1374 τὴν
419 1293 603 1376 πρόκλησιν
625 1293 673 1368 είς
694 1290 756 1373 την
778 1293 952 1372 Σικελίαν,
981 1283 1022 1355 οὑ
1045 1285 1137 1354 ταῦτ’

89 1418 115 1457 ιν
129 1392 172 1479 ἦν
200 1394 327 1479 ἐλέγξαι
352 1402 522 1479 καθαρῦς;
555 1392 612 1462 καλ
639 1397 705 1481 μὴν
733 1391 814 1462 οὐδὲ
839 1391 929 1461 τοῦτ’
961 1393 1140 1479 ἐμέλλομεν

130 1501 225 1585 ὑμῶν
240 1503 524 1584 καταγνώσεσθαι,
543 1501 588 1578 ώς
601 1501 824 1584 εἰσαγώγιμον
837 1506 1020 1585 ψηφιεῖσθε
1033 1502 1140 1587 τούτῳ

129 1608 191 1690 τὴν
211 1607 308 1690 δίκην
326 1604 400 1690 περὶ
418 1608 546 1671 τούτων
563 1618 630 1672 τῶν
648 1607 834 1692 χρημάτων,
857 1603 979 1671 axau&
996 1608 1142 1683 πολλοὺς

129 1716 274 1796 τρόπους
305 1706 403 1789 οὗτος
433 1714 591 1797 ἔπραττεν
623 1713 711 1789 ὅπως
740 1713 784 1795 μὴ
817 1712 1019 1796 είσαγώγιμα
1046 1705 1138 1796 δεῦρ’

130 1822 236 1898 ἔσται,
264 1830 396 1902 πρῶτον
423 1813 485 1900 μὲν
512 1814 560 1883 ὑπ’
587 1817 672 1882 αὐτὰ
697 1822 888 1883 καταλιπεῖν
915 1819 993 1893 τοὺς
1018 1817 1142 1895 ναύτας

129 1927 279 2008 ἔπειθεν,
303 1919 368 1989 εἷθ’
395 1920 443 1990 ὅτ’
470 1923 506 1988 ἐν
529 1926 748 2011 Κεφαλληνίᾳ
771 1924 815 2008 μὴ
839 1925 940 2007 δεῦρο
962 1928 1058 1989 πλεῖν
1079 1923 1142 2007 τὴν

89 2052 117 2092 ετ
130 2042 216 2098 ναῦν
243 2033 410 2114 ἔπραττεν.
454 2039 523 2106 πώς
549 2029 613 2113 γάρ
640 2027 702 2096 οὐκ
725 2029 864 2113 αίσχρὸν
885 2027 941 2094 καὶ
964 2029 1077 2094 δεινὸν
1099 2027 1142 2093 άν

130 2136 270 2220 γένοιτο,
290 2138 320 2200 εί
333 2138 547 2220 Κεφαλλῆνες
563 2130 634 2219 μὲν,
654 2135 742 2213 ὅπως
755 2146 825 2212 τοῖς
840 2129 1031 2218 Ἀθηναίοις
1045 2140 1140 2219 σωθῇ

130 2243 171 2307 τὰ
192 2245 356 2326 χρήματα,
383 2243 484 2325 δεῦρο
506 2245 602 2306 πλεῖν
624 2241 686 2322 τὴν
708 2250 795 2306 ναῦν
818 2242 968 2324 ἔκριναν,
990 2240 1084 2323 ὑμεῖς
1107 2233 1138 2305 θ’

130 2348 224 2425 ὄντες
236 2342 419 2430 Ἀθηναῖοι,
437 2348 477 2411 τὰ
490 2358 557 2411 τῶν
570 2352 715 2412 πολιτῶν
728 2356 798 2423 τοῖς
811 2348 1047 2412 καταποντίσαι
1060 2349 1139 2428 βου-

130 2460 263 2539 ληθεῖσι
281 2456 401 2519 δοῦναι
418 2456 561 2537 γνοίητε,
579 2451 634 2518 καὶ
653 2452 674 2518 ὑὶ
693 2454 737 2538 μὴ
751 2458 929 2519 καταπλεῖν
944 2452 1028 2528 ὅλως
1042 2447 1141 2530 οὗτος

130 2558 222 2646 δεῦρ’
253 2563 406 2642 ἔπραττε,
432 2553 525 2623 ταῦτ’
554 2560 756 2644 εἰσαγώγιμα
783 2560 888 2646 τούτφ
915 2561 1139 2642 ψηφίσαισθες

129 2668 175 2753 μὴ
189 2664 275 2751 θῆτ’,
295 2661 321 2730 ώ
337 2669 404 2731 Ζεῦ
416 2663 472 2730 καὶ
485 2666 571 2730 θεοί.
599 2663 673 2748 λέγε
688 2667 729 2749 δή
744 2688 800 2750 μοι
813 2669 848 2730 τί
858 2663 1140 2749 παραγίγραμμαι.

519 2876 746 2928 ΠΑΡΔΓΡΑΦΗ.

218 2982 305 3067 Λέγε
328 2983 369 3065 δή
392 3006 449 3068 μοι
470 2984 530 3048 τὸν
552 2984 667 3067 νόμον.

564 3193 701 3248 ΝΟΜΟΣ.

86 3323 114 3364 τι
210 3299 280 3367 Ὅτι
303 3296 364 3386 μὲν
386 3303 502 3366 τοίνυν
525 3300 562 3367 ἐκ
584 3310 652 3364 τῶν
674 3302 788 3384 νόμον
810 3296 1071 3382 παρεγραψάμην
1094 3297 1139 3380 μη

128 3408 350 3491 είσαγώγιμον
374 3402 543 3489 εἶναιτὴν
567 3405 674 3488 δίκην,
699 3405 820 3481 ίκανῶς
842 3399 935 3487 οἶμαι
956 3403 1139 3484 δεδεῖχθαι·

127 3513 249 3598 τέχνην
286 3509 316 3578 δ’
353 3512 538 3577 ἀκούσεσθε
572 3518 633 3575 τοῦ
666 3517 775 3592 σοφοῦ
807 3517 868 3573 τοῦ
899 3516 1001 3571 ταῦτα
1033 3503 1140 3568 πάντα

182 3627 203 3666 n
204 3636 305 3667 nnnnnnn
326 3626 377 3666 τοι.
391 3625 423 3664 11.
945 3614 979 3662 25
