2938 4180
253 151 317 216 190
551 154 651 206 XXIII.
674 151 953 204 ΔΗΜΟΣΘΕΝΟΤΣ

249 313 287 378 τὸ
309 315 475 397 ψήφισμα,
498 309 578 378 οὐδὲ
600 313 683 397 πρὸς
706 311 807 391 δόξαν
830 309 992 395 συμφέρει
1015 319 1055 396 τή
1078 312 1173 378 πόλει
1196 335 1266 378 τοι·

128 427 129 430 ’
251 429 352 485 οῦτον
384 415 485 484 οὐδέν
517 417 725 503 ἐψηφισμένῃ
759 421 956 502 φαίνεσθαι,
992 415 1049 482 καλ
1080 426 1178 484 τοῦτο
1212 421 1266 484 δεῖ

250 532 374 609 μαθεῖν
399 524 493 609 ὑμᾶς.
539 526 571 590 εί
597 521 657 608 μέν
684 525 748 609 γδιρ
776 519 802 589 ὦ
829 525 949 608 ἀνδρες
969 517 1141 608 Ἀθηναῖοι
1163 527 1266 590 πόλιν

251 633 403 697 οἰκοῦντί
420 654 467 719 τρι
490 627 545 696 καὶ
566 633 682 714 νόμοις
704 630 947 718 πολιτευομένῳ
970 631 1007 695 τὸ
1028 627 1171 715 ψήφισμ’
1194 629 1264 714 ἐγέ-

250 758 392 821 γραπτο,
420 737 534 802 δεινὸν
562 735 601 802 δυ
628 731 728 820 ήττον
752 734 793 800 διν
816 730 859 820 ήν
881 737 1032 820 αίσχρόν·
1061 745 1126 804 νῦν
1151 732 1187 803 δέ
1210 735 1265 820 γέ·

249 865 392 927 γραπται
419 842 600 929 Χαριδήμῳ
632 849 678 928 τςῦ
709 844 808 907 πόλιν
836 838 897 925 μδν
925 838 998 906 οὐδ’
1028 841 1188 926 ἡντινοῦν
1215 843 1265 908 οί-

249 959 381 1033 κοῦντι,
410 946 515 1034 Θρᾳκὶ
544 944 574 1012 δ’
601 947 770 1035 ἀνθρώπῳ
794 951 925 1030 βασιλεῖ
945 956 1185 1032 στρατηγοῦντι
1207 945 1265 1014 καί

201 1070 237 1110 ¹³⁹
252 1056 307 1122 διδ
325 1065 383 1139 της
401 1054 530 1121 ἐκείνου
549 1056 718 1136 βασιλείας
735 1057 880 1131 πολλοὺς
898 1054 1078 1120 ἀδικοῦντι.
1112 1061 1180 1120 ίστε
1198 1055 1263 1137 γὰρ

251 1161 360 1246 δήπου
387 1155 483 1227 τοῦθ’
509 1160 560 1226 ὅτι
586 1161 706 1237 πάντες
734 1160 771 1226 οί
795 1161 1008 1245 ξεναγοῦντες
1035 1155 1129 1230 οὗτοι
1151 1163 1264 1238 πόλεις

250 1268 556 1352 καταλαμβάνοντες
575 1262 771 1350 Ἑλληνίδας
793 1267 907 1352 ἀργειν
931 1270 1078 1350 ζητοῦσι,
1103 1264 1159 1333 καλ
1180 1267 1263 1332 πάν·

250 1398 333 1458 των,
366 1373 440 1440 ὅσοι
471 1393 533 1455 περ
564 1373 680 1455 νόμοις
713 1373 818 1438 οίκεῖν
849 1373 1028 1455 βούλονται
1058 1373 1121 1456 τήν
1152 1372 1263 1439 αὐτῶν

251 1481 345 1556 ὄντες
369 1478 557 1560 ἐλεύθεροι,
583 1475 691 1543 κοινοὶ
713 1475 940 1562 περιέρχονται
963 1479 1046 1544 κατὰ
1067 1488 1178 1546 πᾶσαν
1201 1477 1263 1564 χώ*

251 1609 326 1666 ραν,
350 1586 381 1649 εί
401 1584 455 1649 δεῖ
470 1578 613 1666 τάληθές
632 1585 747 1666 είπεῖν,
771 1583 896 1668 ἐχθροί.
932 1576 984 1668 ἀρ’
1008 1578 1071 1649 οὖν
1090 1579 1116 1649 ὦ
1135 1586 1317 1667 ἀνδρεςσσσ

248 1685 421 1774 Ἀθηναῖοι
447 1690 550 1754 καλὸν
576 1687 598 1773 ή
626 1688 753 1773 πρέπον
780 1689 876 1774 ὑμῖν,
903 1698 964 1754 τοῦ
991 1686 1052 1775 μὲν
1073 1691 1183 1757 εἵνεκα
1205 1700 1263 1775 τής

252 1794 372 1862 ἑαυτοῦ
394 1794 585 1874 πλεονεξίας
607 1793 902 1878 ἐπιβουλεύσοντος
923 1787 973 1873 οἷς
991 1793 1033 1861 ἀν
1051 1797 1133 1882 τύχη
1152 1799 1263 1864 τοιαύ-
1332 1859 1336 1866 .

250 1925 312 1984 την
340 1901 494 1984 φυλακήν
522 1900 769 1985 ἐψηφισμένους
796 1905 993 1985 φαίνεσθαι,
1020 1913 1090 1979 τοῖς
1119 1898 1149 1967 δ’
1178 1899 1262 1986 ὑπὲρ

251 2014 309 2089 τῆς
327 2004 454 2072 ἑαυτῶν
472 2003 665 2090 ἐλευθερίας
683 2004 907 2090 ἀμυνομένοις
925 2013 1097 2092 εἴργεσθαι
1114 2018 1171 2092 τῆς
1185 2009 1262 2094 ὑμε-

201 2131 238 2171 14⁰
250 2111 346 2197 τέρας
374 2115 559 2196 συμμαχίας
585 2112 830 2198 προειρηκέναι;
860 2112 924 2196 ἐγὼ
947 2111 1008 2199 μὲν
1031 2115 1092 2199 οὐχ
1115 2114 1262 2200 ὑπολαμ-

250 2221 343 2303 βάνω
366 2214 457 2284 τοῦτ’
483 2219 561 2284 οὔτε
583 2224 690 2296 καλῶς
712 2223 799 2304 ἔχειν
822 2215 899 2286 οὔθ’
924 2219 1020 2304 ὑμῶν
1043 2220 1148 2300 ἀξίως.
1193 2237 1262 2300 πῶς

250 2327 315 2410 γδιρ
333 2325 396 2392 οὐκ
414 2327 563 2410 αίσγρόν,
582 2317 860 2409 Λακεδαιμονίοις
877 2322 937 2410 μὲν
956 2325 1106 2409 ἐγκαλεῖν
1121 2329 1172 2395 ὅτι
1184 2333 1262 2408 τοὺς

250 2432 312 2514 τήν
332 2425 444 2496 Ἀσίαν
467 2433 640 2508 οίκοῦντας
655 2429 817 2514 Ἕλληνας
835 2434 984 2515 ἔγραψαν
1003 2431 1122 2512 ἐξεῖναι
1141 2437 1261 2520 δρᾶσαι

250 2546 318 2602 πᾶν
345 2537 363 2602 ὅ
391 2560 423 2603 τι
451 2534 493 2601 ἀν
520 2535 604 2622 θέλη
632 2537 803 2619 βασιλεύς,
833 2537 956 2615 αὐτοὺς
984 2536 1015 2604 δ’
1046 2538 1262 2610 ἐκδεδυκέναι

249 2642 306 2710 καὶ
323 2645 402 2719 τοὺς
417 2643 479 2725 τήν
493 2642 660 2727 Εὐρώπην
675 2645 849 2720 οίκοῦντας
864 2643 1097 2732 Κερσοβλέπτη
1111 2647 1167 2714 καὶ
1179 2649 1260 2714 τεάν-

249 2773 309 2826 τας
331 2750 421 2817 ὅσων
443 2770 505 2834 περ
529 2747 571 2814 ἀν
594 2756 702 2832 οίηται
723 2752 880 2834 κρείττων
901 2754 1038 2818 ἔσεσθαι
1056 2755 1259 2839 Χαρίδημος;

250 2855 292 2922 οὐ
314 2856 378 2940 γὰρ
402 2855 483 2921 ἀλλο
505 2877 537 2920 τι
559 2855 597 2920 τὸ
615 2857 769 2939 ψήφισμα
787 2868 878 2921 ποιεῖ
895 2855 929 2942 [ἣ
948 2861 1073 2940 τοῦτο],
1096 2854 1138 2925 οὗ
1156 2884 1193 2944 γε
1215 2873 1260 2950 τῷ

251 2959 311 3047 μὲν
335 2961 466 3026 ἐκείνου
490 2968 659 3048 στρατηγῷ
683 2961 724 3028 οὐ
748 2961 910 3046 διείρηται
932 2967 967 3027 τί
981 2963 1183 3051 πρακτέονή
1206 2971 1260 3052 μή,

250 3077 331 3134 πᾶσι
355 3064 402 3151 δ’,
425 3067 484 3132 ἐάν
505 3090 556 3143 τις
578 3066 753 3151 ἀμύνηται,
775 3078 934 3145 τοσοῦτος
952 3069 1129 3155 ἐπήρτηται
1147 3075 1260 3158 φόβος.

199 3193 236 3232 ιιι
340 3171 408 3240 Καὶ
430 3174 496 3258 μὴν
520 3168 546 3239 ὦ
570 3173 690 3257 ἀνδρες
708 3170 882 3257 Ἀθηναῖοι
900 3172 955 3240 καί
976 3180 1114 3259 γεγονός
1131 3202 1163 3244 τι
1180 3189 1260 3266 πρᾶ-

250 3304 319 3364 γμα
345 3280 473 3365 φράσαι
498 3281 581 3364 πρὸς
607 3278 693 3364 ὑμᾶς
717 3280 896 3365 βούλομαι,
923 3275 968 3346 δι’
993 3275 1036 3348 οὗ
1057 3288 1184 3366 μᾶλλον
1206 3283 1257 3352 ἔθ’

251 3385 332 3470 ὑμῖν
358 3389 532 3470 γενήσεται
555 3387 659 3469 δῆλον
682 3387 727 3463 ὡς
749 3389 882 3486 σφόδρα
905 3388 959 3454 δεῖ
979 3392 1077 3454 λῦσαι
1099 3391 1137 3456 τὸ
1160 3393 1261 3477 ψήφι·

252 3507 319 3563 σμα
340 3494 441 3558 τουτί.
477 3492 571 3574 ὑμεῖς
593 3486 790 3576 ἐποιήσασθ’
811 3495 849 3560 ἐν
870 3512 937 3560 τισι
960 3507 1087 3580 καιροῖς
1109 3494 1164 3563 καὶ
1186 3501 1260 3582 γρό·
