2938 4180
249 147 314 212 172
549 151 648 205 xxm.
671 149 950 203 ειειιοεοειιονε

191 281 193 286 v
246 307 327 393 ἀτί
353 316 506 376 τοιθῦτον
534 308 674 394 ἐμπεσὸν
701 309 841 395 πατάξῃ,
868 306 923 375 καί
950 310 1009 375 τὸν
1035 304 1097 393 μὲν
1120 299 1259 391 βαλόντ’
1375 325 1376 348 ι

247 412 351 500 ἀγνοῇ
379 439 444 498 τις,
472 415 553 482 αὐτὸ
581 413 612 481 δ’
639 416 711 501 εἰδῇ
738 413 793 481 καί
820 419 877 501 ἔχη
903 417 941 480 τὸ
969 415 1028 480 τὸν
1055 416 1164 498 φόνον
1191 416 1261 498 εἰρ-

247 518 425 604 χασμένον,
447 523 578 599 τούτοις
600 521 747 588 ἐνταῦθα
767 522 970 606 λαγχάνεται.
1008 521 1040 586 εἰ
1055 524 1171 586 τοίνυν
1188 531 1261 584 τῶν

247 625 385 710 ἀψύχων
411 624 466 693 καὶ
494 627 537 711 μὴ
567 630 769 712 μετεχόντων
795 637 856 693 τοῦ
884 635 1024 712 φρονεῖν
1051 624 1151 691 οὐδέν
1179 621 1256 690 ἐσθ’
1375 659 1376 680 ι

248 731 352 813 όσιον,
375 735 533 817 τοιαύτην
557 737 632 817 ἔχον
655 734 778 815 αἰτίαν,
807 731 865 798 ίίιν
887 733 1038 818 ἀκριτον,
1065 727 1085 815 ἦ
1109 754 1175 796 που
1197 733 1260 796 τόν

246 834 278 920 μ’
301 837 480 904 ἀδικοῦντα
499 834 560 924 μὲν
578 834 690 922 οὐδὲν,
710 838 768 904 έδιν
785 839 877 924 τύχη,
896 840 992 922 θήσω
1013 835 1042 903 δ’
1065 836 1259 920 ἀδικοῦντα,
1375 893 1376 898 ,

247 936 319 1008 ἀλλ’
345 943 528 1029 ἄνθρωπόν
554 941 587 1028 μ’
613 946 694 1010 ὄντα
716 942 770 1009 καὶ
793 945 1011 1028 μετειληφότα
1032 953 1072 1029 τῇ
1095 944 1177 1028 τύχη
1200 951 1260 1026 τῆς
1375 989 1376 998 1

247 1047 349 1132 αὐτῆς
375 1048 455 1133 ἡμῖν
482 1049 628 1134 φύσεως,
659 1050 796 1116 ἀνόσιον
823 1048 878 1115 καὶ
906 1050 1018 1116 δεινὸν
1045 1049 1128 1115 ἀνευ
1154 1052 1259 1132 λόχου

247 1151 302 1220 καί
324 1157 441 1238 ψήφου
463 1166 572 1222 ποιεῖν
594 1156 731 1222 ἔκδοτον
752 1153 802 1222 ἀπ’
830 1157 918 1242 αἰτίᾳ
939 1156 1084 1241 τοιαύτη.

208 1277 233 1318 ¹²
327 1259 399 1326 Ἔτι
425 1264 542 1327 τοίνυν
569 1260 717 1346 πέμπτον
746 1261 958 1347 δικαστήριον
985 1261 1065 1327 ἀλλο
1087 1255 1255 1325 θεάσασθ’

248 1357 322 1432 οἷον
344 1366 547 1452 ὑπερβέβηκε
570 1368 608 1433 τὸ
631 1367 668 1434 έν
688 1371 858 1453 Φρεαττοῖ.
895 1366 1041 1433 ἐνταῦθα
1064 1367 1128 1451 γάρ
1152 1361 1258 1431 6611-

248 1473 326 1557 δρες
340 1467 512 1557 Ἀθηναῖοι
530 1475 656 1540 κελεύει
675 1475 769 1551 δίκας
785 1473 920 1559 ὑπέχειν
938 1472 957 1540 6
974 1476 1089 1558 νόμος,
1109 1471 1189 1556 ,,έάν
1207 1495 1259 1550 τις

248 1573 297 1644 ἀπ’
324 1579 468 1668 ἀκουσίῳ
497 1583 592 1670 φόνφ
619 1581 807 1665 πεφευγώς,
835 1584 931 1664 μήπω
958 1590 1026 1645 τῶν
1049 1579 1259 1663 ἐκβαλόντων

247 1684 351 1751 αὐτὸν
369 1683 571 1772 ᾐδεσμένων,
595 1689 704 1752 αἰτίαν
723 1689 780 1774 ἔχη
799 1684 915 1770 ἑτέρου
933 1689 1042 1770 φόνου
1061 1683 1309 1754 ε’κουσίου“.6ίῖ

247 1787 303 1856 καί
325 1791 397 1876 οὐχ,
421 1791 471 1857 ότι
494 1790 586 1876 δεῦρ’
608 1793 669 1876 οὐχ
692 1784 766 1858 οἰόν
788 1789 817 1857 τ’
842 1791 955 1858 ἐλθεῖν
977 1790 1077 1881 αύτςό,
1099 1792 1258 1877 παρεῖδεν

248 1895 350 1962 αὐτὸν
377 1895 396 1963 6
421 1895 520 1963 ταῦθ’
545 1897 665 1964 ἕκαστα
688 1898 801 1983 τάξας,
828 1895 915 1980 οὐδ’,
943 1897 995 1978 ότι
1016 1894 1072 1963 καί
1093 1900 1256 1983 πρότερόν

247 2025 280 2068 τι
310 2011 463 2069 τοιοῦτον
496 2003 645 2088 ἐποίησε,
677 2001 733 2070 καί
764 2005 806 2088 δη
837 2005 899 2088 τὴν
930 2003 1050 2089 ὁμοίαν
1080 2001 1255 2086 ἐποιήσατο

209 2126 235 2165 ιο
247 2109 369 2192 πιστὴν
395 2112 505 2175 αἰτίαν
531 2107 602 2176 κατ’
628 2109 747 2193 αὐτοῦ,
774 2108 858 2176 ἀλλά
884 2112 923 2177 τό
949 2105 978 2176 τ’
1003 2105 1137 2191 εὐσεβές
1159 2104 1257 2195 εὗρεν

248 2215 337 2292 ὅπως
363 2217 469 2298 ἔσται,
497 2215 651 2281 κάκεῖνον
679 2215 741 2281 οὐκ
763 2215 962 2301 ἀπεστέρησε
985 2217 1089 2299 λόγον
1110 2212 1166 2280 καί
1187 2219 1256 2301 κρί-

247 2337 338 2398 σεως.
368 2325 405 2386 τί
421 2315 483 2387 οὖν
501 2321 669 2406 έποίησεν;
689 2322 791 2405 ἤγαγε
809 2325 887 2399 τοὺς
901 2322 1097 2398 δικάσοντας
1110 2312 1146 2386 οἰ
1155 2338 1256 2407 προσ·

248 2431 362 2492 ελθεῑν
394 2419 467 2492 οἷόν
497 2425 526 2492 τ’
559 2429 688 2516 ἐκείνφ,
720 2435 778 2510 τῆς
807 2429 916 2514 χώρας
949 2427 1123 2506 ἀποδειξας
1153 2429 1256 2494 τόπον

247 2531 309 2597 τιν’
333 2532 369 2598 ἐν
390 2539 554 2619 Φρεαττοῖ
573 2533 780 2617 καλούμενον
804 2531 857 2600 ίπί
874 2534 1032 2618 θαλάττη.
1069 2527 1136 2598 εἶθ’
1157 2533 1175 2600 6
1195 2529 1255 2618 μὲν

247 2637 285 2704 έν
311 2642 416 2726 πλοίῳ
443 2639 674 2721 προσπλεύσας
701 2637 789 2723 λέγει
814 2649 873 2723 τῆς
897 2650 957 2724 γῆς
980 2639 1040 2726 οὐχ
1064 2638 1255 2724 ἁπτόμενος,

248 2744 285 2809 οἰ
315 2741 345 2809 δ’
377 2744 561 2829 ἀκροῶνται
591 2743 647 2811 καί
679 2740 844 2826 δικάζουσ’
875 2744 912 2812 ἰν
943 2755 983 2832 τῇ
1014 2755 1071 2830 γῇ·
1102 2743 1165 2812 κάν
1197 2743 1255 2830 μὲν

248 2847 334 2936 ἀλςό,
360 2851 422 2934 τὴν
450 2849 502 2917 έπί
529 2862 599 2928 τοῖς
627 2851 790 2928 ἑκουσίοις
817 2854 935 2936 φόνοις
963 2852 1060 2934 δίκην
1083 2851 1186 2918 έδωκε
1208 2854 1255 2918 δι-

92 2987 93 3042 ι
247 2963 363 3037 καίως,
396 2954 438 3021 διν
471 2954 501 3022 δ’
533 2957 706 3044 ἀποφύχη,
737 2958 858 3041 ταύτης
889 2953 949 3042 μὲν
978 2957 1088 3044 ἀθῷος
1114 2946 1264 3044 ἀφίεται,Ι

92 3107 94 3148 ,
208 3080 234 3121 τε
248 3063 310 3146 τὴν
338 3058 368 3127 δ’
400 3060 452 3127 ἐπὶ
479 3071 524 3152 τῷ
551 3066 714 3148 πρότερον
741 3064 836 3152 φόνφ
864 3063 976 3148 φυγὴν
1003 3061 1124 3148 ὑπέχει.
1168 3068 1256 3146 τίνος

92 3155 94 3180 ¹
249 3161 312 3234 οὖν
330 3165 409 3234 ποθ’
429 3169 537 3235 εἵνεκα
553 3166 652 3235 ταῦθ’
671 3168 758 3234 οὕτω
773 3171 1045 3248 διεσπούδασται;
1066 3175 1140 3236 ίσον
1154 3171 1253 3256 ἡγεῖτ’

249 3271 386 3358 ἀσέβημ’
416 3272 435 3340 6
462 3284 565 3340 ταῦτα
593 3275 734 3359 διαιρῶν
760 3276 819 3341 τόν
846 3271 875 3340 τ’
906 3271 1075 3341 ἀδικοῦντ’
1103 3275 1178 3362 ἐᾶν,
1203 3277 1255 3344 καὶ

247 3383 307 3446 τὸν
331 3379 481 3445 ἀναίτιον
504 3379 673 3446 ἐκδιδόναι
695 3381 759 3466 πρὸ
783 3381 884 3465 δίκης.
922 3385 1029 3449 καίτοι
1051 3384 1083 3449 εἰ
1098 3381 1175 3470 περὶ
1192 3395 1254 3450 τῶν

250 3485 471 3568 ἀνδροφόνων
500 3487 565 3570 ἤδη
592 3484 794 3572 κεκριμένων
820 3487 964 3570 τοσαύτη
992 3489 1138 3573 σπουδή,
1170 3489 1254 3569 ὅπως
