2614 3904
157 159 224 224 372
468 165 552 218 xxx.
577 165 857 217 εΗιιοΣοεειονΣ

157 321 344 401 δικάζοντες
369 321 425 390 καὶ
452 334 520 390 τῶν
547 323 672 404 ἔξωθεν
694 327 870 408 παρόντων
891 322 1010 390 πολλοί
1032 327 1178 390 σννίσα-
1282 311 1283 358 ¹

157 443 235 492 σιν··
257 429 345 512 ὅμως
367 425 404 494 δέ
426 427 483 494 καὶ
505 430 673 513 μάρτυρας
695 429 776 514 ὑμῖν
798 429 987 515 παρέξομαι.
1034 434 1092 496 καί
1112 453 1176 514 μοι

157 529 236 616 λαβὲ
259 535 383 618 ταύτην
405 536 466 619 την
489 539 682 621 μαρτυρίαν.

563 746 754 798 MAPTTPIA.

117 869 143 910 θ
237 849 309 917 'Eu
335 855 452 919 τοίνυν
480 847 506 917 δ)
533 852 654 937 ἀνδρες
677 849 828 918 δικασταί
850 849 906 918 καί
927 857 1090 942 τεκμηρίφ
1114 876 1172 936 με-

155 957 245 1045 νιίλρι
269 969 392 1040 γνῶναι
418 955 547 1044 ῥᾴδιον,
572 958 622 1022 ὅτι
645 967 684 1042 τῇ
708 958 849 1044 ἀληθείᾳ
872 959 1016 1046 συνῴκει
1038 957 1093 1024 καὶ
1112 959 1172 1024 οὐ-

156 1061 245 1128 δέπω
276 1060 331 1128 καί
362 1067 506 1147 τήμερον
537 1061 763 1129 ἀπολέλοιπεν.
814 1064 898 1147 αύτη
931 1065 994 1150 γὰρ
1022 1063 1043 1147 ἡ
1071 1068 1171 1149 γυνή,

155 1165 235 1252 πρὶν
262 1165 323 1254 μὲν
349 1170 395 1246 ὡς
412 1167 563 1254 ’Ἄφοβον
591 1169 720 1252 ἐλθεῖν,
748 1173 827 1254 μίαν
853 1170 981 1256 ἡμέραν
1008 1168 1070 1236 οὐκ
1098 1169 1173 1254 ἐχή-

156 1290 287 1356 ρευσεν,
310 1274 393 1341 ἀλλά
415 1278 503 1360 παρὰ
527 1277 647 1354 ζῶντος
673 1277 900 1360 Τιμοκράτους
922 1275 1038 1364 έκείνφ
1062 1274 1172 1363 συνῴ-

156 1397 247 1463 κησε,
269 1389 334 1446 νῦν
357 1378 388 1445 δ’
412 1381 448 1446 έν
470 1380 579 1466 τρισλν
602 1385 710 1447 ἔτεσιν
731 1383 819 1470 ἀλλφ
839 1379 1031 1448 σννοικοῦσ
1055 1379 1172 1447 οὐδενὶ

157 1489 319 1569 φαίνεται.
355 1490 462 1553 καίτοι
484 1497 530 1574 τῷ
553 1491 682 1569 πιστόν,
706 1488 751 1564 δις
772 1491 846 1553 τότε
869 1484 941 1572 μὲν,
965 1488 1021 1553 ἵνα
1044 1487 1088 1572 μὴ
1112 1511 1170 1571 χη-

156 1593 295 1674 ρεύσειε,
318 1591 396 1678 παρ’
423 1594 544 1677 ἀνδρὸς
567 1595 612 1670 ὡς
633 1590 730 1677 ἄνδρ’
758 1593 896 1678 ἐβάδιζε,
920 1602 985 1659 νῦν
1009 1587 1054 1675 δ’,
1077 1599 1169 1676 είπερ

157 1698 202 1774 ῶς
220 1697 353 1783 ἀληθῶς
372 1698 588 1779 ἀπελελοίπει,
606 1707 770 1763 τοσοῦτον
788 1697 830 1764 ἀν
849 1702 973 1783 χρόνον
988 1692 1166 1783 χηρεύουσ’

156 1802 294 1888 ἠνείχετ’
321 1804 395 1882 έξὸν
417 1805 506 1891 ἀλλςο
530 1815 715 1885 συνοικεῖν,
745 1802 856 1870 τοῦτ’
884 1804 1034 1888 ἀδελφοῦ
1056 1827 1169 1886 κεκτη-

156 1909 260 1994 μένου
286 1911 451 1994 τοσαύτην
479 1909 612 1991 οὐσίαν,
640 1910 723 1994 αὐτή
750 1932 785 1974 τε
810 1912 934 1994 ταύτην
962 1912 1084 1994 ἔχουσα
1106 1910 1169 1994 τὴν

115 2014 302 2098 Μὴλικίανς
330 2015 392 2080 ούκ
420 2019 485 2100 ἔχει
511 2008 603 2079 ταῦτ’
629 2014 792 2099 ἀλήθειαν
820 2011 846 2081 δ)
873 2017 994 2098 ἄνδρες
1018 2013 1168 2080 δικασταὶ

156 2125 320 2204 πιθανήν,
349 2119 432 2184 ἀλλὰ
459 2121 553 2202 λύγοι
579 2114 670 2186 ταῦτ’
696 2123 775 2202 είσί,
804 2131 955 2186 συνοικεῖ
980 2117 1011 2185 δ’
1037 2118 1058 2202 ἡ
1081 2122 1168 2204 γυνη

156 2237 310 2312 φανερῶς
332 2223 387 2290 καλ
406 2223 478 2290 οὐδ’
503 2225 733 2310 ἐπικρύπτεται
751 2228 789 2292 τὸ
808 2236 949 2310 πρᾶγμα.
987 2224 1169 2311 παρέξομαι

157 2327 188 2399 δ’
204 2333 284 2418 ὑμῖν
300 2337 521 2415 Πασιφῶντος
539 2335 733 2416 μαρτυρίαν,
754 2331 790 2408 δς
808 2333 1046 2416 ἀρρωστοῦσαν
1062 2332 1168 2415 αὐτὴν

156 2439 354 2522 θεραπεύων
381 2435 468 2522 ἑώρα
493 2441 776 2523 παρακαθήμενον
795 2433 947 2521 ’Ἄφοβον
970 2436 1024 2504 ἐπὶ
1044 2440 1169 2504 τούτου

155 2555 216 2613 τοῦ
234 2546 404 2630 ἄρχοντος,
423 2544 486 2626 ἤδη
505 2545 612 2630 τούτῳ
630 2541 769 2626 ταυτησὶ
786 2551 845 2627 τῆς
858 2545 952 2626 δίκης
965 2543 1167 2628 εἰληγμένης.

155 2654 214 2718 καί
233 2673 291 2735 μοι
314 2644 392 2731 λαβὲ
415 2650 477 2732 τὴν
501 2654 724 2732 Πασιφῶντος
745 2652 938 2734 μαρτυρίαν.

561 2859 751 2912 ΜΔΡΤΤΡΙΑ.

116 2983 143 3024 ⁸⁸
242 2964 323 3052 Ἐρῶ
355 2971 472 3033 τοίνυν
501 2966 598 3042 είδὼς
625 2961 652 3030 ὦ
680 2967 799 3048 ἀνδρες
827 2964 977 3031 δικασταὶ
1004 2965 1060 3033 καλ
1086 2969 1167 3052 μετὰ

155 3077 217 3160 τὴν
253 3077 350 3157 δίκην
385 3081 505 3138 τούτου
537 3072 641 3148 εὐθὺς
674 3071 939 3155 ἀποδεδεγμένον
969 3073 1010 3137 τὰ
1042 3071 1079 3138 ἐκ
1109 3083 1167 3158 τῆς

156 3184 262 3258 οίκιάς
284 3189 341 3265 τῆς
360 3174 506 3263 Ἀφόβου
529 3179 692 3262 χρήματα,
723 3175 778 3242 καὶ
800 3177 919 3260 κύριον
941 3187 1009 3242 τῶν
1031 3171 1060 3241 τ’
1086 3178 1166 3244 ἐκεί-

155 3310 219 3352 νου
246 3283 390 3350 καὶτῶν
414 3283 501 3367 ἐμῶν
524 3281 680 3348 διπάντων
702 3281 939 3366 γεγενημένον,
966 3279 1021 3346 καὶ
1044 3298 1219 3349 συνοίσει

154 3402 281 3459 κοῦσαν
307 3390 422 3477 [αὐτῷ]
446 3390 507 3471 τὴν
528 3399 671 3472 γυναῖκα
694 3399 809 3472 σαφῶς
830 3388 1055 3472 ἐπιστάμενος,
1078 3400 1166 3474 τρεῖς

155 3501 360 3577 θεραπαίνας
396 3490 525 3579 έξῄτησ’
561 3495 678 3578 αὐτόν,
715 3497 753 3561 αἲ
782 3495 1005 3561 συνοικοῦσάν
1036 3516 1072 3560 τε
1103 3497 1165 3578 τὴν
