2614 3904
166 161 232 228 366
476 168 560 220 xxx.
583 166 863 220 οιιιιοεοιεαουε

166 325 210 403 ὡς
229 325 328 402 αὐτὸς
342 323 489 410 ’Ἄφοβος
507 327 669 411 ὡμολόγει
687 329 880 412 κομίζεσθαι
898 327 957 392 τὸν
975 328 1075 392 τόκον
1089 328 1182 412 παρά

170 431 402 516 Τιμοκράτους.
447 433 506 496 καί
525 454 581 515 μοι
605 427 684 516 λαβὲ
706 433 764 508 τὰς
787 434 976 516 μαρτυρίας.

567 642 770 696 mmmm.
1287 701 1288 726 ÷

127 765 152 805 1⁰
251 744 302 829 Ἐξ
326 749 427 834 ἀρχῆς
448 745 508 834 μὲν
526 751 643 815 τοίνυν
662 749 870 834 ὁμολογεῖται
889 750 933 834 μὴ
953 751 1098 834 δοθῆναι
1116 750 1181 834 τὴν
1287 729 1288 796 {

165 867 286 940 προῖκα
313 853 396 941 μηδὲ
423 854 581 939 γενέσθαι
604 856 722 940 κόριον
746 857 847 940 αὐτῆς
867 855 1028 941 Ἄφοβον.
1074 857 1179 940 δῆλον

167 958 203 1027 δὲ
231 961 285 1028 καὶ
313 961 348 1028 ἐκ
375 973 442 1027 τῶν
470 963 621 1042 εἰκότων,
649 961 699 1027 ότι
727 963 855 1028 τούτων
880 957 963 1047 ἕνεχ’
991 956 1039 1028 ὧν
1063 967 1179 1044 είρηκα
1287 965 1288 1038 ἦ

166 1067 313 1151 ὀφείλειν
337 1069 466 1133 εἵλοντο
489 1071 630 1150 μᾶλλον,
655 1066 675 1151 ἣ
698 1067 887 1153 καταμείξαι
910 1067 971 1150 την
994 1061 1104 1152 προῖκ’
1131 1069 1180 1145 είς

165 1174 227 1256 την
255 1174 374 1239 οὐσίαν
399 1173 460 1256 την
484 1170 632 1257 Ἀφόβου
654 1173 715 1256 τὴν
739 1173 826 1239 οὕτω
849 1174 1180 1256 κινδυνευθήσεσθαι

166 1279 360 1362 μέλλουσαν.
396 1279 554 1362 οὔτεγὰρ
573 1276 617 1346 δι’
636 1278 778 1364 ἀπορίαν
792 1271 871 1346 οἷόν
884 1272 913 1343 τ’
931 1280 1034 1344 εἰπεῖν
1054 1279 1098 1355 ὡς
1117 1280 1180 1345 οὐκ

166 1385 271 1463 εὐθὺς
294 1384 474 1451 ἀπέδοσαν·
502 1385 697 1468 Τιμοκράτει
715 1407 750 1450 τε
768 1383 831 1469 γάρ
851 1385 942 1450 ἐστιν
960 1384 1057 1450 οὐσία
1075 1383 1179 1451 πλέον

166 1491 187 1575 ἢ
207 1491 285 1556 δέκα
304 1492 484 1573 ταλάντων,
501 1488 654 1574 Ὀνήτορί
668 1513 702 1556 τε
721 1488 822 1554 πλέον
841 1489 861 1573 ἢ
880 1491 1067 1574 τριάκοντα,
1088 1488 1166 1555 ὥστ’
1180 1507 1232 1558 867

128 1613 151 1650 11
167 1598 228 1663 οὐκ
252 1596 294 1662 ἀν
317 1598 372 1662 διά
395 1598 494 1662 τοῦτό
517 1591 548 1679 γ’
574 1590 641 1661 είεν
665 1595 727 1661 οὐκ
750 1595 854 1673 εὐθὺς
877 1596 1069 1673 δεδωκότες·
1085 1583 1087 1588 ’
1102 1597 1179 1662 οὔτε

165 1707 311 1788 κτήματα
334 1699 395 1789 μὲν
417 1699 459 1787 ἦν
483 1702 606 1783 αὐτοῖς,
630 1700 791 1786 ἀργύριον
815 1695 846 1767 δ’
868 1702 929 1767 οὐκ
947 1703 1040 1786 ἔτυχε
1058 1706 1178 1786 παρόν,

165 1809 294 1892 ἡγυνὴ
320 1805 349 1874 δ’
377 1808 522 1892 ἐχήρευε,
548 1807 600 1871 διὸ
623 1805 743 1892 πρᾶξαι
766 1801 858 1872 ταῦτ’
885 1805 1093 1891 ἠπείχθησαν
1118 1809 1178 1893 οὐχ

165 1915 232 1999 ἀμα
250 1916 311 1998 τὴν
329 1925 450 1997 προῖκα
470 1914 633 1990 διδόντες·
653 1912 813 1997 ἀργύριόν
832 1935 866 1980 τε
880 1914 943 1998 γὰρ
959 1907 1050 1978 οὗτοι
1068 1915 1179 1980 δανεί-

168 2023 280 2099 ζουσιν
300 2020 411 2097 ἀλλοις
431 2019 492 2084 οὐκ
510 2019 637 2101 ὀλίγον,
657 2019 882 2084 συνοικοῦσάν
900 2041 934 2083 τε
947 2019 1081 2103 ταύτην,
1102 2018 1173 2085 ἀλλ’

167 2125 208 2191 οὐ
228 2115 437 2211 χηρεύουσαν
455 2125 544 2209 παρά
567 2125 792 2210 Τιμοκράτους
810 2123 977 2206 ἐξέδοσαν,
1001 2123 1076 2189 ὥστ’
1100 2120 1174 2191 οὐδ’

167 2231 208 2298 δν
231 2233 354 2315 ταύτην
377 2233 438 2315 τὴν
462 2240 584 2314 σκῆψιν
608 2233 740 2308 εἰκότως
763 2231 874 2297 αὐτῶν
896 2254 947 2308 τις
974 2231 1177 2313 ἀποδέξαιτο.

127 2354 152 2394 1²
166 2337 221 2404 καὶ
244 2335 304 2422 μὲν
328 2339 368 2421 δὴ
394 2333 419 2403 ὧ
443 2338 562 2421 ἀνδρες
582 2334 733 2402 δικασταὶ
751 2335 882 2402 κάκεῖνο
902 2335 944 2402 ἀν
962 2338 1081 2416 πάντες
1099 2339 1177 2425 ὁμο·

166 2448 357 2528 λογήσαιτε,
380 2444 431 2508 ὅτι
453 2451 585 2508 τοιοῦτο
608 2451 741 2526 πρᾶγμα
764 2443 998 2509 συναλλάττων
1021 2445 1177 2510 ὁστισοῦν

166 2548 264 2616 ἕλοιτ’
282 2548 324 2614 ἀν
343 2546 441 2637 ἑτέρω
461 2552 586 2633 μᾶλλον
605 2548 764 2632 ὀφείλειν,
784 2547 803 2631 ἦ
823 2550 963 2634 κηδεστῇ
982 2551 1043 2632 τὴν
1057 2563 1177 2635 προῖκα

167 2657 210 2743 μὴ
235 2656 427 2722 ἀποδοῦναι.
465 2654 509 2739 μη
534 2655 775 2738 διαλυσάμενος
797 2650 858 2738 μὲν
879 2656 942 2740 γάρ
964 2659 1079 2738 [ἔσται]
1099 2661 1177 2741 χρη-

167 2781 245 2846 στης
272 2764 394 2844 άδηλος
421 2754 479 2826 εἴτ’
506 2759 672 2825 ἀποδώσει
700 2761 834 2836 δικαίως
862 2766 925 2826 εἴτε
948 2765 1008 2845 μή,
1036 2763 1116 2846 μετά
1140 2759 1179 2828 δό

167 2879 224 2953 τῆς
251 2869 409 2952 γυναικὸς
435 2865 586 2949 τάκείνης
615 2865 761 2942 ἀποδοὺς
784 2867 904 2943 οἰκεῖος
926 2866 981 2934 καί
1003 2870 1177 2952 κηδεστής·

128 2992 153 3030 1⁸
167 2977 204 3041 όν
225 2976 363 3062 οὐδεμιᾷ
383 2974 446 3057 γάρ
466 2973 555 3038 ἐστιν
574 2971 700 3058 ὑποψίᾳ
718 2972 758 3037 τόι
777 2973 887 3049 δίκαια
905 2974 1011 3040 πάντα
1028 2977 1178 3057 ποιήσας.
1287 3051 1288 3056 ¹

168 3079 251 3146 ὥσθ’
279 3080 385 3156 οὕτως
407 3087 467 3144 τοῦ
490 3079 679 3161 πράγματος
702 3080 845 3162 ἔχοντος,
869 3077 1074 3145 καὶτούτων
1097 3078 1179 3147 οὐδὲ

167 3182 245 3253 καθ’
267 3188 304 3252 ἓν
327 3181 375 3252 ὧν
398 3179 492 3250 εἷπον
515 3184 663 3268 ὀφείλειν
686 3182 976 3268 ἀναγκασθέντων,
1000 3182 1079 3252 οὐδὲ
1097 3191 1178 3270 βου·
1287 3221 1288 3252 ι

169 3291 341 3376 ληθίντων
364 3293 416 3372 ἀν,
441 3289 501 3355 οὐκ
525 3287 590 3355 ἔστ’
618 3292 720 3356 είπείν
743 3290 848 3373 ἀλλην
871 3293 1039 3375 πρόφασιν
1062 3290 1106 3358 δι’
1133 3293 1178 3376 ἣν

165 3397 231 3461 οὐκ
258 3395 439 3478 ἀπέδοσαν,
467 3393 537 3460 ἀλλ’
567 3395 691 3479 ἀνάγκη
718 3396 842 3480 ταύτην
865 3391 1032 3480 εἶναιτὴν
1056 3400 1177 3484 αἰτίαν,

96 3537 99 3542 -
172 3495 215 3562 δι’
241 3501 283 3582 ἣν
307 3503 424 3566 δοῦναι
447 3502 508 3583 την
531 3499 640 3584 προῖκ’
667 3503 728 3568 οὐκ
750 3501 954 3568 ἐπίστευσαν.
1024 3542 1027 3550 ·
