2616 3910
150 167 216 234 428
433 172 542 226 xxxv.
567 170 872 242 [Δαμοτοοαοττ]

151 331 290 408 τούτους
317 330 381 419 δτφ
409 328 451 396 ἀν
476 331 663 415 βούλωνται
686 331 722 396 ἰν
745 339 791 415 τῷ
815 333 936 418 Πόντῳ
958 331 999 396 τὰ
1021 329 1163 415 ἡμέτερα
1290 321 1291 326 ¹

151 436 232 501 ἀνευ
250 435 355 520 ἡμῶν,
376 433 449 502 ἀλλ’
467 434 627 520 Ἀθήναζε
645 435 801 522 παρέχειν
820 435 974 520 ἀνέπαφα
990 435 1081 520 ἡμῖν,
1101 436 1164 514 ἕως

151 539 194 605 ἀν
211 541 305 626 ἡμεῖς
323 540 541 627 ἀπολάβωμεν
559 542 600 606 τὰ
617 544 766 627 χρήματα
785 536 837 607 δσ’
855 540 1079 626 ἐδανείσαμεν.
1107 546 1167 608 καί

151 627 208 730 μοι
231 646 457 730 ἀναγίγνωσκε
479 647 541 731 την
564 649 763 733 συγγραφὴν
785 647 894 712 πάλιν.

550 859 756 912 mmm

112 979 138 1020 ³⁸
242 967 392 1049 Πότερον
429 960 455 1030 δι
492 966 612 1051 ἄνδρες
648 964 800 1032 δικασταὶ
835 968 997 1046 δανείζειν
1027 965 1155 1031 κελεύει
1165 976 1217 1028 937
1294 1017 1295 1020 ,

152 1071 290 1148 τούτους
311 1069 333 1154 ἡ
356 1072 533 1156 συγγραφὴ
556 1071 597 1136 τὰ
619 1069 775 1157 ἡμέτερα,
798 1071 853 1138 καὶ
876 1068 967 1137 ταῦτ’
994 1071 1164 1160 ἀνθρώπφ

152 1173 192 1242 δν
221 1175 314 1260 ἡμεῖς
341 1175 417 1242 οὔτε
445 1178 674 1261 γιγνώσκομεν
701 1174 780 1243 οὔθ’
812 1176 994 1263 ἑοράκαμεν
1021 1179 1165 1260 πώποτε,

152 1279 173 1364 ἢ
210 1281 551 1367 ἀντιφορτισαμένους
586 1287 720 1367 κομίσαι
752 1280 912 1368 Ἀθήναζε
947 1280 1003 1349 καί
1034 1284 1165 1368 φανερὰ

114 1401 139 1442 ³⁹
153 1395 285 1470 ποιῆσαι
314 1386 395 1472 ἡμῖν
419 1386 474 1454 καὶ
497 1387 651 1472 ἀνέπαφα
673 1386 842 1474 παρέχειν;
870 1387 892 1472 ἡ
914 1385 976 1473 μὲν
997 1389 1061 1474 γὰρ
1084 1405 1165 1472 συγ-

153 1494 264 1578 γραφὴ
288 1490 388 1559 οὐδὲν
410 1495 613 1579 κυριώτερον
632 1495 670 1581 ἐᾷ
689 1491 860 1560 εἶναιτῶν
879 1493 1164 1579 ἐγγεγραμμένων,

153 1594 232 1664 οὐδὲ
259 1597 462 1682 προσφέρειν
485 1599 561 1665 οὔτε
584 1601 690 1685 νόμον
713 1600 789 1666 οὔτε
811 1603 967 1685 ψήφισμα
990 1597 1060 1666 οὔτ’
1088 1596 1160 1664 ἀλλ’

154 1701 227 1770 οὐδ’
259 1703 373 1770 ὁτιοῦν
399 1706 482 1788 πρὸς
508 1706 570 1789 τὴν
597 1707 809 1790 συγγραφήν·
839 1708 970 1783 τούτοις
997 1702 1028 1771 δ’
1059 1705 1165 1783 εὐθὺς

153 1809 186 1888 έξ
214 1809 316 1895 ἀρχῆς
338 1806 440 1878 οὐδέν
462 1809 598 1896 ἐμέλησε
621 1821 679 1896 τῆς
701 1821 896 1898 συγγραφῆς
918 1812 1052 1896 ταύτης,
1080 1811 1165 1878 ἀλλὰ

153 1926 223 1993 τοῖς
253 1920 418 2001 χρήμασιν
449 1916 592 2002 ἐχρῶντο
624 1929 694 1994 τοῖς
725 1916 894 2003 ἡμετέροις
925 1917 1034 2001 ὥσπερ
1065 1919 1165 1996 ἰδίοις

154 2017 251 2088 οὖσιν
278 2022 401 2088 αὑτῶν·
435 2022 540 2100 οὕτως
567 2020 652 2089 εἰσίν
680 2017 773 2089 οὗτοι
799 2032 980 2108 κακοῦργοι
1008 2021 1165 2106 σοφισταί

114 2143 141 2182 ⁴0
153 2125 209 2193 καί
231 2129 342 2194 ἀδικοι
360 2129 544 2214 ἅνθρωποι.
582 2129 646 2212 ἐγώ
665 2124 712 2212 δὲ,
736 2130 781 2212 μά
798 2130 858 2194 τὸν
876 2132 945 2194 Δία
962 2131 1021 2195 τὸν
1039 2129 1165 2196 ἀνακτα

152 2231 312 2310 καὶτοὺς
339 2236 443 2311 θεοὺς
469 2235 629 2318 ἅπαντας,
657 2229 862 2301 οὐδεπώποτ’
889 2235 1063 2320 ἐφθόνησα
1086 2231 1159 2300 οὐδ’

153 2341 331 2424 ἐπετίμησα
349 2335 376 2405 ώ
396 2340 516 2424 ἀνδρες
535 2342 695 2423 δικασταί,
715 2347 749 2406 εἰ
761 2364 811 2416 τις
830 2341 984 2423 βούλεται
1002 2342 1165 2425 σοφιστὴς

153 2441 240 2512 εἶναι
271 2443 327 2512 καί
356 2443 532 2526 Ἰσοκράτει
560 2445 722 2531 ἀργύριον
749 2446 952 2512 ἀναλίσκειν·
984 2449 1164 2531 μαινοίμην

153 2553 217 2637 γάρ
239 2550 292 2635 ἀν,
315 2557 349 2618 εί
367 2555 402 2616 τί
422 2574 479 2636 μοι
502 2553 630 2618 τούτων
654 2548 801 2636 ἐπιμελὲς
824 2557 884 2636 εἰη.
921 2550 963 2617 οὐ
985 2551 1164 2636 μέντοιμὰ

153 2662 222 2724 Δία
254 2653 349 2741 οἰμαί
377 2680 414 2741 γε
447 2658 519 2723 δεῖν
551 2657 752 2742 ἀνθρώπους
782 2667 1076 2742 καταφρονοῦντας
1106 2655 1162 2723 καὶ

154 2764 327 2848 οἰομένους
350 2764 482 2839 δεινοὺς
505 2758 591 2829 εἰναι
610 2763 766 2846 ἐφίεσθαι
783 2773 850 2828 τών
868 2763 1062 2848 ἀλλοτρίαν,
1084 2760 1158 2829 οὐδ’

154 2869 383 2954 ἀφαιρεῖσθαι,
401 2876 446 2956 τῷ
466 2871 553 2955 λόγφ
568 2867 797 2946 πιστεύοντας·
819 2879 970 2954 πονηροῦ
983 2869 1046 2954 γὰρ
1059 2869 1164 2934 ταῦτά

114 2991 139 3030 ⁴1
154 2973 185 3060 γ’
204 2975 272 3040 ἐστι
291 2982 454 3057 σοφιστοῦ
472 2971 528 3038 καὶ
547 2970 780 3057 οἰμωξομένου.
809 2973 973 3058 Λάκριτος
991 2971 1021 3040 δ’
1038 2971 1154 3040 οὑτοσὶ
1165 2988 1217 3038 988

154 3077 181 3147 ώ
204 3082 323 3166 ἀνδρες
347 3076 497 3144 δικασταὶ
521 3077 562 3144 οῦ
584 3086 629 3166 τῷ
650 3079 767 3166 δικαίφ
785 3079 950 3144 πιστεύων
968 3079 1163 3163 εἰσελήλυθε

154 3189 277 3271 ταύτην
299 3187 362 3269 την
385 3187 491 3269 δίκην,
516 3181 587 3250 ἀλλ’
614 3184 756 3270 ἀκριβῶς
779 3185 875 3262 εἰδὼς
897 3185 937 3249 τὰ
959 3183 1159 3271 πεπραγμέν’

155 3294 283 3370 ἑαυτοῖς
304 3290 379 3374 περὶ
396 3275 439 3357 Ιτὸ
464 3292 624 3376 δάνεισμα
645 3300 755 3374 τοῦτο,
778 3289 834 3356 καὶ
851 3289 1036 3376 ἡγούμενος
1054 3291 1166 3369 δεινος

156 3397 242 3465 εἰναι
263 3397 318 3464 καί
342 3398 465 3483 ῥᾳδίως
488 3399 608 3481 λόγους
628 3403 820 3480 ποριεῖσθαι
842 3395 918 3478 περὶ
930 3397 1063 3476 Ιἀδίκων
1080 3419 1164 3483 πρα-

17 3519 19 3584 j
156 3505 300 3585 γμάτοιν,
319 3508 421 3568 οἰεται
439 3501 597 3584 παράξειν
615 3502 700 3586 ὑμᾶς
718 3503 795 3568 ὅποι
808 3501 850 3568 ἀν
865 3502 1032 3586 βούληται.
1059 3513 1163 3570 ταῦτα
