2612 3918
157 105 201 172 62
471 112 546 166 xxJ.
568 109 848 166 ΔΗυοεουκουε

156 281 369 356 μαρτυρῶσιν
382 270 520 354 ἀληθεῖς
534 265 628 338 εἶναι.
655 271 946 356 προσδιαφθείρας
959 272 1077 337 τοίνυν
1089 275 1169 346 τοδε

155 377 268 461 κριτὰς
289 386 335 466 τῷ
359 376 463 461 ἀγῶνι
485 388 553 443 τῶν
576 377 721 464 ἀνδρῶν,
746 377 808 443 δύο
831 371 929 444 ταῦθ’
952 374 1094 461 ὡσπερεὶ
1115 399 1169 442 κε-

157 477 269 564 φίλατ’
292 479 345 566 ἐφ’
367 482 469 548 ἅπασι
491 493 562 560 τοῖς
585 482 674 572 αὑτβ
692 479 975 566 νενεανιευμένοις
993 480 1169 568 έπέθηκεν,

156 585 239 672 έμοῢ
260 583 321 671 μὲν
343 587 482 670 ὕβρισεν
504 589 541 652 τὸ
565 598 669 672 σῶμα,
692 596 732 673 τή
756 592 846 674 φυλή
868 583 905 654 δέ
923 587 1089 673 κρατούσῃ
1107 588 1169 653 τὸν

156 690 258 778 ἀγῶν’
281 694 472 770 αίτιώτατος
493 701 554 760 τοῦ
576 694 620 778 μή
644 702 777 777 νικῆσαι
799 691 946 778 κατέστη.
1168 706 1220 756 σει

117 816 144 857 1⁹
250 799 298 864 Τδ
320 797 381 884 μὲν
404 793 467 866 οὖν
490 800 537 876 είς
560 796 615 884 ἐμὲ
632 797 688 866 καὶ
705 801 783 876 τοὺς
801 797 945 884 φυλέτας
961 796 1169 884 ἠσελγημένα

156 902 213 971 καὶ
234 902 310 989 περὶ
327 904 390 989 τήν
408 902 527 989 ἑορτήν
545 904 729 989 ἀδικήματα
746 905 853 994 τούτῳ
871 902 1087 990 πεπραγμέν’,
1111 899 1165 990 ἐφ’

157 1002 208 1087 οἷς
235 1011 338 1077 αὐτὸν
365 1010 618 1096 προύβαλόμην,
645 1007 736 1076 ταῦτ’
763 1011 853 1076 ἔστιν
880 1003 907 1075 ὑ
930 1009 1050 1093 ἄνδρες
1069 1004 1168 1094 Ἀθη-

156 1126 261 1200 ναῖοι,
289 1115 344 1184 καί
370 1111 465 1185 πόλλ’
491 1113 588 1202 ἕτερ’,
617 1110 665 1183 ὧν
692 1113 742 1181 όσ’
768 1114 811 1182 δν
833 1108 904 1194 οἷός
925 1108 954 1181 τ’
980 1110 1007 1181 ὦ
1031 1114 1168 1202 διέξειμι

157 1223 241 1310 πρὸς
258 1221 343 1308 ὑμᾶς
361 1223 479 1290 αὐτίκα
497 1223 538 1307 δή
557 1224 653 1308 μάλα.
683 1225 746 1307 ἔχω
765 1217 803 1288 δέ
815 1221 926 1306 λέγειν
938 1218 993 1286 καλ
1007 1226 1169 1306 πονηρίας

158 1327 269 1414 ἑτέροις
291 1333 501 1414 παμπληθεῖς
521 1328 626 1395 αὐτοῦ
643 1325 698 1393 καὶ
716 1327 830 1412 ὕβρεις
847 1329 895 1406 είς
911 1331 1056 1406 πολλοὺς
1073 1327 1168 1414 ὑμῶν

118 1451 145 1492 ²⁰
157 1432 213 1500 καὶ
229 1438 420 1520 τολμήματα
437 1443 499 1501 τοῦ
515 1442 639 1519 μιαροῦ
655 1435 778 1500 τούτου
794 1435 902 1501 πολλὰ
917 1431 971 1500 καλ
986 1434 1090 1517 δεινοί,
1110 1433 1165 1519 ἐφ’

158 1531 209 1618 οἷς
230 1553 298 1608 τῶν
320 1543 540 1607 πεπονθότων
562 1541 598 1605 οί
617 1536 678 1625 μὲν
701 1534 867 1623 ὧόίνδρες
885 1541 1046 1625 δικασταί,
1069 1563 1167 1608 κοιτα-

158 1648 327 1724 δείσαντες
348 1655 468 1712 τοῦτον
489 1643 545 1711 καὶ
567 1646 604 1712 τὸ
627 1645 749 1712 τούτου
771 1646 900 1730 θροίσος
921 1642 977 1712 καί
995 1649 1073 1723 τοὺς
1090 1646 1168 1733 περί

158 1753 261 1819 αὑτὸν
288 1750 438 1837 ἑταίρους
463 1749 520 1818 καὶ
546 1757 692 1818 πλοῦτον
717 1748 773 1817 καλ
799 1745 890 1816 τᾶλλ’
916 1752 979 1818 ὅσα
1002 1752 1043 1836 δή
1065 1754 1167 1839 πρόσ·
1295 1771 1296 1774 ’

121 1921 123 1927 .
158 1874 228 1923 εστι
249 1858 367 1946 τούτῳ,
390 1855 532 1942 ἡσυχίαν
551 1859 660 1943 ἔσχον,
684 1857 720 1922 οί
735 1853 766 1922 δ’
788 1855 1052 1941 ἐπιχειρήσαντες
1069 1858 1167 1943 δίκην

158 1966 272 2047 λαβεῖν
300 1962 361 2027 οὐκ
389 1961 619 2046 έδννήθησαν,
647 1959 711 2028 είσλ
739 1959 770 2026 δ’
797 1964 833 2027 οἳ
858 1959 1060 2046 διελόσανί,
1088 1969 1168 2042 ῖσως

157 2073 342 2135 λυσιτελεῖν
363 2067 553 2153 ἡγούμενοι.
588 2067 651 2152 τήν
673 2064 734 2153 μὲν
757 2060 819 2132 οὖν
838 2063 920 2149 ὑπὲρ
940 2067 1051 2135 αὑτῶν
1069 2071 1168 2154 δίκην

157 2178 292 2261 ἔχουσιν
310 2173 398 2256 οἵγε
416 2173 621 2251 πεισθέντες·
644 2182 702 2255 της
721 2169 751 2239 δ’
773 2169 857 2258 ὑπὲρ
875 2184 942 2240 τῶν
960 2177 1084 2259 νόμων,
1108 2175 1168 2254 οὑς

157 2281 308 2368 παραβὰς
329 2273 427 2356 οὑτος
449 2277 622 2354 κάκείνους
643 2277 751 2362 ήδίιιει
772 2275 827 2344 καλ
849 2287 914 2344 νῦν
936 2274 992 2364 ἐμὲ
1011 2278 1068 2347 καί
1084 2281 1168 2348 πείν-

118 2406 144 2446 εῑ
157 2411 216 2465 τας
237 2389 317 2464 τοὺς
338 2386 470 2465 ἄλλους,
493 2383 587 2468 ὑμεῖς
609 2379 680 2448 ἐστέ
703 2385 912 2469 κληρονόμοι.
948 2385 1082 2451 πάντων
1104 2381 1168 2454 οὑν

158 2492 296 2579 ἁθρόων
316 2491 354 2558 ἓν
370 2494 494 2575 τίμημα
512 2491 709 2573 ποιήσασθε,
733 2489 752 2554 ό
769 2513 802 2555 τι
820 2487 862 2556 δν
881 2492 1011 2557 δίκαιον
1029 2490 1167 2577 ήγήσδε.

159 2597 311 2680 ἐξελέγξω
340 2593 377 2662 δὲ
403 2606 537 2680 πρῶτον
563 2591 625 2680 μέν
647 2588 698 2659 ὑπ’
724 2594 822 2672 αὐτὸς
845 2595 1028 2681 ὑβρίσθην,
1057 2596 1164 2664 ἔπειθ’

159 2700 209 2770 όσ’
227 2703 332 2788 ὑμεῖς·
352 2702 432 2786 μετὰ
449 2709 551 2767 ταῦτα
571 2698 607 2766 δὲ
626 2698 682 2766 καὶ
699 2702 758 2767 τὸν
772 2701 875 2767 ἄλλον
893 2695 919 2767 ὦ
934 2702 1054 2788 ἄνδρες
1068 2700 1168 2789 Ἀθη-

158 2820 249 2874 ναῖοι
279 2810 355 2892 βίον
386 2807 491 2872 αὑτοῦ
516 2804 611 2872 πάντ’
642 2803 796 2889 έξετοίσω,
828 2805 883 2873 καλ
911 2806 1006 2886 δείξω
1034 2813 1168 2876 πολλῶν

157 2915 327 2996 θανάτων,
351 2912 412 2998 οὐχ
431 2910 504 2988 ἑνὸς
522 2905 592 2978 ὄντ’
614 2911 716 2990 ἄξιον.
752 2910 839 2996 Λέγε
857 2935 914 2998 μοι
931 2915 993 2997 τήν
1010 2922 1071 2980 τοῦ
1088 2938 1168 3002 χρυ
1258 2919 1261 2927 “

159 3023 282 3106 σοχόου
304 3018 439 3104 πρώτην
461 3019 573 3101 λαβὼν
596 3020 790 3102 μαρτυρίαν.

565 3237 757 3291 ΜΔΡΤΤΡΙΑ.

119 3366 146 3405 2¹
294 3348 473 3432 [Παμμένης
495 3345 677 3430 Παμμένους
694 3344 827 3431 Ἐρχιεὺς
849 3347 904 3432 ἔχει
926 3329 1112 3433 ηρυσοηοεῖον
1134 3347 1169 3413 έν

203 3455 239 3534 πή
266 3445 374 3534 δγορᾷ,
400 3446 434 3510 έν
459 3433 483 3532 ᾧ
505 3445 716 3528 καταγίγνομαι
737 3445 788 3508 καλ
809 3446 964 3529 ἐργάζομαι
985 3445 1040 3526 τήν
1062 3463 1169 3530 ηρυσο-
