2612 3918
500 181 595 230 RATA
613 179 776 232 ΜΕιΔιοο.
1101 176 1144 242 53

570 336 705 390 ΑΛΛΩΣ,
1146 341 1198 392 610

222 441 371 521 Διάφοροι
387 434 458 521 παρ’
481 433 662 517 Ἀθηναίους
679 436 786 520 ήγοντο
805 436 912 520 ἑορταί,
934 437 968 501 έν
986 431 1034 511 αίς
1052 430 1090 518 ῆν
1108 436 1144 500 τὰ

131 536 352 615 Παναθήναια,
380 536 453 617 άπερ
477 529 552 618 ἦσαν
576 537 680 614 διπλᾶ,
708 536 797 617 μικρά
819 557 848 598 τε
871 535 921 597 καλ
943 536 1064 618 μεγάλα·
1094 534 1145 598 καλ

131 633 167 695 τδι
190 630 245 713 μὲν
268 634 377 714 μεγάλα
399 632 473 695 κατὰ
490 633 702 714 πενταετηρίδα
720 631 919 712 ἐπετελοῦντο,
941 631 1015 694 κατὰ
1033 654 1144 715 τριετη-

132 732 202 812 ρίδα
224 727 256 792 δὲ
278 730 313 791 τδι
337 730 434 811 μικρά.
475 729 508 792 έν
531 736 591 802 τοῖς
615 730 749 810 μεγάλοις
774 726 805 790 δέ
827 728 976 809 γυμνάσιά
998 753 1064 790 τινα
1085 727 1144 810 έγί-

132 848 233 905 νοντο,
250 825 302 888 καί
318 827 515 908 προύβάλλετο
534 821 588 906 άφ’
604 825 727 904 ἑκάστης
746 829 843 904 φυλῆς
861 819 903 899 εἷς
916 827 1144 908 γυμνασίαρχος,

133 924 294 1004 λαμβάνων
324 924 456 1005 χρήματα
487 925 529 997 είς
556 923 588 985 τὸ
614 922 773 1004 γυμνάζειν
799 922 870 995 τοὺς
898 922 1055 1002 μέλλοντας
1081 924 1144 988 έπι·

132 1020 243 1083 τελέσαι
269 1020 324 1100 τῆν
350 1018 471 1102 έορτήν,
497 1019 547 1083 καί
574 1020 692 1082 διδόναι
713 1018 765 1092 τὰς
787 1020 900 1082 τούτων
923 1021 1058 1096 δαπάνας
1079 1028 1144 1096 τοίς
1204 1024 1208 1033 “

103 1129 185 1198 ετῆς
209 1117 301 1180 αὑτοῦ
324 1122 431 1197 φυλῆς.
475 1115 560 1199 ήγετο
584 1115 616 1178 δέ
638 1111 709 1198 παρ’
734 1115 836 1189 αὐτοῖς
858 1115 908 1179 καλ
930 1117 965 1178 τὰ
987 1120 1145 1198 Διονύσια,

132 1214 297 1279 καὶταῦτα
320 1214 423 1294 διπλῶ,
450 1215 539 1297 μικρά
561 1237 590 1277 τε
612 1212 663 1277 καί
686 1213 802 1295 μεγάλα.
847 1212 898 1275 καί
919 1214 954 1276 τά
977 1213 1031 1294 μέν
1055 1215 1144 1298 μικρά

131 1311 218 1395 ήγετο
236 1306 301 1374 κατ’
317 1309 391 1390 έτος,
408 1310 444 1372 τδι
463 1309 494 1374 δέ
513 1312 622 1394 μεγάλα
641 1310 690 1372 διὰ
707 1311 886 1392 τριετηρίδος
904 1311 936 1374 ἐν
955 1319 1016 1386 τοῖς
1031 1315 1144 1392 ληνοῖς,

131 1410 165 1472 ἕν
198 1404 244 1483 οἷς
273 1408 471 1492 προύβάλλετο
498 1408 622 1491 χορηγὸς
650 1402 705 1487 ἀφ’
733 1405 857 1487 ἓκάστης
884 1413 982 1489 φυλῆς
1009 1409 1083 1492 πρὸς
1111 1409 1157 1472 τό

131 1506 250 1590 τρέφειν
277 1506 383 1588 χοροὺς
410 1506 526 1567 παίδων
553 1527 583 1567 τε
609 1503 660 1567 καλ
686 1502 818 1586 ἀνδρῶν·
850 1503 996 1586 ἐλάμβανε
1019 1505 1051 1568 δέ
1073 1506 1143 1588 χρή·

132 1627 210 1684 ματα
236 1605 278 1677 είς
300 1601 415 1684 τροφῆν
437 1611 496 1664 τῶν
519 1611 572 1664 τοῦ
595 1611 693 1684 χοροῦ.
729 1601 886 1681 ἐπιστάσης
912 1600 943 1664 δὲ
966 1611 1018 1683 τῆς
1040 1602 1143 1685 ἑορτῆς

131 1700 311 1782 ἠγωνίζοντο
337 1698 413 1781 πρὸς
440 1697 582 1778 ἀλλήλους
610 1701 643 1762 οί
666 1697 785 1781 χορηγοὶ
812 1696 862 1760 καί
884 1696 1001 1779 ήριζου,
1028 1700 1143 1780 ίίμνους

131 1799 175 1871 εἰς
197 1796 250 1858 τὸν
268 1795 417 1859 Διόνυσον
436 1793 568 1880 ᾅδοντες,
590 1794 641 1859 καί
658 1802 698 1881 τῷ
718 1803 838 1857 νικῶντι
856 1797 977 1876 τρίπους
996 1796 1027 1858 τὸ
1046 1791 1143 1860 ἆθλον

130 1888 187 1976 ῆν,
213 1890 314 1971 ἐπειδή
341 1891 393 1954 τὸν
415 1892 507 1955 αὐτὸν
530 1889 637 1955 Ἥλιον
660 1892 712 1954 καλ
730 1887 898 1954 Ἀπόλλωνα
920 1890 970 1953 καί
992 1893 1143 1956 Διόνυσον

132 1989 236 2078 ᾤοντο.
272 1987 444 2070 παυομένης
467 1988 499 2051 δέ
521 1999 573 2069 τῆς
596 1988 698 2070 ἑορτῆς
720 1987 753 2050 έν
776 1993 815 2074 τῷ
836 1988 941 2075 πράτφ
960 1989 1032 2070 μηνλ
1049 1990 1143 2072 προά·

103 2089 275 2171 Ββάλλοντο
303 2087 335 2148 οί
357 2085 478 2168 χορηγολ
504 2095 556 2166 τῆς
582 2085 743 2166 μελλούσης
766 2083 876 2166 ἕορτῆς.
920 2084 953 2147 έν
976 2087 1079 2150 τοίνυν
1101 2094 1142 2172 τῷ

132 2184 258 2266 παρόντι
288 2188 380 2268 καιρῷ
412 2182 643 2264 προεβλήθησαν
675 2183 708 2245 οί
735 2181 855 2264 χορηγοὶ
884 2181 1008 2262 έκάστης
1034 2189 1143 2264 φυλῆς,

132 2281 267 2352 ἐσπάνιζε
291 2276 322 2341 δέ
345 2276 364 2358 ῆ
386 2277 563 2358 Πανδιονλς,
586 2276 605 2358 ῆ
628 2289 681 2342 τοῦ
701 2277 919 2358 Δημοσθένους
941 2279 1033 2359 φυλή,
1055 2303 1143 2362 χορη-

131 2388 204 2462 γοῦ,
230 2376 281 2439 καλ
302 2374 429 2457 ἠμέλησε
450 2375 483 2437 τὸ
505 2385 621 2458 πρῶτον
644 2373 722 2454 έτος,
747 2374 780 2437 τό
804 2375 955 2455 δεύτερον,
982 2375 1013 2438 τό
1036 2378 1142 2458 τρίτον.

132 2474 205 2548 ἔθος
236 2470 267 2536 δέ
293 2466 333 2554 ήν
360 2472 417 2554 πρὸ
445 2472 539 2552 μηνὸς
566 2483 618 2552 τῆς
645 2471 746 2554 έορτῆς
772 2471 824 2533 τὸν
851 2469 977 2554 άρχοντα
1004 2473 1142 2555 συνάγειν

132 2573 203 2645 τοὺς
226 2570 378 2652 χορηγοὺςΙ
393 2568 517 2650 ἑκάστης
539 2574 637 2648 φυλῆς
659 2569 700 2642 είς
722 2567 755 2629 τό
774 2572 872 2650 λαχεῖν
890 2569 956 2650 περί
974 2578 1033 2631 τῶν
1051 2569 1143 2649 αὐλη-

132 2677 201 2730 τῶν.
242 2665 292 2728 καλ
314 2664 465 2732 ἐλθόντων
487 2673 546 2726 τῶν
569 2673 703 2747 χορηγῶν
725 2663 847 2745 ἑκάστης
870 2670 969 2746 φυλῆς
990 2665 1069 2745 πλήν
1091 2675 1143 2747 τῆς

132 2764 351 2843 Πανδιονίδος,
378 2761 539 2842 ηότελίζετο
566 2760 625 2824 ὑπὸ
651 2762 780 2824 πάντων.
825 2761 875 2824 καί
901 2762 974 2825 ἰδὼν
1002 2761 1143 2845 όΔημο-

133 2860 246 2940 σθένης
268 2859 324 2940 τήν
344 2855 451 2921 ἑαυτοῦ
470 2857 571 2936 φυλῆν
590 2857 814 2938 άτιμαζομένην,
835 2858 993 2939 ἐθελοντής
1013 2857 1028 2922 δ
1047 2861 1142 2944 ῥήτωρ

133 2956 410 3040 αότοχειροτόνητον
437 2953 502 3036 ήτοι
529 2954 758 3037 αότεπάγγελτον
782 2955 888 3018 ἑαυτὸν
911 2957 1037 3039 χορηγὸν
1059 2956 1133 3039 ὑπὲρ
1144 2968 1193 3018 611

133 3065 185 3136 τῆς
204 3060 302 3135 φυλῆς
319 3054 504 3136 προεβάλετο,
526 3051 576 3114 καλ
593 3050 727 3138 έπηνεῖτο
745 3052 825 3133 παρὰ
842 3054 963 3116 πάντων
981 3053 1031 3116 διὰ
1047 3063 1143 3117 τοῦτο.

104 3151 183 3214 εκαλ
202 3150 239 3230 δῆ
259 3149 398 3231 λαχόντος
416 3149 508 3212 αὐτοῦ
527 3147 593 3229 περὶ
609 3157 669 3210 τῶν
688 3148 823 3228 αὐλητῶν
841 3149 1023 3233 συνέπραξεν
1037 3147 1057 3230 ή
1070 3153 1144 3232 τάχη

133 3259 168 3333 τῆ
191 3248 358 3332 προθυμίη,
381 3245 431 3308 καλ
453 3245 553 3327 ἔλαχεν
576 3244 654 3330 αὐτῷ
679 3241 695 3306 δ
718 3245 868 3320 κάλλιστος
891 3256 949 3308 τῶν
972 3246 1108 3327 αὐλητῶν
1127 3245 1144 3310 ό

134 3347 320 3426 Τηλεφάνης.
356 3342 407 3405 καλ
430 3343 467 3422 δή
492 3339 726 3424 δΔημοσθένης
748 3343 846 3406 θέλων
863 3344 953 3407 πλέον
970 3354 1030 3407 τῶν
1048 3343 1144 3408 άλλων
1239 3397 1241 3402 .

133 3452 280 3524 κοσμῆσαι
297 3439 350 3502 τόν
368 3438 474 3502 ἑαυτοῦ
489 3439 587 3520 χορόν,
605 3439 742 3519 ἐποίησεν
756 3439 865 3514 αὐτοὺς
879 3439 1003 3524 φορέσαι
1016 3452 1143 3523 χρυσοῦς

133 3540 308 3620 στεφάνους.
354 3536 484 3610 Μειδίας
512 3533 558 3615 δέ,
589 3546 649 3599 τῶν
675 3535 909 3618 πολιτευομένων
937 3559 995 3618 τις,
1027 3537 1142 3616 σφόδρα
