2644 4182
475 440 577 493 ΠΡΟΣ
594 441 795 492 AEHTINHN;
1099 439 1147 502 25

129 597 263 683 ἑτέρους
284 601 468 685 παραινεῖν
505 599 560 665 καὶ
582 602 702 677 πάντες
726 607 805 678 ίσως
826 581 987 684 ἀκηκόαθ’
1010 599 1050 666 ὃν
1067 602 1147 685 296--

2 732 10 770 ·.
89 727 115 769 τι
129 726 195 772 πον
223 703 421 790 ἐξαπατῆσαι
449 705 585 789 λέγεται.
631 704 717 791 φημὶ
741 711 858 772 τοίνυν
881 706 945 790 έηύ
969 704 1038 790 (καὶ
1059 707 1147 790 πρὸς

128 814 214 888 Διὸς
232 814 352 896 ἀνδρες
366 807 538 897 Ἀθηναῖοι
552 811 667 897 μηδεὶς
681 815 801 902 φθόνῳ
816 815 858 879 τὸ
868 812 990 897 μέλλον
1004 811 1146 898 ἀκούση,

129 919 214 984 ἀλλά
236 914 380 1002 τάληθὲς
402 921 596 1003 σκοπείτω),
623 919 690 1006 όσῳ
713 919 750 985 τὸ
775 911 927 1003 φανερῶς
948 926 1009 983 τοῦ
1031 919 1144 1004 λάθρα

130 1037 290 1109 κρεῖττον,
312 1023 366 1089 καλ
386 1025 450 1106 [τὸ]
470 1035 632 1101 νικῶντας
649 1023 670 1108 ἢ
688 1024 1025 1109 παρακρουσαμένους
1042 1023 1143 1109 πρύτ-

129 1154 200 1214 τειν
223 1131 337 1196 ὁτιοῦν
360 1129 581 1215 ἐντιμότερον,
605 1131 753 1218 τοσούτω
776 1131 914 1196 κάλλιον
937 1133 1080 1195 Κόνωνα
1102 1131 1144 1195 τδ

130 1239 220 1321 τείχη
242 1241 360 1321 στῆσαι
384 1234 659 1320 Θεμιστοκλέους·
687 1236 710 1303 ό
733 1233 794 1321 μὲν
816 1238 890 1321 ηδιρ
904 1237 1036 1320 λαθὼν,
1063 1235 1082 1302 δ
1105 1231 1144 1302 δέ

130 1349 268 1426 νικήσας
298 1345 378 1420 τοὺς
406 1343 617 1420 κωλύσοντας
645 1340 716 1409 αὔτ’
748 1342 911 1427 ἐποίησεν.
957 1342 998 1409 ού
1025 1343 1145 1408 τοίνυν

131 1451 225 1527 ἀξιον
247 1450 306 1515 τὸν
328 1456 482 1515 τοιοῦτον
503 1443 563 1533 ὑφ’
589 1448 683 1533 ὑμῶν
707 1447 924 1532 ἀδικηθῆναι,
952 1445 1024 1514 οῦδ
1051 1451 1146 1514 ἐλατ-

130 1578 190 1621 τον
208 1565 300 1639 σχεῖν
317 1567 385 1620 τῶν
403 1555 555 1642 ῥητόρων
572 1565 640 1620 τῶν
658 1554 863 1632 διδαξόντων
880 1553 976 1639 ὑμᾶς,
999 1554 1044 1631 ὡς
1062 1553 1146 1638 ἀφε·

130 1659 250 1726 λέσθαι
273 1686 305 1726 τι
326 1662 389 1747 χρὴ
412 1671 481 1726 τῶν
503 1661 617 1750 ἐκείνφ
641 1659 822 1726 δοθέντων.

91 1789 117 1832 ιι
219 1761 309 1833 Εἶεν.
346 1767 429 1832 ἀλλά
446 1767 489 1851 νη
509 1770 577 1832 Δία
595 1767 654 1832 τὸν
672 1767 775 1833 παῖδα
793 1768 852 1832 τὸν
871 1769 1023 1853 Χαβρίου
1040 1770 1146 1851 περιί-

132 1875 241 1958 δωμεν
269 1872 495 1957 ἀφαιρεθέντα
521 1874 583 1957 τὴν
610 1872 774 1956 ἀτέλειαν,
802 1872 845 1956 ἣν
873 1872 892 1938 ὁ
919 1873 1026 1956 πατὴρ
1054 1872 1145 1961 αὐτῷ

132 1981 267 2056 δικαίως
288 1977 366 2063 παρ’
388 1978 483 2064 ὑμῶν
506 1978 619 2062 λαβὼν
637 1977 819 2044 κατέλιπεν.
857 1977 928 2044 ἀλλ’
952 1975 1062 2044 οὐδέν’
1085 1978 1146 2044 ἀν-

130 2087 279 2171 θρώπων
310 2079 348 2151 εὖ
381 2083 561 2171 φρονοῦντ’
594 2079 686 2170 οἶμαι
711 2083 803 2150 ταῦτ’
834 2083 877 2150 ἀν
904 2094 1009 2169 φησαι
1035 2089 1145 2161 καλῶς

132 2194 226 2276 ἔχειν.
273 2195 342 2257 ίστε
373 2187 435 2276 μέν
467 2185 530 2257 οὖν
562 2197 641 2268 ίσως
673 2187 729 2256 καὶ
757 2192 839 2258 ἄνευ
865 2200 926 2256 τοῦ
952 2185 1030 2278 παρ’
1061 2190 1145 2276 ἐμοῦ

133 2300 245 2382 λόγου,
265 2298 315 2362 ὅτι
334 2299 516 2374 σπουδαῖος
535 2299 684 2382 Χαβρίας
701 2291 744 2380 ἦν
762 2297 859 2382 ἀνήρ,
879 2297 920 2364 οὐ
938 2298 1005 2382 μην
1022 2298 1147 2363 κωλύει

132 2401 162 2487 γ’
190 2399 291 2470 οὐδὲν
313 2398 396 2488 κάμέ
419 2404 474 2470 διδι
497 2401 647 2489 βραχέων
671 2403 919 2488 ἐπιμνησθῆναι
935 2415 1003 2470 τῶν
1020 2426 1143 2489 πεπρα-

91 2532 117 2572 ιι
131 2508 263 2593 γμένων
294 2507 392 2596 αύτῷ.
438 2507 479 2574 δν
505 2505 579 2592 μὲν.
594 2503 658 2574 οὖν
684 2511 810 2592 τρόπον
836 2509 923 2594 ὑμᾶς
949 2510 1034 2594 ἔχων
1060 2511 1147 2593 πρὸς

131 2615 278 2690 ἅπαντας
305 2616 600 2697 Πελοποννησίους
627 2610 819 2699 παρετάξατ’
851 2614 888 2681 ἐν
917 2617 1056 2698 Θήβαις,
1087 2614 1145 2680 καλ

131 2721 176 2798 ὡς
195 2721 381 2805 Γοργώπαν
398 2719 588 2785 ἀπέκτεινεν
608 2720 644 2784 ἐν
662 2722 797 2806 Αίχίνη,
816 2717 871 2786 καλ
890 2717 940 2786 ὅσ’
962 2719 999 2786 ἐν
1016 2721 1144 2811 Κύπρφ

130 2824 260 2911 τρόπαι’
286 2829 424 2908 ἔστησεν
450 2823 506 2890 καὶ
533 2827 614 2909 μετὰ
635 2823 727 2890 ταῦτ’
754 2825 792 2892 ἐν
814 2827 987 2914 Αίγύπτφ,
1014 2825 1069 2891 καὶ
1092 2828 1143 2893 ὅτι

130 2942 241 2998 πᾶσαν
265 2930 416 2996 ἐπελθὼν
438 2930 554 3014 ὀλίηου
579 2928 643 2994 δέω
663 2930 771 3015 λέγειν
789 2931 912 3015 χώραν,
936 2931 1087 3016 οὐδαμοῦ
1105 2936 1143 3000 τὸ

130 3048 188 3122 τῆς
211 3040 338 3114 πόλεως
360 3029 455 3120 ὄνομ’
481 3030 554 3102 οὐδ’
581 3036 683 3103 αὑτὸν
705 3035 922 3121 κατῄσχυνεν,
945 3037 1022 3103 οὔτε
1044 3040 1199 3104 πάυυ4ὓῦ

131 3141 250 3231 ῥᾴδιον
268 3144 351 3208 κατὰ
368 3143 430 3226 τὴν
449 3141 544 3222 ἀξίαν
562 3145 679 3225 είπεῑν,
698 3144 804 3224 πολλη
822 3140 851 3206 τ’
869 3143 1009 3227 αἰσχύνη
1029 3144 1142 3226 λέγον-

129 3274 185 3327 τος
204 3249 286 3333 ἐμοῦ
305 3245 394 3314 ταῦτ’
412 3248 534 3315 ἐλάττω
554 3258 702 3331 φανῆναι
721 3257 778 3332 τῆς
796 3247 834 3313 ἐν
852 3246 976 3337 έκάστςο
990 3259 1055 3316 νῦν
1067 3249 1144 3335 περὶ

6 3369 33 3394 ”
130 3343 234 3422 αὐτοῦ
267 3355 372 3438 δόξης,
395 3347 617 3438 ὑπαρχούσης.
663 3353 685 3420 ἀ
718 3351 748 3419 δ’
782 3354 935 3438 οὐδαμῶς
967 3351 1009 3419 ἀν
1040 3357 1145 3422 εἰπὼν

130 3468 242 3546 οίομαι
274 3461 373 3545 μικρδι
404 3470 556 3544 ποιῆσαι,
588 3457 688 3526 ταῦθ’
719 3459 909 3544 ὑπομνῆσαι
935 3461 1145 3546 πειράσομαι..

89 3585 115 3627 ²²
131 3567 283 3653 ἐνίκησεν
316 3563 378 3651 μὲν
408 3571 526 3635 τοίνυν
557 3568 845 3651 Λακεδαιμονίους
876 3578 1056 3651 ναυμαχῶν
1087 3567 1144 3634 καὶ

128 3677 334 3758 πεντήκοντα
360 3681 437 3757 μιᾶς
459 3673 600 3749 δεούσας
622 3667 712 3756 ἔλαβ’
739 3673 966 3756 αἰχμαλώτους
988 3676 1147 3759 τριήρεις,

129 3773 195 3845 εἷλε
220 3775 257 3844 δὲ
279 3790 347 3844 τῶν
369 3765 482 3854 νήσων
505 3779 633 3843 τούτων
655 3780 712 3854 τὰς
734 3779 859 3851 πολλὰς
876 3775 931 3842 καλ
949 3777 1145 3851 παρέδωκεν
