2616 3910
259 196 357 248 ΠΡΟΣ
376 195 539 248 ΒΟΙΩΤΟΝ
557 197 644 248 ΠΕΡΙ
662 197 825 248 ΠΡΟΙΚΟΣ
843 195 1038 248 ΜΗΤΡΩᾸΔΣ.
1084 191 1148 256 501

103 370 130 408 ⁸³
143 350 318 437 καλέσατο,
346 356 391 431 ὡς
416 356 640 440 φυγαδεύσων
662 354 697 420 ἐκ
719 364 778 438 τῆς
800 357 932 432 πόλεως.
978 351 1033 419 καὶ
1056 355 1087 419 εί
1106 353 1152 438 μή

146 458 336 537 Εὐθύδικος
358 460 377 525 ὁ
401 462 521 544 ἰατρός,
545 461 627 543 πρὸς
649 461 689 526 δν
713 457 806 527 οὗτοι
828 462 865 527 τὸ
888 471 1020 546 πρῶτον
1042 455 1152 542 ήλθον

144 565 296 648 δεόμενοι
323 564 486 650 ἐπιτεμετν
513 567 574 650 τήν
600 569 752 651 κεφαλήν
778 567 897 650 αὐτοῦ,
925 567 1007 650 πρὸς
1034 565 1095 648 τήν
1117 562 1152 644 ἐξ

140 667 268 753 Ἀρείου
295 672 403 753 πάγου
426 673 552 756 βουλήν
575 666 645 738 εἶπε
667 674 728 755 τήν
748 672 912 757 ἀλήθειαν
934 681 1058 754 πᾶσαν,
1085 693 1152 736 τοι-

143 777 248 858 αύτην
275 775 317 842 άν
345 779 442 860 δίκην
470 773 567 855 οὗτος
594 780 723 863 εἰλήφει
749 777 826 863 παρ’
854 778 935 863 ἐμοῦ
958 773 1059 843 οὐδὲν
1081 775 1153 842 άδι-

143 890 295 967 κοῦντος,
316 883 359 966 ἣν
381 882 475 966 ὑμεῖς
497 879 577 949 ούδέ
598 885 681 949 κατά
703 896 771 950 τῶν
792 885 833 949 τὰ
851 881 975 970 μέγιστ’
998 881 1153 948 άδικούν

142 1010 210 1053 των
228 988 313 1072 ὑμᾶς
331 983 563 1074 ἐπιχειρήσαιτ’
581 986 624 1054 ἂν
641 992 855 1073 ποιήσασθαι.
883 990 939 1054 ’ίνα
954 984 991 1054 δέ
1005 989 1049 1072 μή
1063 988 1152 1054 δοκῶ

144 1095 335 1176 διαβάλλειν
358 1093 475 1177 αὐτόν,
499 1093 675 1177 ἀνάγνωθί
693 1116 750 1178 μοι
773 1094 831 1170 τὰς
853 1085 1042 1178 μαρτυρίας.

545 1261 741 1313 ΜΑΡΤΤΡΙΔΙ

102 1373 128 1412 ³4
235 1362 363 1423 Τοῦτον
376 1355 437 1442 μὲν
450 1361 567 1424 τοίνυν
581 1357 668 1424 οὕτω
682 1357 786 1442 μέγαν
799 1356 855 1423 καὶ
873 1360 1021 1444 φοβερὸν
1039 1357 1153 1442 ἀγῶνά

142 1487 199 1548 μοι
220 1465 281 1548 οὐχ
300 1464 344 1540 ὡς
363 1464 488 1548 εὐήθης
506 1465 565 1547 ὤν,
589 1462 660 1529 ἀλλ’
683 1464 728 1541 ὡς
746 1462 922 1546 ἐπίβουλος
939 1462 995 1530 καὶ
1012 1471 1153 1546 κακοῦρ-

141 1593 200 1652 γος
228 1571 473 1636 κατεσκεύασεν.
519 1571 600 1654 μετὰ
628 1567 665 1635 δέ
687 1578 789 1635 ταῦτα
812 1568 886 1635 άυτὶ
908 1579 969 1636 τοῦ
991 1570 1152 1654 ὀνόματος

11 1677 18 1708 ²
143 1669 183 1740 οὗ
202 1677 299 1740 ἔθετο
318 1674 407 1762 αὐτῷ
427 1674 445 1739 ὁ
464 1677 571 1760 πατὴρ
590 1678 750 1758 Βοιωτόν,
768 1675 877 1760 ὥσπερ
895 1674 951 1740 καὶ
969 1677 1051 1760 πρὸς
1068 1675 1154 1759 ὑμᾶς

141 1781 401 1866 μεμαρτύρηται,
431 1780 542 1864 ἐπειδὴ
572 1779 697 1856 ἐκεῖνος
724 1779 928 1864 ἐτελεύτησε,
955 1783 1152 1846 Μαντίθεον

141 1884 262 1952 ἑαυτὸν
282 1885 448 1970 ἐγγράψας
467 1888 513 1964 είς
531 1889 610 1963 τοὺς
629 1885 782 1970 δημότας,
805 1883 860 1950 καὶ
879 1895 939 1951 τοῦ
958 1885 1061 1952 αὐτοῦ
1080 1885 1152 1971 ἐμοὶ

140 1991 195 2057 καὶ
213 1994 338 2077 πατρὸς
357 1989 411 2056 καὶ
430 1992 538 2077 δήμου
556 1995 896 2077 προσαγορευόμενος,
916 1991 957 2057 οὐ
973 1995 1078 2076 μόνον
1092 1993 1152 2076 τήν

142 2099 240 2184 δίκην
263 2099 397 2182 ταύτην,
421 2095 496 2182 περὶ
518 2093 558 2182 ής
580 2096 658 2163 νυνὶ
680 2099 861 2183 δικάζομαι,
886 2097 1046 2164 ἀνάδικον
1065 2097 1152 2164 ἐποί-

143 2221 236 2288 ησεν,
261 2202 421 2269 ἀλλὰκαὶ
443 2204 748 2289 χειροτονησάντων
770 2203 863 2287 ὑμῶν
887 2199 943 2285 ἐμὲ
966 2203 1153 2290 ταξίαρχον,

142 2302 223 2391 ἧκεν
237 2309 336 2384 αὐτὸς
350 2307 403 2374 ἐπὶ
416 2311 454 2374 τὸ
469 2311 684 2394 δικαστήριον
698 2310 1037 2393 δοκιμασθησόμενος,
1056 2312 1153 2394 δίκην

142 2436 177 2478 τε
210 2414 346 2498 ἐξούλης
378 2414 553 2498 ὠφληκώς,
585 2415 709 2499 ταύτην
741 2413 802 2480 οὐκ
829 2412 928 2490 αὐτὸς
956 2413 1144 2500 ὠφληκέναι
1155 2424 1223 2474 101⁹
1294 2429 1295 2450 ²

104 2533 130 2572 ³⁵
145 2517 260 2603 φησὶν,
283 2517 354 2585 ἀλλ’
377 2517 442 2604 ἐμέ.
478 2520 523 2596 ὡς
546 2516 576 2585 δ’
602 2520 639 2586 ἐν
660 2523 828 2607 κεφαλαίῳ
851 2521 968 2602 εἰπεῖν,
990 2521 1074 2586 κακά
1097 2543 1153 2606 μοι

144 2624 296 2710 παρέχων
313 2622 482 2708 ήνάγκασέ
497 2649 536 2708 με
555 2631 667 2710 λαχεῖν
686 2625 774 2713 αὐτῷ
794 2627 891 2710 δίκην
908 2623 984 2710 περὶ
1001 2635 1062 2692 τοῦ
1078 2625 1153 2693 ὀνό-

144 2752 259 2814 ματος,
288 2730 348 2816 οὐχ
375 2731 432 2796 ἵνα
459 2734 607 2816 χρήματα
633 2727 710 2815 παρ’
738 2730 841 2796 αὐτοῦ
868 2731 958 2814 λάβω
984 2725 1010 2796 δι
1034 2733 1154 2817 ἄνδρες

10 2877 28 2904 ν
145 2833 311 2920 δικασταί,
339 2834 410 2902 ἀλλ’
437 2831 496 2919 ἵν’,
524 2835 582 2902 ἐὰν
607 2836 687 2922 ὑμῖν
710 2836 797 2902 δοκῶ
822 2838 915 2903 δεινά
937 2838 1075 2922 πάσχειν
1097 2836 1153 2904 καί

145 2939 351 3022 βλάπτεσθαι
377 2945 518 3028 μεγάλα,
546 2939 643 3019 οὗτος
670 2948 806 3025 καλήται
824 2944 980 3023 Βοιωτός,
1003 2943 1152 3029 ὥσπερό

145 3047 251 3132 πατὴρ
275 3048 362 3136 αὐτῷ
385 3051 490 3113 ἔθετο.
527 3047 578 3112 ὅτι
600 3050 716 3113 τοίνυν
735 3048 843 3132 ἀληθῆ
861 3046 917 3114 καὶ
935 3057 1037 3115 ταῦτα
1055 3048 1152 3134 λέγω,

10 3159 15 3176 “
146 3149 229 3233 λαβέ
249 3176 306 3236 μοι
327 3151 382 3219 καὶ
405 3153 462 3230 τάς
484 3150 560 3236 περὶ
582 3154 710 3218 τούτων
733 3157 921 3238 μαρτυρίας.

544 3319 748 3370 ΜΔΡΤΤΡΙΑΙ.

104 3426 130 3466 ³⁶
235 3417 327 3500 Πρὸς
353 3416 484 3493 τούτοις
509 3419 626 3482 τοίνυν
651 3413 707 3482 καὶ
734 3417 785 3482 ὅτι
807 3416 870 3500 ἐγὼ
894 3421 1153 3502 στρατευόμενος

146 3516 199 3581 καὶ
225 3521 305 3600 μετά
328 3518 495 3605 Ἀμεινίου
518 3521 751 3605 ξενολογήσας,
778 3521 923 3588 άλλοθέν
945 3545 980 3586 τε
1003 3525 1151 3608 χρήματα
