2616 3910
170 147 237 212 484
463 151 586 204 XXXIX.
608 149 888 203 ΔΗΜΟΣΘΕΝΟΤΣ

169 315 245 390 νῦν,
268 305 315 374 ὅτ’
338 309 386 386 είς
407 311 561 393 Ταμύνας
583 313 760 394 παρῆλθον
781 311 817 375 οί
831 310 938 390 ἄλλοι,
962 307 1084 374 ἐνθύδε
1103 309 1194 383 τοὺς

169 422 250 498 χοᾶς
276 415 367 497 ἄγων
390 415 576 499 ἀπελείφθη
599 411 654 480 καλ
676 425 745 492 τοῖς
766 418 963 490 Διονυσίοις
985 415 1194 495 καταμείνας

131 537 156 580 ιτ
170 518 334 604 ἐχόρευεν,
358 519 403 598 ὡς
425 521 567 598 ἅπαντες
589 517 712 605 ἑωρᾶθ’
740 543 758 586 ο
761 521 1040 604 ίέπιδημοῦντες.
1085 517 1192 582 ἀπελ-

169 626 304 691 θόντων
337 623 367 692 δ’
400 625 432 705 ἐξ
459 626 607 708 Εὐβοίας
637 636 705 691 τῶν
732 635 957 710 στρατιωτῶν,
990 593 1192 702 λιποταξίου

169 733 394 814 προσεκλήθη,
418 730 508 814 κάγὼ
532 715 772 816 ταξιαρχῶντῆ
754 740 790 816 ς
808 737 926 814 φνλής,
950 730 1189 814 ἠναγκαζόμην

170 837 253 901 κατὰ
274 835 479 920 τούνόματος
501 845 562 902 τοῦ
584 837 729 920 ἐμαυτοῦ
752 839 921 922 πατρόθεν
945 835 1101 920 δέχεσθαι
1120 836 1188 918 τὴν
1281 831 1282 836 ’

171 941 277 1025 λῆξιν
300 939 356 1006 καὶ
379 943 409 1008 εί
430 943 552 1026 μισθὸς
574 942 738 1024 ἐπορίσθη
761 950 831 1019 τοῖς
854 943 1091 1026 δικαστηρίοις,
1115 943 1187 1006 είσ-

170 1055 254 1129 ήγον
276 1045 319 1112 δν
342 1048 447 1129 δῆλον
465 1046 524 1112 ότι.
556 1043 708 1113 ταῦτατί
730 1048 762 1112 εί
777 1047 821 1131 μῆ
840 1045 1098 1131 σεσημασμένων
1117 1047 1186 1130 ήδη

171 1151 294 1236 συνέβη
321 1163 389 1217 τῶν
417 1150 551 1236 ἐχίνων,
577 1149 641 1218 κδν
668 1153 836 1238 μύρτνρας
858 1151 938 1235 ὑμῖν
960 1153 1185 1236 παρεσχόμην.

132 1278 157 1320 ιε
171 1251 247 1324 εἶεν.
279 1259 311 1324 εί
328 1253 365 1322 δὲ
385 1256 493 1335 ξενίας
510 1261 750 1341 προσκληθείη;
769 1261 905 1334 πολλοῖς
919 1253 956 1322 δὲ
970 1258 1185 1340 προσκρούει,

171 1360 226 1428 καλ
249 1361 289 1428 ὃν
311 1363 508 1446 ἠναγκάσθη
531 1365 656 1446 τρόπον
678 1367 885 1447 ποιήσασθαι
905 1362 923 1429 ό
941 1365 1048 1446 πατήρ
1068 1364 1184 1446 αὐτὸν,
1281 1379 1282 1382 ’

171 1467 213 1534 ού
235 1468 385 1552 λέληθεν.
421 1468 515 1552 ὑμεῖς
539 1466 584 1552 δ’,
608 1468 662 1534 ὅτε
685 1465 746 1553 μὲν
769 1477 888 1535 τοῦτον
911 1469 972 1534 οὐκ
995 1467 1135 1534 ἐποιεῖθ’
1163 1469 1183 1535 ὁ

170 1577 288 1658 κατήρ,
312 1575 374 1658 τῆν
396 1571 509 1659 μητέρ’
533 1574 643 1660 ἀληθῆ
667 1573 776 1658 λέγειν
798 1571 941 1659 ήγεῖσθ”
956 1575 1073 1641 αὐτοῦ·
1096 1574 1184 1640 ἐπει-

172 1680 235 1746 δὰν
264 1677 294 1745 δ’
327 1679 414 1746 οὕτω
441 1680 588 1762 γεγονὼς
615 1675 713 1756 οὗτος
740 1681 880 1766 ὀχληρὸς
907 1671 944 1766 ή,
973 1681 1074 1746 πόλιν
1100 1680 1183 1764 ὑμῖν

170 1783 248 1852 ποτε
273 1785 361 1865 δόξει
384 1797 493 1863 κεῖνος
516 1785 625 1869 ἀληθῆ
650 1784 767 1869 λέγειν,
813 1790 848 1850 τί
868 1781 914 1870 δ’,
941 1788 972 1852 εί
993 1788 1181 1870 ψευδομαρ-

170 1903 296 1976 τυριῶν
319 1890 509 1957 ἁλώσεσθαι
532 1893 729 1976 προσδοκῶν
750 1888 801 1975 ἐφ’
826 1884 876 1969 οἷς
894 1892 1035 1977 ἐρανίζει
1052 1892 1183 1967 τούτοις

170 2007 240 2074 τοῖς
263 1995 338 2082 περὶ
361 1995 474 2080 αὑτόν,
499 1997 622 2083 ἐρήμην
646 1997 751 2064 ἐύσειε
774 2002 971 2081 τελεσθῆναι
989 1998 1050 2082 τήν
1069 1999 1181 2080 δίκην;

172 2097 237 2189 ἆρά
267 2125 304 2186 γε
334 2104 455 2188 μικρὰν
480 2103 618 2187 ἡγεῖσθε
645 2105 773 2188 βλύβην
801 2099 827 2168 ὦ
854 2105 974 2189 ἄνδρες
997 2101 1180 2188 Ἀθηναῖοι,

172 2208 208 2275 ἐν
239 2213 398 2296 κοινωνίᾳ
425 2211 485 2275 τὸν
512 2209 640 2274 ἅπαντα
666 2212 743 2293 βίον
770 2218 827 2292 τῆς
854 2210 975 2274 τούτου
1003 2208 1099 2291 δόξης
1126 2207 1181 2273 καλ

170 2325 238 2382 τῶν
261 2317 368 2399 ἔργων
391 2310 490 2393 είναι;

132 2440 159 2482 ιι
252 2418 323 2486 Ὅτι
350 2423 466 2485 τοίνυν
494 2418 567 2486 οὐδ’
598 2419 619 2486 δ
647 2419 852 2503 διεξελήλυθ’
879 2420 960 2504 ὑμῖν
987 2421 1093 2504 μύτην
1120 2445 1180 2505 φο-

172 2530 307 2611 βοῦμαι,
328 2529 529 2610 θεωρήσατε.
566 2521 664 2604 οὗτος
687 2527 750 2610 γὰρ
773 2527 837 2609 ήδη
861 2524 916 2591 καὶ
934 2527 1063 2611 γραφάς
1080 2551 1171 2604 τινας
1181 2544 1245 2594 100⁰

173 2628 199 2698 ὦ
218 2635 338 2716 ἄνδρες
352 2629 526 2716 Ἀθηναῖοι
545 2632 721 2717 πέφευγεν,
746 2628 798 2716 ἐφ’
821 2623 873 2709 αἷς
892 2629 992 2697 οὐδὲν
1011 2639 1115 2710 αίτιος
1133 2633 1180 2699 ὢν

173 2739 236 2823 ἐγὼ
264 2740 562 2825 συνδιαβάλλομαι,
594 2738 649 2805 καὶ
678 2749 735 2823 τῆς
763 2739 862 2824 ἀρχῆς
889 2738 1106 2823 ήμφεσβήτει,
1140 2739 1195 2822 ἣν

173 2845 266 2930 ὑμεῖς
289 2842 338 2929 ἔμ’
365 2845 648 2931 ἐχειροτονήσατε,
675 2843 858 2911 καὶπολλὰ
881 2842 936 2910 καὶ
959 2846 1102 2930 δυσχερῆ
1127 2847 1180 2911 διδ

172 2951 319 3036 τούνομα
346 2950 553 3036 συμβέβηκεν
580 2946 729 3036 ήμῖν,’
707 2975 770 3033 ων,
803 2948 847 3015 ἵν’
878 2946 1001 3036 εἰδῆθ’,
1036 2950 1180 3018 ἑκάστων

172 3059 340 3142 μάρτυρας
362 3057 445 3140 ὑμῖν
464 3056 654 3141 παρέξομαι.

574 3269 774 3322 ΜΔΡΤΤΡΕΣ.

130 3395 160 3434 ιο
256 3371 362 3459 Ὁρᾶτ’
394 3371 420 3441 ὧ
448 3376 567 3460 ἄνδρες
591 3370 764 3459 Ἀθηναῖοι
790 3376 831 3441 τὰ
858 3379 1100 3460 συμβαίνοντα,
1128 3374 1179 3444 καί

172 3481 233 3557 τήν
261 3481 381 3563 ἀηδίαν
408 3483 469 3564 τήν
497 3482 533 3547 ἐκ
558 3490 620 3547 τοῦ
646 3482 841 3566 πράγματος.
888 3484 920 3548 εί
940 3485 1057 3549 τοίνυν
1079 3480 1179 3569 μηδὲν
