2590 3900
167 139 235 204 234
472 142 569 196 xnv.
592 139 872 194 ΔΗαοεοεαοεε

127 353 156 395 ω
604 335 739 389 ΝΟΜΟΣ.

254 439 327 506 Ἐάν
356 443 388 506 δέ
410 467 453 518 τις
478 445 590 530 ἰκετεύη
614 443 647 507 ἐν
669 455 704 530 τῇ
728 448 821 530 βουλή
843 443 864 526 ή
886 443 920 508 ἐν
942 449 982 532 τῷ
1006 443 1091 530 δήμῳ
1113 443 1185 526 περὶ

213 534 255 604 ὧν
279 543 467 623 δικαστήριον
489 540 510 622 ή
532 539 551 621 ἡ
575 541 668 623 βουλή
691 541 711 622 ή
735 540 750 604 δ
775 543 868 622 δῆμος
891 541 1030 625 κατέγνω,
1053 541 1106 604 ἐὰν
1125 540 1185 622 μέν

214 638 303 712 αὐτὸς
322 637 338 700 δ
358 637 459 718 ὀφλὼν
478 639 591 725 έκετεύη
610 637 681 719 πρίν
694 637 828 718 ἐκτεῖσαι,
846 637 971 715 ἔνδειξιν
984 633 1062 701 εἶναι
1075 639 1186 719 αὐτοῦ,

212 737 349 816 καθάπερ
371 735 424 798 ἐάν
446 759 490 809 τις
513 733 641 815 ὀφείλων
664 741 704 820 τῷ
728 736 860 822 δημοσίῳ
883 733 1047 816 ἡλιάζηται·
1071 735 1124 798 ἐὰν
1151 731 1183 797 δ’

212 829 299 906 ἀλλος
320 829 394 914 ύττέρ
412 841 465 895 τού
484 829 655 912 ὠφληκότος
674 833 788 920 λκετεύη
806 832 878 915 πρίν
895 832 1030 911 ἐκτεῖσαι,
1053 834 1187 912 δημοσία

213 927 284 992 ἐστω
312 929 404 992 αύτού
431 925 450 1008 ἡ
479 929 566 991 ούσία
594 929 701 992 ἅπασα.
747 929 801 992 ἐὰν
824 929 857 992 δέ
879 953 922 1004 τις
944 939 1004 992 τῶν
1027 928 1186 1011 προέδρων

214 1028 256 1113 δρλ
279 1026 338 1089 τινί
359 1026 414 1106 τὴν
437 1025 677 1108 ἐπιχειροτονίαν,
699 1025 719 1108 ἢ
740 1026 818 1113 αύτῷ
838 1033 878 1112 τῷ
897 1024 1047 1107 ὠφληκότι
1063 1024 1083 1107 ή
1102 1025 1186 1112 άλλη)

213 1121 286 1205 ύττέρ
310 1122 440 1202 ἐκείνου,
462 1123 533 1205 πρὶν
556 1123 694 1204 ἐκτεῖσαι,
716 1121 819 1204 άτιμος
842 1123 922 1186 ἐστο.

127 1268 154 1311 ει
250 1250 344 1317 Ἔστι
366 1249 428 1336 μὲν
451 1255 550 1335 ἐργον
574 1247 599 1317 ὦ
623 1252 744 1336 ἀνδρες
767 1253 929 1334 δικασταί,
953 1254 985 1318 εί
1005 1251 1079 1336 περὶ
1097 1253 1186 1318 πάν-

168 1381 236 1423 των
258 1369 325 1422 τῶν
348 1361 472 1441 νόμων,
496 1349 547 1435 οἷς
570 1351 667 1434 οὗτος
691 1357 844 1423 ἐναντίον
866 1356 1062 1443 εἰσενήνοχ’,
1086 1358 1186 1441 ἐροῦ·
1271 1434 1272 1460 ¹

169 1481 242 1547 μεν·
262 1462 356 1540 ἀξιον
375 1459 419 1543 δ’,
439 1469 530 1546 εἴπερ
549 1466 628 1545 περί
641 1486 703 1529 του
721 1461 776 1528 καὶ
795 1464 909 1546 ἀλλον,
927 1461 982 1530 καὶ
996 1462 1071 1546 περὶ
1085 1461 1182 1530 τοῦδ’
1272 1504 1273 1512 2

169 1567 209 1634 ὃν
232 1577 297 1633 νῦν
320 1568 449 1651 ἀνέγνω
473 1569 630 1635 διελθεῖν.
672 1568 691 1634 ό
714 1570 778 1654 γάρ
801 1570 860 1635 τὸν
881 1572 988 1654 νόμον
1010 1579 1129 1635 τοῦτον
1154 1567 1184 1637 ὦ

151 1675 289 1760 ,ἀνδρες
303 1671 478 1758 Ἀθηναῖοι
495 1677 580 1757 θείς,
600 1672 674 1760 ήδει
692 1675 753 1759 τήν
772 1678 1031 1760 φιλανθρωπίαν
1050 1673 1105 1740 καὶ
1118 1677 1185 1758 τήν

168 1783 335 1864 πραότητα
366 1781 428 1864 τήν
459 1779 637 1866 ὑμετέραν,
669 1778 725 1846 καί
758 1782 814 1846 διὰ
840 1781 964 1865 ταύτην
992 1780 1078 1863 ἑώρα
1104 1780 1184 1864 περὶ

169 1891 302 1951 πολλῶν
323 1886 409 1971 ὑμᾶς
432 1886 566 1963 ἑκόντας
588 1887 653 1972 ήδη
678 1883 782 1968 [ποτέ]
803 1887 927 1970 μεγάλα
948 1885 1183 1971 ζημιωθέντας.

128 2009 155 2051 τε
169 1995 372 2076 βουλόμενος
392 1994 432 2076 δή
452 1994 616 2077 μηδεμίαν
634 1995 804 2076 πρόφασιν
822 2001 883 2058 τού
900 1993 940 2056 τά
958 1993 1054 2057 κοινά
1073 2003 1183 2070 κακῶς

170 2101 257 2182 ἔχειν
278 2098 464 2181 ὑπολιπεῖν,
487 2100 566 2176 τοὺς
587 2098 757 2182 μετὰτῶν
779 2100 892 2181 νόμων
914 2099 1020 2181 κρίσει
1043 2095 1098 2162 καί
1122 2098 1234 2161 δι-τιτ

169 2206 334 2290 καστηρίφ
366 2204 410 2286 μή
443 2204 554 2269 δίκαια
586 2214 695 2268 ποιεῖν
727 2200 970 2285 ἐγνωσμένους,
1005 2202 1066 2268 ούκ
1097 2201 1181 2290 ᾤετο

170 2309 242 2374 δεῖν
264 2318 320 2392 τῆς
344 2308 500 2391 εὐηθείας
522 2317 579 2391 τής
598 2306 756 2391 ὑμετέρας
775 2307 965 2389 ἀπολαύειν,
988 2309 1026 2372 τὸ
1047 2309 1182 2374 δεῖσθαι

169 2412 225 2479 καὶ
252 2416 332 2498 μετὰ
360 2423 534 2498 συμφοράς
563 2415 720 2479 ἱκετεύειν
747 2416 882 2498 ἔχοντας
904 2414 1075 2499 ἀφορμήν,
1104 2411 1177 2480 ἀλλ’

170 2521 255 2595 ὅλως
282 2520 396 2585 ἀπεῖπε
424 2517 496 2604 μήτ’
527 2519 614 2606 αὐτῷ
643 2517 717 2604 μήτ’
744 2521 832 2607 άλλη)
861 2519 979 2604 μηδενὶ
1008 2518 1088 2604 μήθ’
1117 2522 1182 2585 ίκε-

169 2627 279 2691 τεύειν
306 2629 386 2711 μήτε
414 2625 523 2708 λέγειν
550 2621 634 2711 ὑπὲρ
661 2637 729 2691 τῶν
755 2626 934 2709 τοιούτων,
962 2625 1045 2692 ἀλλά
1072 2637 1182 2691 ποιεῖν

130 2751 156 2792 τε
169 2733 210 2796 τά
237 2733 349 2797 δίκαια
377 2740 461 2816 σιγή.
509 2733 540 2797 εί
564 2734 681 2797 τοίνυν
705 2754 754 2809 τις
776 2729 884 2817 ἔροιθ’
911 2732 1005 2815 ὑμᾶς,
1028 2731 1182 2814 ποτέροις

170 2843 297 2921 μᾶλλον
319 2836 361 2902 άν
385 2840 518 2914 εἰκότως
540 2835 712 2920 ποιήσαιθ’
735 2837 859 2919 ὁτιοῦν,
882 2849 952 2915 τοῖς
971 2836 1180 2922 δεομένοιςή

169 2955 239 3021 τοῖς
262 2944 500 3024 ἐπιτάττουσιν,
525 2939 588 3008 οἷδ’
613 2943 663 3008 ὅτι
686 2936 820 3026 φήσαιτ’
842 2941 883 3008 ἀν
905 2954 975 3021 τοῖς
998 2942 1181 3033 δεομένοις·

169 3053 206 3116 τὸ
226 3047 287 3133 μέν
305 3051 369 3135 γάρ
388 3059 549 3134 χρηστῶν,
569 3050 605 3114 τὸ
626 3046 656 3114 δ’
677 3049 853 3134 ἀνάνδρων
872 3049 1062 3134 ἀνθρώπων
1080 3052 1180 3132 ἔργον

170 3156 269 3222 ἐστίν.
316 3155 440 3220 οὐκοῦν
473 3155 511 3220 οί
537 3157 635 3239 νόμοι
663 3151 723 3239 μὲν
751 3155 891 3232 ἅπαντες
918 3157 1180 3236 προστάττουσιν

169 3261 191 3328 ἀ
218 3263 280 3347 χρή
308 3273 431 3345 ποιεῖν,
463 3262 498 3327 οί
522 3260 671 3338 τιθέντες
699 3257 736 3326 δέ
762 3263 819 3338 τάς
848 3262 1010 3345 ίκετηρίας
1038 3260 1180 3327 δέονται.

170 3369 201 3432 εί
224 3372 341 3433 τοίνυν
365 3368 521 3433 ίκετεύειν
544 3367 605 3432 οὐκ
628 3368 768 3450 ἔξεστιν,
795 3363 816 3450 ή
840 3390 905 3432 που
928 3370 1033 3451 νόμον
1055 3362 1086 3450 γ’
1113 3368 1179 3434 ἐπί-

170 3468 265 3552 ταγμ’
292 3466 398 3555 ἔχοντ’
424 3472 605 3556 είσφέρειν;
634 3471 698 3554 ἐγὼ
724 3468 785 3555 μέν
808 3472 868 3536 οὐκ
892 3467 991 3555 οἶμαι.
1037 3471 1179 3556 καὶγὰρ
