2590 3900
151 159 218 222 290
461 163 544 216 xxv.
568 140 848 214 Δωυοεοωνονε

151 326 232 385 πᾶσι
257 328 327 397 τοῖς
354 317 391 386 όν
417 329 457 406 τῇ
483 323 578 387 πόλει
606 322 762 404 δικαιόις,
790 321 913 405 γνώσει
940 321 1165 406 δικαστηρίων

150 435 262 510 τριῶν,
286 424 442 512 ἐγγραφῇ·
454 432 684 510 θεσμοθετῶν,
709 424 803 513 ἑτέρᾳ
821 428 1027 512 πρακτόρων,
1046 435 1085 511 τῇ
1104 435 1165 509 τῆς

150 530 367 614 βουλεύσεως,
390 531 433 616 ἣν
451 531 552 609 αὐτὸς
570 532 709 615 διώκεις,
731 541 855 618 γραφῇ,
878 534 985 616 μόνον
1003 531 1064 616 ούχ
1083 531 1164 596 άλύ-

151 653 202 702 σει
225 638 357 724 σιδηρᾷ,
379 638 512 725 ὑποδύη
531 639 619 724 παρὰ
636 647 739 704 ταῦτα
757 635 813 705 καί
832 639 984 724 διασπᾷς,
1005 636 1063 703 καὶ
1081 658 1164 722 προ·

151 741 268 824 φάσεις
289 743 441 809 πλάττων
464 741 519 809 καὶ
542 744 676 820 ψευδεῖς
694 744 800 820 αίτίας
820 741 990 820 συντιθείς
1007 744 1048 809 τά
1065 745 1164 808 κοινὰ

109 866 136 906 ω
151 842 250 912 δίκαι’
265 847 462 934 ἀνατρέψειν
476 854 547 914 οῖει.
570 847 625 914 καλ
638 849 705 932 μὴν
719 848 801 933 μέγα
814 846 870 915 καλ
884 844 989 933 σαφὲς
1001 848 1082 933 ὑμῖν
1096 848 1162 934 ίρῶ

149 953 366 1039 παράδειγμα,
386 954 436 1019 ότι
454 951 546 1020 ταῦτ’
568 951 648 1020 οὐδὲ
666 948 745 1020 καθ’
765 955 803 1020 ἓν
820 957 980 1040 προσήκει
997 957 1161 1039 παριδεῖν.

149 1061 181 1125 εί
200 1061 264 1144 γάρ
286 1083 336 1137 τις
359 1060 476 1127 αὐτίκα
500 1061 541 1144 δη
566 1056 642 1144 μάλ’
664 1066 762 1143 εῖποι,
786 1059 831 1137 ὡς
849 1059 969 1126 ἐκτῶν
987 1061 1163 1127 νεωτάτων

148 1162 169 1248 ἢ
192 1176 259 1229 τῶν
282 1166 539 1232 πλουσιωτάτων
561 1166 582 1250 ἢ
605 1177 672 1231 τῶν
696 1168 1023 1251 λελῃτουργηκότων,
1051 1164 1071 1249 ἢ
1094 1177 1163 1232 τῶν

148 1271 310 1337 τοιούτων
331 1293 363 1336 τι
386 1281 496 1356 μερῶν
519 1270 694 1355 ἀφορίσας,
717 1274 795 1348 τοὺς
818 1270 975 1354 λέγοντας
993 1265 1080 1336 εἶναι
1099 1272 1162 1356 δεῖ,

149 1373 367 1442 ἀποκτείναιτ’
389 1373 431 1441 ἀν
454 1376 557 1442 αύτδν
580 1371 618 1442 εὖ
643 1372 708 1442 οἷδ’
731 1377 792 1458 ὅτι,
815 1376 860 1452 ὡς
877 1376 1084 1442 καταλύοντα
1102 1379 1163 1444 τδν

109 1501 135 1542 ιο
149 1483 266 1566 δῆμον,
289 1479 344 1549 καὶ
367 1483 502 1558 δικαίως
524 1478 567 1547 ἀν
588 1491 687 1549 τοῦτο
708 1485 887 1565 ποιήσαιτε.
924 1480 980 1549 καλ
998 1484 1066 1568 μην
1084 1483 1102 1549 ὅ
1120 1507 1153 1549 τι
1163 1495 1216 1546 779

148 1589 313 1672 βούλεσθε
339 1588 467 1654 τούτων
495 1582 595 1672 ἧττόν
619 1588 688 1654 ἐστι
711 1589 839 1670 δεινόν,
868 1587 890 1672 ἦ
913 1595 947 1654 εί
965 1612 1030 1672 τις,
1058 1589 1091 1668 ἐξ
1114 1584 1163 1656 ὧν

149 1687 246 1770 οὗτός
273 1693 343 1759 ἐστι
370 1704 495 1779 μερῶν,
524 1699 612 1761 είποι
638 1705 708 1771 τοῖς
734 1692 941 1778 βιαζομένοις
967 1693 1088 1772 ἐξεῖναι
1111 1694 1163 1762 λέ-

148 1823 232 1884 γειν,
255 1798 276 1883 ἦ
294 1809 364 1877 τοῖς
382 1799 418 1866 ἐκ
435 1808 497 1865 τοῦ
515 1800 755 1884 δεσμωτηρίου,
777 1798 798 1883 ἦ
816 1811 886 1877 τοῖς
905 1795 953 1865 ὧν
972 1799 1163 1867 ἀπέκτεινεν

148 1906 166 1973 δ
191 1908 294 1990 δῆμος
316 1908 395 1983 τούς
417 1903 569 1991 πατέρας,
591 1906 612 1990 ἢ
635 1915 706 1982 τοῖς
727 1905 1087 1991 ἀποδεδοκιμασμένοις
1104 1909 1162 1993 ἀρ·

147 2037 219 2098 χειν
246 2017 420 2096 λαχοῦσιν,
452 2011 472 2096 ἢ
498 2023 567 2090 τοῖς
589 2012 763 2096 ὀφείλουσι
786 2021 831 2100 τῷ
856 2013 1021 2100 δημοσίῳ,
1047 2012 1069 2097 ἣ
1091 2025 1162 2091 τοῖς

147 2118 299 2197 καθάπαξ
324 2118 461 2203 ἀτίμοις,
484 2117 505 2202 ἦ
528 2129 597 2194 τοῖς
619 2118 858 2203 πονηροτάτοις
875 2115 931 2183 καλ
950 2120 1087 2184 δοκοῦσι
1106 2118 1162 2185 καλ

149 2220 237 2291 οὖσι·
265 2225 373 2292 πάντα
400 2226 463 2308 γάρ
491 2221 588 2290 ταῦθ’
616 2224 755 2307 ὑπάρχει
777 2225 899 2312 τούτῳ,
926 2222 982 2289 καλ
1004 2227 1162 2308 πρόσεστι

147 2342 216 2408 τοῖς
245 2323 315 2408 οἷος
342 2324 440 2406 οὗτός
466 2329 536 2395 ἐστι
562 2331 624 2413 τὴν
650 2331 764 2413 φύσιν.
811 2329 874 2413 ἐγὼ
903 2331 966 2416 γάρ
993 2326 1019 2396 ὦ
1043 2332 1162 2417 ἀνδρες

145 2434 319 2522 Ἀθηναῖοι
350 2438 472 2519 νομίζω
503 2431 565 2520 μὶν
594 2435 697 2500 αὐτὸν
723 2432 778 2500 καί
806 2431 859 2518 ἐφ’
891 2426 941 2513 οἷς
968 2433 1047 2502 νυνί
1074 2447 1164 2503 ποιεῖ

149 2545 283 2618 δικαίως
306 2541 348 2608 ἀν
370 2541 572 2624 ἀποθανεῖν,
601 2542 688 2606 πολύ
710 2538 823 2624 μέντοι
846 2545 987 2624 μᾶλλον,
1015 2541 1036 2625 δ
1060 2542 1161 2609 ούδίν

147 2643 179 2732 γ’
210 2643 324 2731 ἦττον,
355 2641 408 2733 ἐφ’
439 2639 489 2723 οἷς
517 2648 617 2730 δῆλός
645 2646 714 2712 ἐστι
740 2648 906 2729 ποιήσων,
934 2649 966 2712 εί
990 2647 1053 2730 τὴν
1080 2646 1157 2734 παρ’

109 2774 134 2815 ιι
148 2754 242 2839 ὑμῶν
271 2753 424 2833 ἐξουσίαν
454 2755 591 2836 λήψεται
613 2751 668 2818 καὶ
690 2754 820 2836 καιρόν·
848 2751 866 2816 ὃ
890 2753 934 2837 μὴ
957 2752 1096 2836 γίνοιτο.
1142 2753 1161 2820 δ

148 2857 203 2925 καὶ
226 2861 422 2945 θαυμαστόν
445 2857 546 2941 ἐστιν,
570 2864 604 2924 εί
621 2882 671 2935 τις
693 2856 788 2942 ὑμῶν
810 2857 934 2942 ἀγνοεῖ,
958 2859 1009 2924 ὅτι
1027 2859 1081 2926 ἐπὶ
1100 2856 1161 2945 μὲν

147 2966 250 3032 καλὸν
282 2965 303 3049 ἢ
331 2966 474 3052 χρηστὸν
501 2964 522 3048 ἢ
549 2975 607 3047 τῆς
633 2966 759 3041 πόλεως
786 2964 879 3042 άξιον
906 2962 1028 3049 πρᾶγμ’
1059 2962 1160 3031 οὐδὲν

149 3065 247 3148 οὗτός
265 3071 334 3137 ἐστι
352 3072 511 3156 χρήσιμος
529 3068 588 3157 (μη
607 3073 682 3156 γάρ,
701 3067 727 3135 ὦ
747 3074 813 3136 Ζεῦ
836 3067 891 3135 καὶ
910 3068 996 3152 θεολ,
1015 3071 1159 3154 τοσαύτη

148 3178 267 3253 σπάνις
294 3176 427 3261 ἀνδρῶν
455 3176 585 3259 γίνοιτο
608 3185 647 3260 τῇ
669 3178 778 3257 πόλει,
808 3177 891 3240 ὥστε
914 3171 991 3261 παρ’
1015 3173 1160 3260 Ἀριστο-

148 3285 297 3364 γείτονος
323 3292 391 3345 τῶν
412 3285 523 3346 καλῶν
545 3305 577 3346 τι
599 3281 829 3367 ποιήσασθαι)·
858 3278 909 3366 ἐφ’
938 3280 959 3346 δ
983 3275 1013 3346 δ’
1039 3280 1082 3348 ἀν
1104 3279 1159 3347 καλ

150 3389 307 3469 χρήσαιτό
325 3410 374 3461 τις
391 3387 531 3472 τοιούτῳ
550 3389 671 3474 θηρίφ,
693 3387 896 3470 ἀπεύχεσθαι
914 3396 983 3464 τοῖς
1001 3393 1095 3465 θεοῖς
1113 3388 1157 3472 μὴ

150 3487 308 3566 γενέσθαι
331 3491 389 3554 δεῖ.
435 3492 467 3554 εί
488 3488 521 3554 δ’
549 3492 612 3572 ἀρα
636 3494 795 3577 συμβαίη,
818 3493 928 3576 μεῖζόν
951 3491 1040 3558 ἐστιν
1063 3491 1156 3558 εὐτύ-
