2590 3900
486 147 865 206 πετενωιοκεετονε.
1114 142 1181 210 263

172 305 297 383 πάντας
328 304 371 371 άν
398 302 489 391 οἶμαι
517 307 728 391 ὁμολογῆσαι.
774 305 795 392 ἡ
821 308 885 391 γάρ
912 310 1007 384 πόλις
1033 306 1127 391 ἡμῶν
1154 299 1181 372 ὦ

173 413 292 499 ἄνδρες
319 411 471 478 δικασταὶ
497 414 612 496 νόμοις
637 410 692 478 καὶ
714 417 903 498 ψηφίσμασι
927 413 1105 478 διοικεῖται.
1152 413 1184 478 εί

173 519 215 603 δή
237 542 285 596 τις
303 521 342 583 τὰ
359 522 461 607 ψήφῳ
480 517 655 602 κεκριμένα
672 521 764 606 νόμφ
783 527 886 605 καινῷ
904 519 1009 602 λύσει,
1031 522 1066 584 τί
1080 515 1182 603 πέρας

172 625 277 702 ἐσται;
306 623 327 708 ἢ
350 635 419 702 πῶς
442 631 562 689 τοῦτον
585 625 715 690 δίκαιόν
737 623 806 690 ἐστι
828 626 934 707 νόμον
957 624 1181 709 προσαγορεύ-

172 752 239 813 ειν,
264 727 334 796 ἀλλ’
362 729 423 795 οὐκ
446 729 601 813 άνομίαν;
627 729 647 813 ἢ
670 741 739 807 πῶς
762 729 803 795 ού
826 739 883 813 τῆς
904 733 1059 813 μεγίστης
1080 728 1182 813 όργης

121 833 190 899 ινδ
218 845 369 913 τοιοῦτος
396 833 582 920 νομοθέτης
609 835 698 914 άξιός
725 834 828 914 ἐστινς
858 835 922 919 ἐγὼ
945 832 1006 920 μὲν
1028 837 1092 919 γάρ
1114 845 1185 900 τῶν.

171 940 319 1026 ἐσχάτων
351 944 488 1026 νομίζω,
521 941 582 1025 οὐχ
615 941 665 1006 ὅτι
697 949 818 1007 τοῦτον
849 943 955 1026 μόνον
980 943 1040 1007 τὸν
1066 944 1172 1024 νόμον
1182 949 1236 1002 ⁷48

171 1050 309 1132 ἔθηκεν,
342 1044 412 1112 ἀλλ’
445 1047 494 1111 ὅτι
525 1043 580 1111 καὶ
607 1057 676 1123 τοῖς
703 1047 815 1124 ἄλλοις
842 1047 924 1112 ὁδὸν
951 1047 1101 1112 δείκνυσι
1126 1043 1181 1111 καί

170 1150 247 1236 περὶ
271 1154 492 1238 δικαστηρίων
509 1152 717 1229 καταλύσεως
734 1149 790 1217 καὶ
807 1150 883 1236 περὶ
900 1163 968 1218 τῶν
986 1154 1181 1236 φευγόντων

170 1256 400 1325 καθόδουκαὶ
421 1255 497 1343 περὶ
519 1268 587 1322 τῶν
607 1259 718 1323 άλλων
735 1268 802 1323 τῶν
822 1259 1030 1324 δεινοτάτων.
1066 1260 1102 1323 τί
1117 1259 1180 1341 γάρ

153 1365 292 1450 Ικωλύει
316 1360 343 1431 δ
366 1365 486 1450 άνδρες
508 1364 669 1446 δικασταί,
693 1365 724 1428 εί
745 1358 843 1440 οὗτος
860 1367 986 1449 χαίρων
1005 1363 1181 1442 ἀπαλλάξει

172 1470 190 1534 ό
213 1479 367 1536 τοιοῦτον
390 1472 496 1553 νόμον
517 1471 634 1552 τιθείς,
658 1467 771 1554 ἕτερον
793 1479 941 1553 φανῆναι
963 1471 1045 1535 ἄλλο
1065 1479 1181 1534 τιτῶν

171 1587 229 1661 της
250 1579 377 1653 πόλεως
401 1575 625 1660 ἰσχυροτάτων
642 1576 848 1642 καταλύοντα
865 1578 956 1665 νόμφ
975 1583 1093 1664 καινῷς
1117 1573 1180 1657 ἐγὼ

121 1679 233 1767 ιυμὲν
263 1683 325 1766 γάρ
354 1676 445 1766 οἶμαι
472 1679 581 1746 ούδέν.
626 1680 737 1745 ἀκούω
766 1678 796 1746 δ’
828 1682 930 1765 ἔγωγε
956 1677 1010 1746 καὶ
1037 1682 1075 1745 τὸ
1101 1682 1181 1765 πρό-

171 1810 270 1872 τερον
289 1786 376 1852 οὕτω
394 1789 623 1869 καταλυθῆναι
643 1787 705 1868 την
726 1787 962 1869 δημοκρατίαν,
979 1787 1181 1870 παρανόμων

170 1904 305 1979 πρῶτον
336 1901 476 1975 γραφῶν
505 1896 757 1957 καταλυθεισῶν
784 1889 839 1956 καὶ
865 1902 933 1957 τῶν
960 1892 1181 1976 δικαστηρίων

172 1998 306 2085 άκύρων
333 1995 530 2083 γενομένων.
577 2003 657 2074 ἴσως
683 1994 744 2082 μὲν
772 1991 835 2062 οὖν
861 1997 904 2063 άν
930 2020 980 2074 τις
1006 1997 1181 2082 ὑπολάβοι,

172 2106 224 2171 ὅτι
251 2103 311 2189 οὐχ
340 2103 464 2188 ὁμοίων
491 2104 599 2168 όντων
625 2113 692 2168 τῶν
719 2104 919 2188 πραγμάτων
944 2110 1008 2168 νῦν
1031 2102 1086 2169 καὶ
1107 2107 1181 2170 τότε

172 2211 257 2294 λέγω
280 2207 355 2294 περὶ
378 2209 585 2286 καταλύσεως
607 2216 668 2274 τοῦ
691 2209 808 2291 δήμου.
853 2205 924 2274 ἀλλ’
951 2206 1030 2275 ούδέ
1053 2208 1181 2296 σπέρμα
1276 2201 1279 2208 ’

173 2320 226 2384 δεῖ
245 2315 462 2399 καταβάλλειν
481 2314 517 2380 ἐν
536 2323 575 2399 τῇ
594 2316 687 2378 πόλει
707 2311 829 2379 οὐδένα
848 2308 873 2378 ὦ
892 2315 1012 2398 ἄνδρες
1030 2313 1181 2382 δικασταὶ

171 2423 334 2488 τοιούτων
356 2421 571 2506 πραγμάτων,
600 2417 672 2485 οὐδ’
699 2421 731 2484 εί
751 2422 847 2503 μήπω
871 2417 913 2484 δν
936 2419 1069 2504 ἐκφύοι,
1098 2421 1181 2509 ἀλλὰ

171 2531 231 2595 τὸν
254 2527 466 2612 ἐγχειροῦντα
489 2523 598 2608 λέγειν
619 2524 640 2610 ἢ
663 2536 772 2591 ποιεῖν
794 2549 826 2591 τι
844 2535 997 2592 τοιοῦτον
1016 2527 1113 2611 δίκην
1132 2519 1181 2594 δι-

173 2636 279 2701 δόναι.

120 2758 159 2798 ωε
253 2737 324 2804 Ὅτι
354 2741 471 2804 τοίνυν
500 2734 556 2802 καὶ
582 2736 679 2822 τέχνη
706 2747 814 2815 κακῶς
840 2737 1046 2823 ἐνεχείρησεν
1071 2749 1181 2806 ποιεῖν

173 2845 274 2930 ὑμᾶς,
301 2843 394 2922 άξιόν
421 2843 510 2909 ἐστιν
533 2842 681 2908 ἀκοῦσαι.
727 2844 816 2928 ὁρῶν
838 2844 902 2929 γάρ
926 2843 1077 2910 ἑκάστοτε
1099 2846 1181 2911 πάν-

173 2975 245 3034 τας,
273 2948 328 3016 καὶ
352 2951 431 3026 τοὺς
452 2948 729 3034 πολιτευομένους
751 2948 806 3014 καὶ
828 2953 906 3027 τοὺς
929 2951 1076 3034 ίδιάτας,
1103 2954 1181 3028 τοὺς

173 3059 298 3142 νόμους
319 3066 387 3121 τῶν
408 3065 466 3140 τῆς
485 3059 612 3132 πόλεως
630 3055 768 3138 ἀγαθῶν
786 3057 912 3132 αίτίους
929 3056 1180 3140 ὑπολαμβάνον-

174 3186 245 3245 τας,
274 3161 405 3228 ἐσκόπει
431 3173 500 3238 πῶς
527 3164 618 3245 λήσει
646 3163 784 3238 τούτους
806 3162 1005 3244 καταλύσας,
1032 3161 1094 3227 κάν
1117 3164 1181 3249 άρα

175 3273 289 3353 ληφθῇ
322 3277 420 3334 τοῦτο
452 3278 573 3350 ποιῶν,
606 3269 654 3352 μη,
683 3266 771 3346 δόξει
802 3268 915 3335 δεινὸν
942 3262 1019 3351 μηδ’
1049 3265 1182 3350 ἀναιδὲς

121 3389 161 3431 1⁶⁸
175 3369 279 3457 μηδὲν
302 3375 487 3457 είργάσθαι.
524 3367 621 3456 εὗρεν
645 3367 707 3439 οὖν
725 3367 821 3438 τοῦθ’
843 3371 860 3438 δ
879 3377 1066 3458 πεποίηκεν,
1089 3376 1181 3462 νόμφ

175 3483 253 3557 τοὺς
274 3482 399 3564 νόμους
422 3485 535 3562 λύσαι,
558 3480 613 3544 ἵνα
635 3472 825 3562 τάδικήματ’
852 3478 1015 3544 αὐτοῦτὸ
1038 3487 1095 3558 της
1118 3493 1181 3560 σω·
