2590 3900
443 185 538 235 ΚΑΤΑ
556 183 823 237 ΤΙΜΟΚΡΑΤΟΤΣ.
1073 181 1140 247 275

126 339 152 409 ὦ
180 344 391 428 Τιμόκρατες,
414 346 535 422 πόθεν;
561 341 633 409 οὐδ’
661 343 777 427 ὀλίγου
801 345 854 410 δεῖ
873 353 994 410 τοῦτον
1016 346 1141 428 ἔθηκας

125 451 184 516 τὸν
207 451 329 534 νόμον·
361 451 520 534 οὐδεμίαν
543 451 607 532 γάρ
630 448 673 515 άν
696 452 801 515 εἰπεῖν
825 453 911 535 ἔχοις
934 451 1039 534 άλλην
1061 452 1140 534 πρό-

125 572 248 640 φασιν,
274 552 319 620 δι’
344 555 389 640 ἣν
410 565 564 622 τοιοῦτον
586 556 736 640 ἐπήρθης
758 558 956 639 εἰσενεγκεῖν
979 559 1096 641 νόμον,
1119 553 1140 639 ή

125 663 187 746 τήν
221 670 347 727 σαυτοῦ
377 667 473 738 θεοῖς
504 661 630 748 ἐχθρὰν
658 661 941 747 αἰσχροκέρδειαν·
974 662 1049 728 οὐτε
1077 661 1140 744 γάρ

76 784 111 826 ια
126 767 291 850 συγγενὴς
314 765 388 834 οὐδ’
415 766 592 851 ἀναγκαῖος
619 762 662 850 ήν
685 783 738 833 σοι
760 770 889 833 τούτων
913 766 1038 849 οὐδείς,
1068 760 1138 832 οὐτ’

126 871 226 940 ἐκεῖν’
258 871 300 938 δν
331 876 418 957 ἐχοις
448 875 567 956 εἰπεῖν,
600 875 645 952 ὡς
672 875 807 958 ἐλεήσας
835 874 929 939 δεινὰ
956 875 1143 956 πάσχοντας

126 979 331 1065 ἀνθρώπους
354 979 446 1044 εἵλου
469 980 525 1045 διὰ
543 989 647 1045 ταῦτα
665 983 806 1064 βοηθεῖν
825 979 945 1056 αὐτοῖς.
983 980 1059 1044 οὐτε
1077 980 1141 1064 γὰρ

126 1087 166 1151 τὰ
190 1084 320 1152 τούτων
343 1090 515 1174 πολλοστῷ
538 1089 648 1175 χρόνῳ
672 1089 767 1172 μόλις
788 1088 944 1169 άκοντας,
973 1084 1009 1151 ἐν
1031 1083 1141 1169 τρισὶν

127 1191 381 1277 ἐξελεγχθέντας
404 1193 639 1278 δικαστηρίοις,
662 1189 886 1273 κατατιθέναι,
910 1185 1006 1258 τοῦθ’
1028 1191 1141 1275 ἡγήσω

128 1300 193 1381 [τὸ]
229 1299 322 1363 δεινὰ
352 1298 491 1382 πάσχειν
523 1293 623 1363 εἰναι·
654 1309 764 1363 ποιεῖν
790 1299 854 1383 γάρ
882 1297 952 1364 ἐστι
978 1300 1077 1363 τοῦτό
1104 1320 1142 1380 γε

127 1405 234 1486 δεινά,
257 1401 312 1468 καὶ
334 1403 551 1488 παροξύνειεν
574 1408 700 1489 μᾶλλον
723 1405 766 1469 ἄν
785 1427 861 1470 τινα
880 1415 1000 1488 μισεῖν,
1023 1402 1142 1489 ήπρο-

126 1504 251 1598 τρέψεί
273 1509 390 1575 ἐλεεῖν·
414 1503 484 1574 οὐτ’
507 1510 614 1586 άλλως
636 1519 741 1596 πρᾶος
763 1508 820 1577 καὶ
841 1511 1081 1594 φιλάνθρωπος
1099 1511 1141 1574 σύ

77 1634 114 1676 ια
127 1642 177 1695 τις
205 1627 272 1681 τῶν
299 1617 409 1681 άλλων
437 1617 607 1699 διαφόρως
634 1615 683 1680 ὢν
709 1615 816 1700 ήλέεις
845 1617 979 1693 αὐτούς·
1009 1615 1051 1681 οὐ
1077 1615 1142 1699 γάρ

128 1723 199 1789 ἐστι
217 1731 274 1806 της
293 1722 394 1805 αὐτῆς
410 1731 518 1806 ψυχῆς
535 1714 758 1806 Ἀνδροτίωυα
778 1720 840 1807 μὲν
857 1721 913 1788 καὶ
930 1723 1142 1787 Μελάνωπον

128 1827 182 1894 καὶ
208 1827 398 1910 Γλαυκέτην
425 1827 547 1911 ἐλεεῖν,
576 1827 596 1893 δ
623 1826 803 1906 κλέψαντες
831 1823 922 1913 εἰχον
945 1830 976 1894 εἰ
996 1830 1142 1911 καταθή-

129 1952 239 2017 σουσι,
261 1931 403 2000 τουτωνὶ
425 1929 461 1998 δέ
479 1935 649 2000 τοσούτων
668 1937 776 2000 όντων
794 1932 936 2000 καὶτῶν
955 1936 1065 1999 ἄλλων
1083 1955 1141 1999 πο-

129 2046 241 2124 λιτῶν,
264 2036 313 2106 ὧν
336 2037 389 2105 ἐπὶ
411 2041 469 2117 τάς
492 2042 598 2117 οἰκίας
620 2040 766 2124 ἐβάδιζες
785 2044 828 2106 σὺ
845 2042 924 2117 τούς
943 2039 1059 2106 ἕνδεκα
1077 2037 1194 2106 καὶῖεε

128 2148 207 2223 τοὺς
232 2144 413 2222 ἀποδέκτας
436 2149 520 2229 έχων
542 2144 598 2211 καὶ
620 2149 699 2223 τούς
720 2145 900 2232 ὑπηρέτας,
927 2146 1053 2230 μηδένα
1076 2146 1142 2210 πώ-

129 2250 201 2320 ποτ’
224 2251 366 2336 ἐλεῆσαι,
390 2250 472 2316 ἀλλὰ
495 2252 604 2337 θύρας
622 2252 778 2337 ἀφαιρεῖν
797 2250 852 2318 καὶ
871 2246 1040 2335 στρώμαθ’
1061 2251 1142 2317 ὐπο-

129 2369 218 2425 υπόιν
240 2356 295 2424 καὶ
318 2358 487 2440 διάκονον,
511 2363 545 2423 εῖ
560 2381 611 2434 τις
629 2357 757 2442 ἐχρῆτο,
779 2359 904 2440 ταύτην
922 2356 1142 2441 ἐνεχυράζειν·

130 2464 152 2531 ἃ
179 2468 222 2530 σὺ
248 2461 343 2529 πάντ’
370 2463 491 2541 ἐποίεις
518 2463 673 2528 ἐνιαυτὸν
701 2465 781 2529 δλου
804 2461 872 2548 μετ’
896 2459 1142 2546 Ἀνδροτίωνος.

80 2588 117 2629 ια
130 2576 241 2658 πολλῷ
273 2571 337 2655 γάρ
371 2571 479 2653 δήπου
512 2567 716 2654 σχετλιώτερ’
752 2564 908 2655 ἐπάσχεθ’
942 2569 1050 2654 ὑμεῖς,
1086 2567 1142 2638 καί

129 2680 215 2742 πολὺ
243 2680 370 2760 μᾶλλον
397 2674 439 2741 δν
462 2677 596 2753 εἰκότως
619 2674 725 2760 ήλέεις
747 2663 901 2758 τούτους,
929 2673 967 2742 οἰ
986 2672 1030 2741 δι’
1056 2675 1143 2761 ὑμᾶς

130 2777 156 2848 ὦ
188 2783 349 2867 κατάρατε
380 2785 458 2858 τοὺς
489 2781 647 2865 λέγοντας
679 2780 750 2848 οὐδ
785 2783 900 2849 ὁτιοῦν
932 2781 1142 2867 εἰσφέροντες

129 2890 300 2954 παύονται.
332 2886 385 2954 καί
407 2887 468 2953 οὐκ
487 2887 614 2974 άπόχρη
633 2883 737 2971 τοῦτ’,
757 2888 841 2954 ἀλλὰ
857 2886 913 2954 καὶ
928 2889 1028 2954 διπλᾶ
1041 2889 1142 2972 πράτ-

129 3018 258 3077 τονται,
279 2992 335 3061 καί
358 2991 455 3059 ταῦθ’
482 2994 548 3060 ὑπὸ
572 3004 635 3061 σοῦ
657 2992 712 3059 καὶ
732 2989 985 3079 Ἀνδροτίωνος,
1008 2997 1044 3059 οἳ
1064 2996 1143 3077 μίαν

81 3117 116 3158 1⁹⁹
129 3100 293 3184 εἰσφοράν
315 3097 519 3166 οὐδεπώποτ’
547 3102 785 3185 εἰσενηνόχατε.
828 3105 1003 3184 τηλικοῦτο
1025 3103 1142 3165 τοίνυν

129 3207 316 3292 ἐφρόνησεν
341 3201 439 3285 οὗτος
461 3208 506 3284 ώς
529 3202 581 3291 ἄρ’
607 3203 687 3272 οὐδὲ
711 3207 809 3290 δίκην
830 3207 959 3273 τούτων
982 3204 1142 3289 οὐδεμίαν

129 3314 265 3395 δώσων,
303 3312 385 3378 ώστε
422 3313 524 3397 μόνος
556 3311 635 3377 δέκα
667 3322 735 3377 τῶν
767 3314 1003 3398 συναρχόντων
1035 3312 1142 3376 όντων

127 3428 224 3504 κοινή
247 3420 428 3501 τὸνλόγον
447 3418 611 3503 ἐγγράψαι
629 3414 697 3501 μετ’
717 3415 955 3501 Ἀνδροτίωνος
974 3415 1141 3498 ἐτόλμησε.

126 3536 248 3612 προῖκα
284 3525 364 3609 γάρ,
400 3520 502 3590 οὐδὲν
534 3523 781 3609 ὠφελούμενος,
819 3524 901 3607 ὑμῖν
936 3521 1143 3606 Τιμοκράτης

928 3625 981 3678 18*
