2614 3904
166 186 232 254 338
457 192 581 246 xxvm
604 193 882 246 ΔΗιιοΣοοαοτν.

166 347 227 432 μέν
249 374 341 428 τινας
362 351 427 435 ἤδη
449 362 517 416 τῶν
539 356 684 420 πολιτῶν
702 351 744 419 οὐ
762 355 868 436 μόνον
886 364 1069 438 συγγενῶν,
1092 352 1190 420 ἀλλὰ
1269 371 1270 396 ³

165 452 222 520 καί
244 458 353 541 φίλων
376 456 509 542 ἀνδρῶν
532 457 749 544 ἀπορούντων
766 457 953 545 θυγατέρας
971 460 1060 542 παρὰ
1079 470 1190 544 σφῶν
1270 448 1271 506 I

167 560 277 626 αὐτῶν
295 561 461 646 ἐκδόντας,
473 561 625 647 ’Ἄφοβον
643 559 680 629 δὲ
698 557 775 648 μηδ’
796 563 840 648 ἣν
858 567 953 648 ἐλαβε
971 557 1081 649 προῖκ’
1104 564 1188 631 ἐθέ-

167 664 256 732 λοντ’
283 667 478 752 ἀποδοῦναι,
500 666 557 735 καὶ
578 663 668 735 ταῦτ’
694 671 759 736 ἐτει
782 670 915 758 δεκάτφ.

590 1071 746 1140 XXVIII.

449 1231 574 1306 KAT‘
605 1231 817 1308 ΑΦΟΒΟΤ
843 1234 886 1307 Β.

257 1404 373 1469 Πολλά
401 1401 456 1469 καὶ
483 1400 595 1488 μεγάλ’
628 1402 833 1489 ἐψευσμένου
858 1405 941 1490 πρὸς
966 1403 1052 1490 ὑμᾶς
1078 1397 1182 1488 Ἀφί·

168 1512 246 1593 βου,
274 1504 363 1575 τοῦτ’
390 1509 492 1574 αὐτὸν
520 1508 646 1592 ἐλέγξαι
673 1510 870 1595 πειράσομαι
886 1522 1041 1596 πρῶτον,
1068 1508 1122 1596 ἐφ’
1149 1503 1180 1599 ᾦ

168 1607 297 1700 μάλιστ’
327 1615 539 1699 ἠγανάκτησα
569 1627 636 1681 τῶν
666 1615 847 1701 ῥηθέντων.
897 1613 967 1682 εἶπε
993 1618 1057 1702 γάρ
1084 1617 1130 1694 ὡς
1158 1619 1179 1684 ὁ

167 1721 298 1798 πάππος
326 1721 446 1806 ὤφειλε
473 1729 519 1809 τῷ
546 1722 708 1810 δημοσίῳ,
737 1719 793 1788 καί
815 1723 870 1788 διά
892 1721 990 1788 ταῦθ’
1018 1723 1036 1789 ὁ
1059 1725 1168 1810 πατὴρ
1181 1742 1232 1792 εεε

167 1825 230 1892 οὐκ
259 1826 413 1909 ἐβούλετο
441 1833 657 1911 μισθωθῆναι
683 1828 742 1894 τδν
770 1823 877 1911 οίκον,
910 1829 966 1894 ἵνα
992 1830 1036 1914 μὴ
1064 1830 1175 1895 κινδυ·

167 1933 278 2018 νεύση.
319 1930 457 2017 καλιὴν
480 1929 540 2018 μὲν
563 1936 732 2018 πρόφασιν
753 1944 895 2001 ποιεῖται
916 1934 1050 2018 ταύτην,
1073 1935 1118 2010 ὡς
1141 1933 1173 2000 δ’

168 2038 312 2119 ὀφείλων
333 2037 542 2121 ἐτελεύτησεν
560 2037 695 2120 ἐκεῖνος,
718 2039 878 2123 οὐδεμίαν
896 2037 1076 2124 παρέσχετο
1094 2064 1177 2124 μαρ

166 2149 299 2229 τυρίαν·
328 2137 399 2209 ἀλλ’
429 2144 474 2221 ὡς
501 2141 562 2228 μέν
589 2139 717 2229 ὦφλεν,
744 2144 917 2228 ἐνεβάλετο
944 2150 1088 2230 τηρήσας
1114 2147 1178 2230 τὴν

167 2253 358 2318 τελευταίαν
384 2249 525 2335 ἡμέραν,
552 2252 677 2332 ταύτην
703 2248 732 2315 δ’
760 2253 806 2328 είς
829 2252 888 2318 τδν
910 2251 1051 2334 ὕστερον
1074 2253 1177 2334 λόγον

167 2358 358 2439 ὑπελίπετο,
385 2357 430 2432 ὡς
455 2358 625 2440 διαβαλεῖν
647 2358 685 2423 τὸ
708 2350 829 2440 πρᾶγμ’
855 2357 888 2436 έξ
911 2356 1011 2440 αὐτῆς
1034 2357 1176 2440 δυνησό-

141 2479 274 2549 1μενος.
321 2461 379 2528 ἐάν
411 2457 473 2529 οὖν
505 2462 653 2549 ἀναγνῷ,
685 2459 853 2547 προσέχετ’
884 2462 966 2548 αὐτῇ
993 2464 1052 2528 τὸν
1078 2472 1176 2529 νοῦν·

167 2569 322 2652 εὑρήσετε
354 2568 417 2652 γὰρ
445 2569 506 2653 οὐχ
535 2569 579 2649 ὡς
607 2569 734 2652 ὀφείλει
760 2566 1067 2653 μεμαρτηρημίνου,
1100 2565 1172 2632 ἀλλ’

169 2676 213 2752 ὡς
235 2669 356 2757 ὦφλεν.
392 2669 482 2739 τοῦτ’
505 2669 567 2739 οὖν
590 2672 716 2758 ἐλέγξαι
738 2675 935 2758 πειράσομαι
952 2684 1095 2758 πρῶτον,
1118 2673 1171 2758 ἐφ’

168 2772 194 2867 ᾧ
214 2788 337 2865 φρονεῖ
351 2780 504 2864 μάλιστα·
528 2779 546 2845 δ
565 2778 619 2845 καὶ
637 2779 730 2864 ἡμεῖς
748 2779 1031 2864 ἀμφισβητοῦμεν.
1067 2781 1098 2846 εί
1114 2777 1174 2864 μὲν

169 2881 231 2952 οὖν
257 2881 323 2952 τότ’
350 2884 514 2969 ἐξεγένετο
542 2883 596 2951 καὶ
624 2887 668 2971 μὴ
696 2894 740 2974 τῷ
768 2887 877 2975 χρόνῳ
903 2881 992 2951 τοῦτ’
1020 2885 1174 2970 ἐνηδρεύ-

167 2998 291 3077 θημεν,
323 2988 544 3077 παρεσχόμεθ’
576 2990 618 3056 ἂν
649 2992 832 3076 μάρτυρας,
864 2991 909 3068 ὡς
941 2991 1108 3075 ἐξετείσθη
1134 2992 1174 3057 τά

168 3100 316 3184 χρήματα
338 3096 393 3163 καὶ
416 3091 511 3163 πάντ’
533 3097 620 3185 αὐτῷ
641 3095 809 3162 διελέλυτο
828 3097 867 3162 τά
885 3097 968 3182 πρὸς
985 3097 1046 3179 τὴν
1064 3099 1172 3161 πόλιν·

168 3213 233 3270 νῦν
256 3200 293 3268 δὲ
310 3207 497 3288 τεκμηρίοις
515 3204 668 3287 μεγάλοις
687 3201 902 3286 ἐπιδειξομεν,
923 3202 967 3278 ὡς
985 3195 1054 3268 οὔτ’
1077 3201 1173 3286 ὤφει-

169 3315 227 3375 λεν
250 3306 319 3374 οὕτ’
342 3305 384 3392 ἦν
407 3311 564 3386 κίνδυνος
587 3307 698 3386 οὐδεὶς
720 3308 801 3393 ἡμῖν
820 3308 948 3393 φανερὰ
966 3307 1173 3392 κεκτημένοις

142 3417 209 3480 ιτδι
232 3417 321 3480 ὄντα.
360 3425 492 3498 πρῶτον
514 3411 660 3500 μὲνγὰρ
686 3413 900 3499 Δημοχάρης,
924 3416 1007 3498 ἐχειν
1026 3414 1173 3497 ἀδελφὴν

169 3528 227 3602 της
245 3520 324 3603 ἐμῆς
341 3522 472 3604 μητρός,
491 3519 659 3604 θυγατέρα
680 3517 716 3584 δὲ
731 3521 896 3600 Γύλωνος,
916 3519 978 3584 οὐκ
995 3517 1169 3599 ἀποκέκρυ-
