2616 3910
421 159 522 212 ΠΡΟΣ
539 159 806 213 mmmmm
1056 156 1121 223 463

517 353 717 407 ΜΑΡΤΤΡΕΣ.

71 477 99 517 ³2
196 457 305 544 ’Ἑχων
333 455 394 544 μέν
422 463 537 525 τοίνυν
563 458 607 542 ἣν
634 459 772 543 ἐπείσθη
799 471 867 524 τῶν
890 459 993 526 αὑτοῦ
1015 461 1123 542 τιμήν,

116 563 250 648 δεηθείς
279 563 309 629 δ’
341 564 422 649 ἐμοῦ
450 566 487 631 τὸ
514 564 671 648 γενέσθαι
698 574 848 651 πρατῆρα
874 560 952 630 καθ’
983 564 1001 630 δ
1029 561 1123 629 συνέ-

114 676 219 756 βαλον
248 671 424 755 ἀργύριον,
453 671 552 748 αὑτὸς
580 672 678 737 δυοῖν
703 673 880 736 ταλάντοιν
904 671 1175 756 προσδικάζε-θιο

114 800 177 843 ται
213 775 270 843 καλ
291 777 332 842 τὰ
354 777 454 842 λοιπά
475 788 544 842 τῶν
562 776 772 860 ἐγκλημάτων
790 773 834 841 ἐτ’
857 774 927 842 ἐστὶ
945 777 1123 859 δεινότερα.

115 882 190 966 λέγε
213 884 255 967 δή
273 905 329 966 μοι
352 884 389 949 τὸ
413 884 531 949 λοιπὸν
552 891 613 947 τοῦ
636 882 844 967 ἐγκλήματος.

525 1076 711 1129 ΕΡΚΛΗΜΑ.

72 1201 99 1241 ³³
200 1177 359 1248 Ἐνταυθλ
382 1178 476 1248 πόλλ’
499 1183 578 1247 άττα
600 1180 655 1247 καί
678 1183 771 1248 δεινδ
795 1185 878 1267 [μοι]
902 1181 957 1268 ἅμ’
979 1182 1123 1266 ἐγκαλεῖ·

114 1287 171 1355 καλ
198 1289 262 1372 γὰρ
290 1293 417 1353 αῖκειαν
444 1285 499 1352 καὶ
526 1287 626 1370 ὕβριν
652 1285 709 1353 καὶ
733 1291 852 1371 βιαίων
873 1286 928 1353 καλ
951 1290 1033 1372 πρὸς
1056 1287 1124 1353 ἐπι-

114 1397 257 1479 κλήρους
290 1392 481 1476 ἀδικήματα
526 1394 654 1457 τούτων
684 1389 714 1458 δ’
746 1391 831 1458 είσλν
859 1391 997 1460 ἑκάστου
1025 1392 1125 1478 χωρὶς

115 1501 154 1566 αί
179 1500 283 1582 δίκαι,
310 1495 365 1564 καὶ
393 1498 469 1563 οὔτε
491 1499 574 1581 πρὸς
597 1497 702 1583 ἀρχὴν
725 1498 786 1581 τήν
808 1499 913 1582 αὐτὴν
935 1497 1013 1565 οὔθ’
1039 1496 1124 1584 ὑπὲρ

113 1605 304 1689 τιμημάτων
325 1616 392 1669 τῶν
415 1603 536 1686 αὐτῶν,
563 1601 633 1669 ἀλλ’
660 1603 681 1688 ή
704 1599 765 1688 μέν
788 1610 894 1670 αἴκεια
917 1603 972 1671 καλ
993 1605 1034 1670 τδ
1056 1616 1124 1670 τῶν

114 1713 235 1795 βιαίων
253 1710 335 1792 πρὸς
351 1711 430 1786 τοῦς
446 1709 695 1795 τετταράκοντα,
715 1710 753 1774 αί
767 1704 804 1775 δέ
822 1719 880 1794 τής
896 1709 1024 1794 ὕβρεως
1041 1712 1123 1796 πρὸς

113 1820 193 1894 τοὺς
214 1813 433 1899 θεσμοθέτας,
456 1814 518 1880 ὅσα
542 1811 572 1879 δ’
595 1816 643 1891 εἰς
661 1814 866 1901 ἐπικλήρους,
889 1816 972 1900 πρὸς
988 1817 1048 1881 τὸν
1066 1817 1123 1902 άρ-

115 1946 226 2008 χοντα.
263 1921 299 1986 οί
319 1917 356 1985 δέ
379 1924 476 2004 νόμοι
498 1918 704 1986 καὶτούτων
727 1922 860 1986 διδόασι
881 1921 938 1998 τάς
955 1943 1123 2009 παραγρα-

115 2030 182 2112 φὰς
200 2026 461 2110 ἀντιλαγχάνειν,
480 2024 555 2109 περὶ
574 2021 622 2092 ὧν
640 2025 702 2092 οῦκ
720 2024 1022 2110 εἰσὶν-εἰσαγωγεῖς.
1052 2022 1119 2110 λέγ’

115 2133 229 2210 αὐτοῖς
250 2130 384 2197 τουτονί
406 2133 465 2198 τὸν
487 2135 601 2215 νόμον.

549 2325 685 2379 ΝΟΜΟΣ.

74 2451 101 2490 τι
209 2435 315 2498 Τοῦτο
332 2433 450 2497 τοίνυν
464 2430 545 2516 ἐμοῦ
558 2430 877 2517 παραγεγραμμένου
891 2433 973 2517 πρὸς
985 2440 1025 2516 τῇ
1039 2432 1122 2519 άλλη

115 2545 329 2623 παραγραφή,
350 2534 406 2602 καὶ
429 2536 491 2602 οὐκ
514 2538 621 2602 ὄντων
643 2535 851 2621 εἰσαγωγέων
873 2548 940 2603 τῶν
958 2544 1123 2622 θεσμοθε-

115 2655 182 2709 τῶν
209 2639 293 2728 ὑπὲρ
321 2637 368 2708 ὧν
391 2643 547 2726 λαγχάνει
570 2647 808 2727 Πανταίνετος,
837 2643 1046 2728 ἐξαλήλιπται
1068 2644 1124 2712 καὶ

116 2748 157 2814 οδ
184 2750 341 2832 πρόσεστι
367 2757 406 2834 τή
434 2757 643 2834 παραγραφή.
688 2750 725 2814 τὸ
754 2747 786 2814 δ’
811 2750 900 2827 ὅπως
926 2749 1020 2834 ὑμεῖς
1047 2767 1124 2819 σκο-

115 2864 217 2920 πεῖτε·
240 2851 313 2938 ἐμοὶ
335 2850 396 2938 μὲν
414 2854 488 2939 γάρ,
512 2853 574 2930 ἕως
592 2853 634 2920 άν
653 2858 715 2940 ἔχω
733 2858 793 2923 τὸν
811 2859 917 2940 νόμον
936 2856 1038 2922 αὐτὸν
1057 2859 1123 2924 δει-

115 2961 250 3043 κνύναι,
277 2957 350 3026 οὐδ’
377 2959 491 3026 ὁτιοῦν
518 2959 681 3045 διαφέρει·
709 2961 750 3027 οὐ
777 2962 841 3046 γὰρ
866 2963 903 3027 τὸ
926 2964 1123 3046 γιγνώσκειν

115 3065 170 3132 καὶ
193 3063 342 3131 συνιέναι
364 3067 405 3130 τὰ
429 3063 530 3131 δίκαι’
549 3065 644 3150 ὑμῶν
666 3066 832 3145 ἐξαλεῖψαι
857 3069 1042 3153 δυνήσεται.

74 3189 100 3228 ³⁵
203 3167 295 3254 Λαβέ
322 3172 364 3255 δή
391 3169 448 3236 καὶ
474 3172 533 3237 τὸν
560 3172 755 3256 μεταλλικὸν
777 3175 895 3256 νόμον·
922 3171 977 3239 καλ
999 3176 1063 3259 γὰρ
1086 3174 1123 3241 ἐκ

113 3276 234 3343 τούτου
267 3277 387 3357 δείξειν
419 3282 546 3361 οῖομαι,
579 3271 649 3341 οὔτ’
679 3271 785 3342 οὖσαν
812 3280 1033 3364 εἰσαγώγιμον
1060 3280 1121 3363 τήν

115 3384 223 3469 δίκην,
246 3381 376 3468 χάριτός
398 3378 426 3446 τ’
450 3383 497 3447 ὢν
519 3387 646 3467 μᾶλλον
669 3381 759 3461 άξιος
781 3381 802 3468 ή
825 3394 886 3450 τοῦ
905 3395 1121 3469 συκοφαντεῖ-

114 3493 204 3555 σθαι.
243 3485 326 3570 λέγε.
