2590 3900
454 175 550 226 ΚΑΤΑ
567 173 835 227 ΤΙΜΟΚΡΑΤΟΤΣ.
1086 169 1150 235 279

90 348 128 389 ιιι
229 335 399 419 Βούλομαι
430 337 547 401 τοίνυν
578 333 659 419 ὑμῖν
690 334 822 401 κάκεῖνο
855 335 1095 420 διηγήσασθαι,
1132 333 1152 400 ὅ

51 518 53 524 Α
142 441 227 521 φασί
250 433 322 505 ποτ’
353 442 458 506 εἰπεῖν
485 442 627 506 Σόλωνα
654 449 902 525 κατηγοροῦντα
929 443 1035 524 νόμον
1061 439 1153 515 τινὸς

141 543 202 609 οὐκ
234 543 419 628 ἰπιτηδειον
450 545 579 622 θέντος.
630 543 757 628 λέγεται
788 547 853 632 γὰρ
883 556 954 624 τοῖς
984 547 1152 622 δικασταῖς

141 649 243 716 αὐτὸν
274 653 395 735 εἰπεῖν,
427 651 540 737 ἐπειδὴ
568 654 672 718 τάλλα
698 656 939 739 κατηγόρησεν,
972 651 1023 717 ὅτι
1049 654 1153 736 νόμος

81 841 83 845 ι
140 754 231 821 ἐστὶν
254 755 395 834 άπάσαις
418 757 463 834 ώς
485 761 562 834 ἔπος
585 759 691 823 εἰπεῖν
708 768 780 835 ταῖς
798 759 944 840 πόλεσιν,
968 756 1028 823 ἰάν
1046 781 1095 835 τις
1113 759 1151 823 τὸ

140 865 284 947 νόμισμα
312 865 511 950 διαφθείρη,
539 864 690 930 θάνατον
713 865 774 948 τὴν
798 867 916 948 ζημίαν
939 859 1034 930 εἰναι.
1080 864 1152 931 ἐπε-

140 973 289 1054 ρωτήσας
312 967 343 1035 δ’
365 972 397 1036 εἰ
418 971 546 1047 δίκαιος
568 970 680 1047 αὐτοῖς
702 968 757 1036 καί
779 974 886 1048 καλῶς
909 973 995 1056 ἔχων
1013 970 1031 1037 ὁ
1049 973 1152 1055 νόμος

89 1091 127 1132 ιιι
140 1078 304 1159 φαίνεται,
322 1074 436 1160 ἐπειδη
456 1085 561 1160 φῆσαι
577 1079 658 1152 τοὺς
674 1077 840 1158 δικαστάς,
858 1078 964 1142 εἰπεῖν
978 1077 1029 1142 ὅτι
1043 1077 1143 1154 αὐτὸς
1152 1085 1204 1138 766

138 1180 266 1264 ἡγεῖται
293 1180 455 1268 ἀργύριον
482 1179 543 1267 μὲν
570 1184 715 1267 νόμισμα
743 1177 829 1248 εἰναι
855 1193 923 1248 τῶν
953 1184 1049 1248 ἰδίων
1073 1199 1151 1248 συν-

138 1289 357 1372 αλλαγμάτιον
385 1289 495 1355 εἵνεκα
522 1299 591 1366 τοῖς
617 1289 765 1367 ἰδιώταις
787 1287 985 1374 εὑρημένον,
1013 1290 1091 1366 τούς
1115 1284 1151 1355 δὲ

138 1395 264 1478 νόμους
292 1393 435 1478 [ἡγοῖτο]
463 1396 609 1478 νόμισμα
635 1403 694 1478 τῆς
720 1396 847 1472 πόλεως
873 1389 968 1461 εἰναι.
1014 1395 1085 1459 δεῖν
1109 1394 1151 1477 δὴ

138 1501 215 1577 τούς
241 1500 397 1578 δικαστάς
418 1504 530 1588 πολλῷ
550 1503 688 1584 μᾶλλον,
711 1505 746 1565 εἰ
759 1522 809 1576 τις
827 1498 845 1565 ὃ
864 1508 921 1584 τῆς
939 1502 1065 1579 πόλεώς
1083 1500 1152 1567 ἐστι

139 1607 300 1690 νόμισμα,
331 1615 430 1672 τοῦτο
462 1607 655 1690 διαφθείρει
686 1602 741 1671 καὶ
768 1606 965 1691 παράσημον
993 1604 1152 1690 εἰσφέρει,

139 1723 249 1796 μισεῖν
279 1709 334 1777 καί
360 1712 525 1793 κολάζειν,
557 1711 578 1794 ἢ
606 1717 641 1776 εἰ
662 1734 712 1788 τις
740 1709 836 1776 ἐκεῖν’
868 1709 887 1776 ὃ
913 1723 981 1777 τῶν
1009 1713 1151 1777 ἰδιωτῶν

91 1834 128 1875 ²1⁴
141 1819 238 1885 ε’στίν.
285 1825 486 1903 προσθεῖναι
512 1814 548 1884 δὲ
571 1820 748 1903 τεκμήριον
769 1825 831 1883 τοῦ
853 1815 909 1882 καὶ
932 1821 1043 1902 μεῖζον
1065 1813 1151 1883 εἰναι

138 1925 302 2010 τάδίκημα
326 1926 376 2005 [τὸ
398 1926 478 2003 τοὺς
495 1925 619 2008 νόμους
638 1924 849 2008 διαφθείρειν
867 1923 888 2006 ἢ
906 1924 944 1988 τὸ
963 1923 1150 2009 άργύριον],

140 2031 190 2097 ὅτι
209 2031 357 2119 άργυρίφ
375 2025 436 2115 μὲν
454 2027 574 2096 πολλαὶ
591 2040 659 2094 τῶν
677 2031 808 2094 πόλεων
825 2027 881 2094 καὶ
899 2041 1051 2115 φανερῶς
1069 2031 1151 2114 πρὸς

139 2139 263 2223 χαλκὸν
289 2134 344 2202 καί
371 2136 541 2220 μόλυβδον
568 2134 756 2223 κεκραμένῳ
782 2136 963 2221 χρώμεναι,
992 2133 1152 2224 σῴζονται

139 2242 194 2310 καί
217 2239 291 2311 οὐδ’
318 2242 433 2309 ὁτιοῦν
455 2242 544 2325 παρὰ
566 2249 665 2343 τοῦτο
688 2243 867 2326 πάσχουσι,
894 2244 1010 2326 νόμοις
1033 2237 1070 2306 δὲ
1092 2264 1152 2307 πο-

139 2360 256 2437 νηροῖς
277 2349 442 2435 χρώμενοι
464 2346 519 2413 καὶ
543 2349 804 2433 διαφθείρεσθαι
821 2351 900 2424 τοὺς
917 2349 1016 2424 ὄντας
1034 2347 1152 2427 ἐῶντες

140 2455 276 2532 οὐδένες
293 2448 417 2520 πώποτ’
439 2453 626 2536 ἐσώθησαν.
658 2455 760 2539 ταύτη
779 2453 893 2538 μέντοι
911 2463 950 2538 τῇ
970 2460 1150 2541 κατηγορίᾳ

144 2561 348 2647 Τιμοκράτης
366 2563 481 2645 ἔνοχος
498 2559 682 2644 καθέστηκε
699 2563 789 2642 νυνί,
808 2557 862 2624 καί
881 2561 1015 2636 δικαίως
1033 2558 1076 2626 δν
1089 2555 1148 2646 ὑφ’

139 2653 235 2753 ὑμῶν
257 2675 318 2733 τοῦ
339 2670 566 2752 προσήκοντος
586 2668 680 2752 τύχοι
702 2669 889 2751 τιμήματος.

89 2787 127 2828 2¹⁵
230 2774 302 2858 Χρη
330 2769 391 2857 μὲν
418 2766 480 2838 οὖν
507 2782 609 2838 πᾶσιν
632 2773 772 2857 ὀργίλως
794 2774 897 2857 ἔχειν,
925 2772 998 2838 ὅσοι
1021 2772 1151 2839 τιθέασι

139 2882 265 2965 νόμους
288 2880 444 2963 αἰσχροὺς
466 2876 522 2944 καί
544 2879 723 2963 πονηρούς,
746 2879 887 2962 μάλιστα
911 2874 948 2942 δὲ
970 2879 1100 2956 τούτοις
1119 2881 1155 2944 οἳ
1187 2938 1189 2943 ,

139 2988 219 3063 τοὺς
240 2986 415 3062 τοιούτους
435 2996 504 3050 τῶν
523 2987 637 3069 νόμιον
656 2986 906 3070 διαφθείρουσι,
929 2979 972 3050 δι’
995 2981 1043 3051 ὧν
1062 2989 1151 3053 ἔστιν

139 3091 160 3176 ἢ
189 3092 310 3177 μικράν
336 3088 358 3174 ἦ
386 3091 532 3174 μεγάλην
559 3085 645 3155 εἰναι
673 3091 734 3175 τὴν
761 3093 868 3156 πόλιν.
914 3088 979 3156 εἰσί
1002 3088 1033 3156 δ’
1058 3087 1151 3158 οὗτοι

140 3199 240 3276 τίνες;
269 3197 306 3263 οἵ
329 3219 364 3262 τε
392 3199 470 3273 τοὺς
495 3194 693 3273 ἀδικοῦντας
714 3198 971 3281 τιμωρούμενοι,
999 3194 1055 3263 καί
1078 3199 1151 3264 ὅσοι

89 3316 127 3358 21⁶
140 3314 209 3381 τοῖς
237 3300 393 3369 ἐπιεικέσι
418 3302 514 3386 τιμάς
540 3325 631 3379 τινας
659 3303 821 3367 διδόασιν.
867 3302 899 3367 εἰ
923 3304 987 3387 γάρ
1011 3303 1151 3380 ἅπαντες

140 3414 394 3494 προθυμηθεῖεν
421 3418 530 3474 ποιεῖν
552 3407 683 3490 άγαθόυ
705 3430 737 3472 τι
758 3409 795 3472 τὸ
819 3409 949 3490 κοινόν,
977 3409 1035 3485 τὰς
1057 3411 1152 3493 τιμάς

140 3514 195 3582 καὶ
226 3517 284 3593 τάς
317 3515 456 3600 δωρειάς
486 3514 544 3591 τὰς
575 3510 658 3596 ὑπὲρ
688 3513 816 3579 τούτων
845 3514 1063 3597 ζηλώσαντες,
1094 3511 1150 3578 καί
