2590 3900
441 218 537 269 xm
554 216 823 270 οιαοιωιυονε.
1072 212 1139 280 259

68 399 114 440 σεε
128 373 194 460 έχδο
216 363 278 460 μὲν
300 371 400 461 οἶμαι.
442 377 486 461 μή
509 371 765 464 τοίνυνέάσηθ’
793 374 877 459 ὑμᾶς
901 375 1023 451 αὐτοὺς
1044 374 1140 456 ὑβρί-

129 485 244 560 ζεσθαι
267 479 350 566 μηδὲ
372 483 434 565 τήν
454 484 563 564 πόλιν,
586 480 670 546 ἀλλὰ
688 479 891 566 μνησθέντες
910 479 960 544 ὅτι
978 479 1139 562 Εὔδημον

43 663 46 667 ¹
127 588 188 653 τὸν
202 588 435 671 Κυδαθηναιᾶ,
453 589 559 672 νόμον
578 588 719 668 δόξαντα
736 594 849 651 θεῖναι
866 585 927 650 οὐκ
942 584 1139 668 έπιτήδειον,

128 692 171 758 ού
201 692 303 758 πάλαι
335 687 406 758 ἀλλ’
437 689 487 758 ἐπ’
518 693 699 776 Εὐάνδρου
731 693 890 777 ἄρχοντος
921 690 1142 773 ἀπεκτείνατε,

127 796 184 864 καὶ
210 801 376 865 Φίλιππον
403 798 463 864 τὸν
488 801 656 864 Φιλίππου
684 807 745 864 τοῦ
773 801 962 880 ναιικλήρου
990 796 1066 862 υἱὸν
1089 820 1141 880 μι·

127 913 212 990 κροῦ
244 901 307 989 μέν
338 903 562 987 ἀπεκτείνατε,
594 904 770 989 χρημάτων
803 900 839 967 δὲ
871 907 1004 968 πολλῶν
1037 901 1143 967 αὐτοῦ

128 1010 258 1076 έκείνον
281 1009 542 1094 ἀντιτιμωμένου
564 1003 641 1095 παρ’
664 1009 777 1090 ὀλίγας
798 1009 933 1090 ψήφους
956 1007 1141 1092 ἐτιμήσατε,

127 1115 253 1198 ταύτην
275 1115 336 1198 τήν
359 1114 465 1200 ὀργήν
486 1113 541 1180 καλ
563 1123 629 1179 νῦν
652 1110 705 1178 ἐπὶ
728 1110 861 1179 τουτονὶ
884 1113 1010 1197 λάβετε,
1034 1112 1140 1178 έκεῖνο

127 1223 211 1306 πρὸς
238 1222 368 1298 τούτοις
395 1221 518 1286 ἀπασιν
545 1216 809 1304 ἐνθυμηθέντες,
836 1222 871 1284 τί
895 1217 967 1285 ποτ’
995 1217 1037 1284 ἀν
1064 1217 1142 1284 έπά-

126 1333 206 1392 θετε
233 1327 298 1393 ὑπὸ
326 1327 449 1392 τούτου
475 1325 595 1408 αὐτοῦ,
623 1327 654 1390 εί
681 1319 780 1402 οὗτος
802 1317 849 1402 εἷς
872 1323 919 1390 ὢν
943 1323 1141 1407 ἐπρέσβευεν

127 1429 212 1518 ὑπὲρ
234 1432 339 1518 ὑμῶν.
384 1427 476 1516 οἶμαι
498 1433 563 1516 νδρ
586 1440 740 1497 τοιοῦτον
763 1427 864 1496 οὐδέν
888 1425 973 1497 εἶναι
996 1429 1076 1496 διον
1098 1429 1141 1496 ἀν

128 1536 296 1622 ἀπέσχετο.
333 1537 430 1624 δρᾶτε
454 1532 490 1603 δέ
512 1538 574 1621 τήν
596 1538 749 1602 διάνοιαν
767 1536 883 1602 αὐτοῦ·
909 1534 1008 1619 δχδρ
1027 1538 1141 1619 νόμος,

128 1644 169 1710 δν
190 1644 351 1735 ,έτόλμησε
371 1650 500 1727 θεῖναι,
522 1644 582 1708 τὸν
604 1645 730 1728 τρόπον
753 1642 857 1707 αὐτοῦ
881 1642 1060 1708 δείκνυσιν.

71 1774 113 1816 ιιι
217 1752 387 1834 Βούλομαι
411 1744 442 1815 δ’
468 1748 549 1833 ὑμῖν
573 1743 599 1814 ὦ
621 1749 743 1833 ἀνδρες
766 1744 916 1813 δικασταὶ
940 1747 976 1813 έν
996 1752 1141 1833 Λοκροῖς

127 1857 173 1933 ὡς
186 1861 411 1941 νομοθετοῦσι
426 1855 666 1938 διηγήσασθαι·
684 1848 862 1937 οὐδὲνγὰρ
877 1856 1009 1938 χείρους
1022 1856 1141 1921 ἔσεσθε

126 1961 334 2046 παράδειγμά
357 1983 388 2025 τι
412 1960 599 2044 ἀκηκοότες,
622 1961 729 2036 ἄλλως
750 1981 784 2024 τε
803 1955 859 2023 καὶ
877 1949 903 2045 ᾧ
923 1961 1018 2037 πόλις
1036 1960 1195 2026 εύνο-τῖσ

127 2065 277 2152 μουμένη
309 2076 435 2152 χρήται.
480 2065 549 2132 έκεί
577 2066 640 2148 γάρ
674 2065 779 2142 οὕτως
810 2071 938 2131 οίονται
971 2067 1043 2131 δεῖν
1071 2075 1142 2142 τοῖς

126 2173 229 2237 πάλαι
255 2169 420 2256 κειμένοις
445 2177 591 2257 χρῆσθαι
619 2173 735 2255 νόμοις
761 2167 817 2236 καὶ
843 2171 884 2235 τὰ
908 2171 1029 2255 πάτρια
1051 2193 1142 2256 περι-

128 2277 291 2360 στέλλειν,
318 2274 374 2344 καὶ
401 2278 445 2362 μή
473 2278 557 2360 πρὸς
582 2278 641 2354 τὰς
667 2277 842 2360 βουλήσεις
869 2273 952 2360 μηδὲ
978 2279 1062 2360 πρὸς
1083 2279 1142 2356 τὰς

128 2386 298 2460 διαδύσεις
324 2393 392 2448 τῶν
420 2381 650 2466 ἀδικησάντων
675 2387 949 2466 νομοθετεῖσθαι,
978 2381 1055 2448 ὥστ’
1082 2383 1142 2449 έάν

128 2513 178 2568 τις
201 2491 361 2574 βούληται
379 2491 484 2574 νόμον
503 2490 620 2553 καινὸν
638 2487 781 2571 τιθέναι,
804 2487 841 2552 έν
860 2490 969 2577 βρόχῳ
988 2489 1047 2554 τὸν
1064 2489 1142 2573 τρά-

127 2601 232 2682 χηλον
259 2598 344 2680 ἔχων
370 2599 563 2678 νομοθετεῖ,
595 2591 650 2659 καὶ
678 2593 736 2659 έάν
764 2590 825 2678 μέν
853 2592 932 2678 δόξη
960 2596 1060 2671 καλὸς
1085 2593 1142 2660 καλ

127 2705 288 2788 χρήσιμος
315 2695 401 2766 εἶναι
429 2699 448 2767 ό
475 2701 593 2784 νόμος,
622 2702 658 2786 ζή
687 2699 705 2765 ό
733 2697 838 2776 τιθείς
869 2697 925 2765 καὶ
957 2699 1141 2785 ἀπέρχεται,

73 2831 115 2873 ιιο
128 2811 161 2874 εί
178 2804 215 2875 δέ
234 2808 290 2892 μή,
308 2805 471 2890 τέθνηκεν
489 2804 752 2882 ἐπισπασθέντος
770 2815 831 2872 τοῦ
845 2808 978 2890 βρόχον.
1008 2804 1063 2872 καὶ
1076 2808 1141 2892 γάρ

127 2938 180 2980 τοι
209 2915 346 2989 καινοὺς
373 2909 434 2996 μέν
462 2911 504 2978 οὐ
531 2916 676 2996 τολμῶσι
702 2910 849 2995 τιθέναι,
880 2923 949 2988 τοῖς
977 2908 1014 2977 δὲ
1041 2912 1142 2978 πάλαι

127 3019 292 3105 κειμένοις
314 3019 457 3101 ἀκριβῶς
478 3029 630 3103 χρῶνται.
663 3017 699 3082 έν
718 3022 854 3094 πολλοῖς
872 3014 909 3083 δέ
927 3018 1016 3084 πάνυ
1034 3019 1142 3083 ἔτεσιν

128 3123 155 3192 ὦ
179 3126 299 3209 ἄνδρες
322 3121 473 3189 δικασταὶ
496 3115 544 3201 εἷς
567 3121 695 3206 λέγεται
717 3118 794 3207 παρ’
816 3123 929 3200 αὐτοῖς
951 3126 1054 3208 νόμος
1070 3147 1141 3189 και-

127 3233 187 3309 νὸς
204 3236 351 3315 τεθήναι.
388 3231 485 3307 ὄντος
502 3230 567 3312 χάρ
578 3230 707 3294 ,αύτόθι
725 3232 842 3312 νόμον,
866 3228 924 3294 ἐάν
943 3254 993 3306 τις
1011 3229 1141 3314 ὀφθαλ-

127 3339 192 3422 μὸν
227 3335 366 3422 έκκόύη,
399 3335 597 3413 ἀντεκκόψαι
624 3347 805 3419 παρασχεῖν
832 3336 891 3400 τὸν
919 3334 1054 3419 ἑαυτοῦ,
1085 3333 1141 3400 καὶ

128 3445 170 3509 οὐ
198 3443 375 3528 χρημάτων
398 3444 560 3527 τιμήσεως
583 3441 755 3526 οὐδεμιᾶς,
784 3440 960 3524 ἀπειλῆσαί
979 3463 1029 3518 τις
1051 3440 1140 3523 λέγε-

127 3574 183 3617 ται
206 3549 326 3634 έχθρδς
348 3547 457 3636 ἐχθρῷ
480 3547 538 3614 ἕνα
557 3549 665 3632 ἔχοντι
685 3548 874 3632 ὀφθαλμόν,
898 3548 949 3612 ὅτι
968 3546 1071 3611 αὐτοῦ
1090 3545 1140 3622 έκ,ι
1292 3605 1293 3694 1

926 3650 980 3702 1⁷*
1292 3695 1293 3705 ,
