2616 3910
183 180 250 246 486
475 183 599 236 xxm
622 182 903 236 ΔΗΜΟΣΘΕΝΟΤΣ

145 359 171 400 τε
185 336 265 407 ούδλ
287 341 352 426 γάρ
377 346 411 407 εί
429 365 461 408 τι
483 349 523 428 ιη
545 339 644 426 μητρὶ
666 342 749 426 πρὸς
771 341 876 427 ὀργὴν
896 337 981 426 ἦλθε
998 350 1038 428 τη
1056 343 1203 427 τούτων,

183 448 324 526 τούτους
351 445 394 512 δν
422 446 542 532 ἐμίσει,
569 451 714 532 νομίζων
741 447 845 516 αὑτοῦ
868 445 995 530 [εἰναι]·
1023 451 1110 516 πολὺ
1132 450 1203 534 γάρ

184 557 311 636 μᾶλλον
329 554 501 635 εἰώθασιν,
525 547 573 620 ὧν
591 551 634 618 δν
652 551 783 631 ἐαυτοῖς
802 555 1021 640 διενεχθῶσιν
1039 555 1123 639 ἀνὴρ
1143 553 1202 622 καὶ

184 661 281 741 γυνή,
305 657 361 723 διά
382 661 461 736 τοὺς
483 661 603 737 παῖδας
625 661 919 742 καταλλάττεσθαι,
944 659 965 744 ἢ
990 654 1035 726 δι’
1060 659 1103 726 δν
1126 659 1201 725 όδι-

184 770 336 846 κηθῶσιν
358 761 420 849 ὑφ’
442 763 563 848 αὐτῶν,
586 767 664 842 τούς
685 767 821 842 κοινούς
838 766 959 843 παῖδας
977 767 1061 851 πρὸς
1078 777 1201 850 μισεῖν.

185 868 227 935 ού
253 871 369 935 τοίνυν
394 867 429 936 ἐκ
452 871 580 936 τούτων
603 867 669 936 ἐστ’
697 871 784 936 ἰδεῖν
807 872 928 954 μόνον,
956 871 1008 937 ὅτι
1031 873 1200 956 ψεύσεται,

183 967 275 1040 ταῦτ’
297 973 355 1040 ἐὰν
378 973 468 1060 λέγη,
491 975 573 1041 άλλά
596 974 675 1058 πρὶν
697 973 854 1061 ἡμέτερος
872 977 1014 1059 φάσκειν
1033 978 1202 1061 συγγενὴς

185 1073 285 1160 εἰναι,
313 1081 360 1158 εἰς
382 1077 615 1146 Ἱπποθωντίδ’
642 1081 759 1166 ἐφοίτα
786 1083 899 1166 φυλὴν
927 1084 975 1160 εἰς
999 1084 1120 1161 παῖδας
1142 1107 1201 1167 χο-

146 1213 173 1253 ει
186 1187 324 1271 ρεύσων.
361 1189 466 1254 καίτοι
489 1190 539 1265 τίς
556 1185 599 1252 δν
616 1187 711 1272 ὑμῶν
730 1193 833 1254 οἰεται
851 1189 913 1272 τὴν
931 1187 1055 1274 μητέρα
1072 1186 1201 1273 πέμψαι

184 1301 306 1358 τοῦτον
333 1294 380 1370 εἰς
406 1292 530 1378 ταύτην
558 1295 618 1378 τὴν
645 1297 773 1378 φυλήν,
806 1294 900 1360 δεινὰ
926 1290 1004 1378 μὲν,
1031 1295 1076 1372 ὥς
1104 1291 1202 1380 φησ’,

186 1396 251 1464 ύπὸ
277 1405 339 1464 τοῦ
365 1399 487 1483 πατρὸς
512 1405 738 1482 πεπονθυῖαν,
767 1398 908 1486 δεκάτην
931 1396 963 1465 δ’
990 1402 1120 1466 εἰδυῖαν
1142 1426 1201 1466 πε-

186 1500 334 1587 ποιηκότ’
365 1503 494 1570 ἐκεῖνον
524 1502 580 1570 καί
611 1505 712 1570 πάλιν
743 1503 884 1589 ἔξαρνον
917 1506 1013 1582 ὄντας
1046 1505 1109 1589 ἐγὼ
1137 1502 1201 1589 μὲν

187 1604 298 1676 οὐδέν’
319 1608 362 1675 άν
384 1604 484 1693 οἶμαι.
521 1611 568 1688 εἰς
587 1612 651 1693 γάρ
670 1611 731 1692 τὴν
751 1607 959 1695 Ἀκαμαντίδ’
982 1610 1104 1696 ὁμοίως
1122 1610 1201 1696 ἐξῆν

187 1733 242 1782 σοι
261 1723 392 1799 φοιτᾶν,
415 1713 471 1782 καί
489 1712 633 1799 ἐφαίνετ’
651 1713 694 1780 άν
712 1709 784 1782 οὖδ
804 1715 992 1793 ἀκόλουθος
1009 1715 1030 1801 ἡ
1050 1718 1139 1801 φυλὴ
1158 1727 1200 1802 τῇ

186 1820 281 1888 θέσει
293 1820 505 1905 τούνόματος.
533 1819 578 1898 ὡς
591 1823 708 1886 τοίνυν
721 1817 813 1885 ταῦτ’
831 1821 940 1905 ἀληθῆ
955 1820 1052 1905 λέγω,
1070 1823 1199 1887 τούτων

186 1927 354 2012 μάρτυρας
385 1925 464 2011 ὑμῖν
496 1929 574 2003 τοὺς
601 1937 855 2012 συμφοιτῶντας
881 1924 936 1992 καὶ
963 1927 1041 2004 τοὺς
1069 1929 1200 2007 εἰδότας

187 2032 376 2117 παρέξομαι.

590 2147 790 2199 ΜΑΡΤΤΡΕΣ.
1201 2151 1265 2202 1002

148 2267 174 2308 τε
278 2243 374 2310 Οὕτω
401 2246 518 2310 τοίνυν
546 2254 698 2330 φανερῶς
725 2243 813 2328 παρὰ
839 2244 899 2310 τὸν
925 2253 983 2328 τῆς
1009 2244 1114 2312 αὑτοῦ
1138 2271 1201 2331 μη-

186 2351 264 2435 τρὸς
287 2350 387 2435 ὅρκον
410 2347 466 2415 καὶ
488 2349 549 2434 τὴν
571 2359 632 2415 τοῦ
656 2350 776 2426 δόντος
798 2349 906 2434 ἐκείνη
925 2351 985 2416 τὸν
1004 2352 1105 2436 ὅρκον
1123 2353 1200 2436 εύή-

186 2461 301 2538 θειαν,
328 2457 451 2540 πατρὸς
478 2456 663 2541 τετυχηκὼς
690 2454 745 2521 καὶ
774 2452 852 2520 ἀνθ’
874 2453 1135 2536 Ἱπποθωντίδος
1162 2459 1200 2524 ἐν

184 2557 396 2647 Ἀκαμαντίδι
414 2565 504 2646 φυλῇ
523 2563 679 2645 γεγονώς,
700 2561 762 2627 οὐκ
781 2561 890 2649 άγαπᾷ
908 2563 1054 2640 Βοιωτὸς
1073 2563 1199 2646 οὑτοσί,

188 2666 271 2732 άλλά
290 2664 345 2732 καί
364 2668 458 2744 δίκας
476 2665 548 2753 ἐμοὶ
568 2662 621 2733 δύ’
641 2667 662 2752 ἣ
681 2677 769 2753 τρεῖς
788 2673 918 2752 εἰληχεν
936 2667 1099 2755 ἀργυρίου
1117 2672 1201 2754 πρὸς

188 2763 241 2850 αἷς
262 2771 317 2838 καί
337 2774 500 2858 πρότερόν
518 2770 552 2860 μ’
577 2773 804 2859 ἐσυκοφάντει.
840 2775 947 2840 καίτοι
964 2776 1091 2853 πάντας
1108 2770 1200 2859 οἶμαι

149 2899 175 2939 ω
188 2875 286 2944 τοῦθ’
307 2877 393 2962 ὑμᾶς
415 2878 549 2963 εἰδέναι,
572 2883 622 2957 τίς
643 2874 687 2964 ἦν
704 2864 927 2964 χρηματιστὴς
945 2879 964 2945 ό
981 2883 1099 2966 πατήρ.
1136 2881 1199 2964 ἐγὼ

189 2983 220 3052 δ’
247 2985 332 3051 ἐάσω
360 2995 470 3051 ταῦτα.
516 2983 588 3051 ἀλλ’
615 2987 647 3051 εἰ
673 2983 773 3052 δίκαι’
801 2985 972 3070 ὀμώμοκεν
998 2985 1020 3071 ἡ
1047 2989 1153 3072 μήτηρ
1179 2986 1199 3070 ἡ

188 3091 327 3175 τούτων,
350 3085 400 3158 ἐπ’
422 3091 606 3180 αὐτοφώρω
628 3092 845 3176 συκοφάντην
864 3089 1063 3158 ἐπιδεικνύει
1080 3102 1201 3188 τοῦτον

188 3208 260 3275 ταῖς
283 3198 389 3274 δίκαις
411 3198 554 3275 ταύταις.
591 3200 623 3263 εἰ
640 3199 704 3280 γάρ
724 3196 811 3264 οὕτω
831 3197 1023 3283 δαπανηρὸς
1041 3193 1094 3282 ἦν,
1118 3200 1200 3265 ὥστε

189 3304 282 3389 νάμφ
301 3303 492 3386 γεγαμηκὼς
510 3305 571 3386 τὴν
585 3301 668 3387 ἐμὴν
686 3302 821 3387 μητέρα,
841 3301 955 3386 ἑτέραν
969 3298 1035 3388 εἶχε
1048 3315 1201 3389 γυναῖκα,

188 3402 228 3489 ἧς
250 3407 343 3490 ὑμεῖς
366 3406 452 3490 ἐστέ,
478 3406 533 3474 καὶ
556 3402 610 3474 δύ’
637 3411 743 3486 οἰκίας
767 3406 861 3496 ᾤκει,
883 3419 952 3487 πῶς
974 3405 1017 3474 δν
1040 3409 1202 3497 ἀργύριον

189 3520 339 3586 τοιοῦτος
363 3512 410 3577 ὢν
432 3511 621 3592 κατέλιπεν;
