2602 3910
130 92 231 146 uxxu
278 91 565 147 couuuuuufflus
585 90 746 146 ORITIOUS
764 92 874 163 (mv,
895 96 1000 162 ι-ιη.

131 249 281 324 λέγειν),
309 251 359 306 ubi
387 254 480 305 exstat
506 251 537 306 τὸ
565 249 736 320 ἀποτρέπον,
765 252 913 320 quominus
939 252 1080 320 loquatur.
1105 283 1138 290 -

130 331 148 384 2
171 330 236 400 περλ
258 331 372 386 πάντων
398 347 451 386 om.
476 332 561 386 schol.
584 350 612 400 p.
633 337 696 398 731,
717 338 763 396 11;
790 330 822 386 it.
847 348 904 385 non
927 330 1008 384 addit
1035 330 1050 384 ὁ
1075 350 1137 385 του-

130 410 191 464 τουὶ
215 409 299 480 νόμος
322 415 352 465 et
372 427 437 464 mox
461 426 513 465 om.
533 415 615 478 κοινή
638 428 673 463 τι.
712 410 747 461 Τι
769 406 856 460 etiam
875 408 897 464 0
917 412 946 464 et
965 409 1067 463 Anecd.
1085 409 1137 464 Bk.

130 508 157 558 p.
175 497 239 559 149,
260 498 290 546 17
311 508 364 547 om.
389 521 422 529 -
445 497 500 543 τῶν
518 491 584 557 post
601 488 834 558 προστιμημάτων
851 488 918 544 hab.
935 506 976 557 pr.
995 488 1030 556 L,
1048 506 1086 542 rc.
1106 489 1137 553 ὃς

131 587 184 625 om.
208 570 295 624 ceteri
317 570 397 626 codd.
427 601 459 608 —
491 564 671 638 ἐλήφθησαν]
700 565 878 637 ἡλέχχθησαν
900 568 1006 624 Aneod.
1028 568 1079 623 Bk.
1104 599 1137 607 --

130 647 148 699 8
166 648 298 717 (δικαίως
317 649 381 719 SL.)
401 680 435 688 -
458 645 505 720 (δὲ
525 649 626 717 χιλίαις
645 647 689 700 SL
708 646 756 715 al.)
776 678 810 686 -
828 647 847 700 4
865 646 973 710 τούτοις
990 645 1137 716 προσέχειν

130 727 178 782 τὸν
197 737 266 782 νούν
284 727 329 783 W.
342 726 402 794 VII,
419 733 486 780 1315
506 725 564 794 (τὸν
583 734 653 780 νοῦν
672 724 758 779 etiam
776 725 798 780 F
817 726 902 796 add.).
917 757 949 768 ·-
969 726 987 780 5
1007 724 1080 795 (οὐδ’
1101 724 1138 780 ἂν

131 803 186 876 ἕν’)
209 805 298 861 εἰπεῖν
323 805 397 877 ἔχειν
421 807 515 874 οίομαι
538 825 571 873 χρ
591 805 609 858 S
634 807 680 874 (ω
703 813 759 859 τῶν
781 804 835 875 γὰρ
859 805 947 861 ὄντων
966 807 1085 875 ἀγαθῶν
1104 813 1137 875 τῇ

129 883 231 956 πύλει)ι
251 885 341 941 εἰπεῖν
360 884 446 956 οἶμαι,
475 885 515 940 ef.
535 884 633 951 XXIII,
653 890 718 949 2143
736 884 818 951 XLV,
838 891 880 952 69,
899 884 936 940 al.
955 917 988 927 -
1015 883 1085 954 ὑπὲρ
1104 881 1137 938 ού

131 982 194 1021 sen:
217 968 283 1036 περί
301 962 343 1022 ού.
375 964 456 1019 Κατὰ
475 964 568 1034 χώραν
587 961 618 1018 δὲ
638 962 734 1032 μένειν
755 963 759 1034 ]
778 964 845 1025 τούς
866 963 966 1026 ἀλλους
984 960 1035 1018 ἐᾶν
1053 988 1088 1011 ω
1106 963 1137 1017 τὸ

131 1042 182 1112 μὲν
201 1042 251 1099 σύν
270 1043 376 1115 πρᾶγμ’
396 1043 467 1114 ὑπὲρ
487 1038 519 1098 ού
540 1046 544 1109 Ι
565 1044 614 1096 ἀεῖ
631 1051 684 1096 νῦν
702 1043 775 1110 ύμᾶς
793 1043 927 1111 γνῶ(νοιι).
940 1046 1010 1098 -6
1029 1041 1138 1112 Ἀνδρο-

130 1124 212 1177 τίοονι
236 1124 325 1177 Rufus
344 1123 388 1177 W.
408 1123 459 1190 HI,
479 1126 542 1175 464:
568 1117 759 1190 Ἀνδροτίωνα.
791 1121 832 1176 cf.
851 1121 961 1179 Schuef.
983 1123 1070 1193 (VIII,
1090 1129 1136 1187 243

129 1219 251 1270 prooem.
270 1203 291 1257 L
309 1221 337 1271 p.
359 1207 435 1270 1457,
456 1203 507 1272 15).
521 1232 557 1241 —
579 1201 593 1254 7
614 1198 661 1271 (ύιν
680 1203 746 1254 ante
765 1200 959 1272 ἀπεστερήμην
977 1218 1031 1255 om.
1051 1201 1069 1254 S
1088 1199 1137 1274 [ἀν

131 1280 328 1351 ἀπεστερήθην
344 1299 402 1351 mg.
420 1281 452 1354 S]
471 1281 519 1350 al.)
539 1311 572 1322 -
593 1279 659 1346 ἔζων
677 1280 700 1333 L
719 1280 799 1336 Cob.:
824 1279 896 1348 ἔζην.
915 1313 949 1322 -
968 1282 1017 1337 τὸν
1036 1279 1135 1346 πατέρ’

130 1359 167 1422 ῶς
185 1360 327 1417 ἀπέκτονα
347 1358 400 1431 ἐγὼ
413 1361 462 1416 τὸν
477 1358 598 1430 έμαυτού
612 1358 728 1416 Aristid.
742 1378 770 1428 p.
785 1366 837 1414 378
850 1359 905 1428 W„
923 1363 956 1414 ut
969 1360 1054 1428 XXII,
1067 1368 1092 1416 2.
1104 1391 1136 1400 —-

129 1440 204 1508 (τοὺς
223 1441 399 1512 δικάζοντας]
422 1443 487 1504 τούς
505 1438 639 1501 δικαστὰς
658 1439 676 1493 S
695 1438 743 1507 al.)
762 1470 797 1478 —
815 1439 833 1492 8
851 1440 900 1495 τὸν
919 1438 947 1493 δ’
969 1439 1008 1502 είς
1025 1440 1062 1494 A:
1087 1441 1136 1496 τὸν

131 1519 165 1588 δὴ
185 1519 225 1583 είς
243 1525 253 1590 (
274 1524 301 1590 .).
321 1553 354 1562 -
373 1519 482 1590 εοο1.μ’
498 1521 570 1591 (bu).
586 1549 618 1558 -
638 1525 719 1588 κοινῇ
734 1534 788 1572 om.
802 1517 906 1572 lemma,
920 1518 1020 1573 scholii
1033 1537 1061 1587 p.
1077 1527 1136 1585 737,

131 1605 173 1654 25.
192 1631 226 1640 -
250 1600 298 1654 καὶ
317 1603 383 1654 unte
402 1608 450 1668 τῆς
468 1599 573 1661 πόλεως
592 1616 645 1653 om.
666 1598 684 1651 S
703 1597 749 1664 al„
772 1597 878 1652 habu?
902 1601 932 1653 eb
949 1615 1018 1652 corr.
1037 1600 1066 1655 L.
1086 1603 1136 1668 Χρ.

130 1680 217 1734 πολλὰ
235 1689 284 1750 τῆς
302 1679 363 1737 πύλ.
384 1679 483 1750 ἔχοντα
502 1679 549 1734 καλ
568 1686 616 1746 τῆς
634 1682 665 1733 θ.
685 1677 807 1732 καὶτῶν
827 1675 849 1733 έ.
869 1679 920 1732 ούκ
938 1679 1022 1734 ἀποδ.
1040 1677 1136 1743 Weil.;

131 1761 194 1815 fort.
213 1768 261 1828 τῆς
283 1759 388 1822 πόλεως
410 1760 459 1812 καλ
478 1764 545 1814 ante
563 1768 611 1828 τῆς
629 1764 701 1815 θεοῦ
721 1758 897 1823 collocanda3
920 1757 970 1810 sed
993 1757 1028 1812 cf.
1047 1763 1062 1810 9
1081 1767 1135 1812 τῶν

131 1837 212 1908 ἴερῶν
231 1843 283 1908 μὲν
297 1834 353 1894 κτὲ.
368 1870 402 1879 -
421 1839 440 1892 9
458 1841 517 1910 (τῆς
535 1842 601 1892 ante
616 1841 716 1910 βουλῆς
731 1855 785 1894 om.
800 1837 881 1908 Sal.)
899 1868 932 1876 —
953 1837 989 1891 10
1006 1839 1137 1907 ηὑρίσκο-

131 1938 181 1988 μεν
201 1933 264 1975 seu:
294 1920 466 1988 εὑρίσκομεν.
490 1950 523 1958 -
548 1915 578 1974 έν
603 1919 718 1991 βραχέσι
741 1935 794 1972 om.
815 1915 901 1972 schol.
920 1934 949 1984 p.
970 1923 1033 1985 736,
1054 1925 1078 1971 7.
1103 1949 1135 1957 —-

131 1999 167 2052 11
188 1998 327 2069 (ζητητάς]
348 1999 465 2067 ζητήσας
480 1997 498 2052 S
512 1998 560 2066 al.)
582 2031 614 2038 -
626 1995 853 2069 (ναυκρατητικοέ
868 1995 886 2049 S
901 1994 949 2068 al.)
968 2027 1001 2036 -
1021 1997 1058 2050 12
1076 1997 1136 2068 (ἀν-

130 2082 242 2147 θρωποι
265 2079 314 2134 Bk.
333 2077 402 2134 Dd.:
431 2077 515 2145 ἀνθρ.
538 2095 564 2132 v.
582 2077 674 2145 weil„
698 2076 862 2147 ἀνθρώποις
884 2076 906 2128 L
925 2079 954 2129 et
975 2094 1017 2145 pr.
1036 2077 1064 2132 S.
1095 2076 1135 2132 Of.

130 2156 203 2213 Plau.
218 2155 320 2225 cratyl.
337 2157 416 2209 422ss
435 2153 572 2230 ἃέρωτᾷς
586 2157 621 2210 τὰ
636 2157 781 2227 ὀνόματα.)
799 2189 832 2196 -
852 2153 935 2211 εἶναι.
958 2156 1019 2210 τότε
1033 2156 1087 2213 Dd.
1104 2190 1134 2197 »-

131 2236 168 2290 13
185 2236 245 2307 (καὶ
258 2235 435 2298 Μελάνωπος
449 2252 502 2289 om.
518 2235 609 2304 SLI'.)
624 2268 655 2275 -
671 2236 751 2290 ταυτὶ
766 2237 796 2291 S:
815 2245 912 2291 ταῦτα.
926 2267 961 2275 -
977 2233 1050 2304 ἔχειν
1064 2239 1136 2306 ὡμο-

133 2314 232 2385 λόγουν
247 2314 311 2369 secl.
324 2314 409 2370 Dobr.
422 2315 476 2371 Dd.
497 2347 530 2354 —
559 2316 596 2369 14
620 2311 740 2370 ἐνταυθὶ
763 2333 827 2369 sch:
857 2311 984 2369 ἐνταῦθα
1006 2316 1077 2386 (bn.)
1102 2349 1135 2357 -

131 2396 167 2448 15
190 2394 479 2465 (προσεκκεχλευακὼς
496 2393 515 2448 S
534 2392 582 2458 al.)
606 2425 639 2434 —
663 2393 900 2464 (ἡττηντασκεῖνοι
923 2397 956 2447 ut
973 2393 1029 2449 vid.
1047 2413 1089 2463 pr.
1109 2397 1135 2464 S,

70 2469 72 2474 ’
131 2492 199 2530 corr.
217 2474 290 2542 eud.)
309 2506 344 2514 -
364 2475 400 2528 16
418 2475 563 2534 πλείστους
581 2489 644 2526 seu:
669 2475 781 2536 πλείους
798 2474 863 2536 τους
880 2473 970 2540 codd„
992 2477 1136 2539 πλείστους

129 2556 194 2615 τούς
211 2552 296 2610 Dobr.
314 2553 366 2609 Dd.
387 2585 420 2592 -
441 2552 574 2623 (ἀκύρους
592 2567 646 2608 om.
664 2570 705 2620 pr.
722 2555 748 2620 S,
766 2572 808 2622 pr.
826 2553 868 2624 L.)
887 2585 919 2594 —
940 2556 975 2609 17
995 2558 1136 2624 προακού-

131 2633 239 2703 σαντες]
257 2636 327 2702 puto
346 2632 517 2694 ἀκούσαντες
530 2631 600 2702 (bu),
620 2632 654 2687 cf.
672 2639 729 2688 190.
745 2664 779 2672 -
798 2633 835 2688 18
854 2629 915 2687 ἀλλ’
931 2631 1002 2703 ύπέρ
1017 2631 1055 2689 ὧν
1071 2652 1135 2690 scu:

130 2714 200 2767 ἀλλα
216 2713 281 2782 περὶ
296 2708 342 2767 ὧν.
366 2711 406 2766 Cf.
423 2713 548 2767 5.-19
566 2712 631 2781 περὶ
646 2706 764 2766 ἕκαστον
779 2711 844 2768 secl.
859 2710 925 2768 coh.
938 2744 971 2752 -
986 2712 1134 2784 πρόσσχετε

130 2793 195 2847 Cob.
215 2790 337 2862 (προσέχ.
356 2791 443 2844 etiam
461 2789 744 2861 Prisc.XVH1,282).
764 2821 798 2830 -
817 2790 919 2859 ἄνδρες
938 2791 1025 2846 SLO:
1045 2789 1066 2846 ὦ
1085 2794 1135 2848 ἀν-

130 2878 202 2943 δρες.
222 2904 255 2913 -
280 2872 394 2940 (lemma
413 2869 505 2924 estin
523 2869 541 2922 S
560 2869 688 2937 ehpr.L
713 2866 755 2924 έπλ
776 2872 951 2940 χειροτονίαν
970 2870 1084 2943 νόμιον.)
1102 2905 1134 2914 -

130 2955 167 3008 20
182 2971 242 3020 sqq.
261 2949 367 3005 removi
384 2967 483 3018 uncos,
508 2948 610 3017 quibus
628 2948 681 3004 Dd.
700 2949 773 3002 hanc
791 2949 882 3017 legem
901 2949 1061 3006 incluserat.
1094 2952 1133 3009 Cf.

129 3034 162 3089 R.
177 3030 289 3085 Schoell
306 3029 337 3082 in
354 3029 434 3083 Αολίε
451 3029 584 3085 Academ.
599 3029 707 3084 Monac.
723 3028 756 3083 el.
770 3027 840 3097 phil.
857 3034 924 3082 1886
942 3047 969 3097 p.
986 3037 1018 3083 83
1029 3048 1090 3099 sqq.
1100 3064 1135 3072 -

129 3112 193 3180 περὶ
216 3113 281 3164 ante
305 3118 359 3163 τῶν
384 3111 567 3180 βουλευτικῶν
592 3107 657 3163 secl.
683 3106 801 3164 sehoell.
827 3139 858 3146 ——
881 3108 899 3176 ἡ
923 3106 954 3162 δὲ
978 3114 1135 3178 χειροτονία

130 3191 186 3244 SL:
201 3189 218 3257 ἡ
234 3186 261 3243 δ’
275 3186 487 3258 ἐπιχειροτονία.
503 3219 535 3226 -
552 3185 612 3242 εἶτα
626 3197 680 3242 τῶν
695 3187 810 3257 κοινῶν]
825 3207 847 3243 ε.
861 3207 884 3243 τ.
899 3191 1003 3241 λοιπῶν
1010 3189 1134 3244 Wester-

129 3287 222 3325 mann.
243 3301 274 3308 κ·
293 3267 376 3339 (κατὰ
396 3267 468 3321 αύτολ
487 3268 504 3322 S
524 3271 553 3321 et
570 3286 612 3336 pr.
630 3267 664 3334 L,
689 3264 752 3320 κατ’
773 3265 846 3320 αύτά
863 3266 934 3336 AY.)
955 3298 990 3306 —
1014 3268 1050 3322 21
1070 3290 1135 3339 τυχ-

130 3348 234 3416 χσίνωσι
251 3348 289 3415 A,
309 3346 393 3400 schol.
415 3353 474 3415 743,
497 3355 527 3400 14
546 3346 691 3416 (Schoell):
715 3347 824 3415 τύχωσι.
845 3378 875 3385 -
895 3348 1135 3417 (παρεδρεύοντες

131 3429 168 3495 S.)
176 3459 211 3466 —
220 3428 279 3495 (τοῦ
294 3430 359 3480 ante
374 3428 508 3496 ἀργυρίου
523 3442 575 3480 om.
588 3426 633 3480 SL
644 3426 691 3496 al.)
702 3458 733 3466 —
745 3427 781 3480 ‘22
791 3425 926 3492 ποιήσωσι
935 3427 972 3477 A=
982 3435 1089 3482 ποιῶσι.
1101 3460 1132 3468 -
