2612 3918
157 132 200 198 92
470 133 541 186 m
566 131 844 185 ιειτοκοειιουε

156 297 293 378 ἐπραττε
311 288 367 358 καὶ
384 286 522 376 χρήματ’
539 292 693 376 ἀνήλισκε
713 289 766 358 ἐπὶ
785 299 831 380 τῷ
850 314 909 376 μετ
910 284 1065 356 ’ἐκείνου
1082 285 1167 372 κάμὲ

156 401 394 482 προσεκβαλεῖν
417 397 546 475 ἀδίκως.

104 526 142 566 ιιι
248 507 354 568 Τοῦτο
377 503 490 586 μέντοι
513 504 550 569 τὸ
572 512 727 568 τοιοῦτον
748 505 828 580 έθος
850 499 956 568 καὶ
926 525 964 568 το
987 501 1167 566 κατασκεόε

155 607 232 694 ασμ’
259 604 286 674 ὦ
313 609 433 693 ἀνδρες
457 605 645 692 Ἀθηναῖοι,
672 611 710 675 τὸ
732 620 801 685 τοῖς
820 605 906 695 ὑπὲρ
929 607 1039 673 αὑτῶν
1061 605 1166 684 ἐπεξι-

157 723 238 780 οῦσιΙ
253 716 387 790 δικαίως
405 717 452 780 ἐτι
470 717 572 780 πλείω
590 715 798 800 περιιστάναι
815 714 910 796 κακά,
934 712 994 778 οὐκ
1013 709 1085 796 ἐμοὶ
1103 709 1167 796 μέν

156 821 250 901 ἄξιόν
272 816 338 886 ἐστ’
361 820 558 903 ἀγανακτεῖν
575 818 630 885 καὶ
647 820 774 905 βαρέως
792 818 919 904 φέρειν,
941 818 1021 902 ὑμῖν
1040 814 1077 883 δέ
1093 827 1167 893 τοῖς

156 927 267 1002 ἀλλοις
284 927 448 1009 παριδεῖν,
467 930 595 991 πολλοῦ
611 949 648 1008 γε
666 922 722 992 καὶ
741 927 802 1007 δεῖ,
822 925 905 991 ἀλλά
922 933 1023 990 πᾶσιν
1042 922 1167 1007 ὁμοίως

155 1030 338 1118 ὀργιστέον,
364 1030 624 1116 ἐκλογιζομένοις
646 1029 701 1096 καὶ
722 1037 923 1115 θεωροῦσιν,
945 1031 998 1098 ότι
1019 1038 1080 1096 τοῦ
1102 1025 1165 1113 μὲν

154 1131 181 1200 ἀ)
209 1136 328 1217 ἄνδρες
351 1132 525 1218 Ἀθηναῖοι
557 1135 682 1223 βριδίως
712 1147 819 1214 κακῶς
850 1144 973 1204 παθεῖν
1006 1131 1165 1221 ἐγγύταθ’

154 1243 248 1327 ὑμῶν
265 1244 350 1308 είσιν
364 1241 400 1307 οί
411 1241 603 1308 πενέστατοι
616 1243 672 1309 καί
686 1241 934 1323 ἀσθενέστατοι,
949 1239 1055 1310 τοῦδ’
1072 1242 1167 1327 ὑβρί-

154 1367 211 1413 σαι
232 1346 288 1415 καά
309 1356 371 1414 τοῦ
392 1350 596 1431 ποιήσαντας
617 1350 662 1434 μή
691 1350 810 1415 δοῦναι
837 1350 950 1433 δίκην,
978 1349 1062 1416 ἀλλά
1087 1350 1168 1424 τοὺς

157 1449 431 1534 ἀντιπαρέξοντας
462 1450 636 1533 πράγματα
662 1450 915 1532 μισθώσασθαι,
948 1445 984 1513 οί
1006 1444 1166 1533 βδελυροὶ

106 1581 144 1620 ιιι
156 1553 212 1621 καὶ
239 1552 376 1640 χρήματ’
403 1554 534 1640 ἔχοντές
561 1557 647 1619 εἰσιν
673 1554 847 1637 ἐγγυτάτω.
893 1553 934 1619 οὐ
961 1554 1003 1637 δή
1031 1554 1085 1619 δεῖ
1105 1576 1166 1618 πα-

157 1671 262 1745 ρορᾶν
280 1661 320 1725 τά
337 1669 485 1742 τοιαῦτα,
509 1656 587 1726 οὐδὲ
610 1661 670 1726 τὸν
692 1659 879 1744 ἐξείργοντα
902 1658 969 1726 δέει
991 1657 1046 1725 καὶ
1069 1661 1165 1748 φόβῳ

156 1769 193 1832 τὸ
227 1768 324 1849 δίκην
356 1761 404 1831 ὧν
435 1763 478 1830 ἀν
506 1765 601 1849 ἡμῶν
628 1765 772 1850 ἀδικηθῇ
800 1789 850 1843 τις
877 1766 1058 1850 λαμβάνειν
1084 1759 1162 1852 παρ’

157 1873 270 1953 αὐτοῦ,
297 1873 377 1937 ἀλλο
399 1895 431 1937 τι
454 1872 516 1957 χρή
539 1874 684 1955 νομίζειν
708 1883 827 1955 ποιεῖν,
850 1871 871 1956 ή
893 1872 951 1948 τάς
972 1880 1031 1955 τής
1054 1874 1166 1954 ίσηγο-

158 1983 231 2064 ρίας
253 1976 308 2043 καί
330 1979 389 2054 τὰς
411 1986 469 2060 τῆς
492 1977 683 2061 ἐλευθερίας
704 1977 799 2061 ὑμῶν
822 1981 995 2062 μετουσίας
1016 1977 1166 2062 ἀφαιρεῖ-

158 2090 248 2149 σθαι.
287 2083 350 2166 ἐγὼ
374 2079 517 2167 μὲνγὰρ
536 2088 615 2160 ἴσως
634 2085 832 2168 διεωσάμην,
856 2081 910 2151 καὶ
928 2084 1027 2159 ἀλλος
1044 2106 1094 2159 τις
1111 2081 1166 2166 ἀν,

157 2191 265 2275 ψευδῆ
292 2192 393 2272 λόγον
420 2187 475 2254 καὶ
503 2192 745 2272 συκοφαντίαν,
773 2188 828 2255 καὶ
855 2190 916 2256 οὐκ
943 2189 1166 2273 ἀνήρπασμαι·

158 2296 195 2362 οί
214 2293 251 2361 δὲ
274 2292 392 2361 πολλοὶ
413 2298 449 2360 τί
468 2291 629 2379 ποιήσετ’,
652 2292 694 2359 ἀν
716 2297 760 2379 μή
785 2296 927 2381 δημοσίᾳ
947 2304 1048 2361 πᾶσιν
1067 2298 1166 2378 φοβε-

158 2403 221 2486 ρὸν
247 2403 469 2484 καταστήσητε
496 2400 534 2465 τὸ
563 2402 610 2476 είς
636 2398 727 2466 ταῦτ’
757 2401 965 2485 ἀποχρῆσθαι
991 2409 1037 2488 τῷ
1065 2405 1167 2466 πλου-

106 2531 145 2572 ιιε
158 2517 242 2585 τεῖν;
273 2508 374 2571 δόντα
402 2509 504 2589 λόγον
530 2504 586 2572 καὶ
613 2505 800 2591 ὑποσχόντα
823 2510 933 2590 κρίσιν
955 2503 1031 2590 περὶ
1054 2500 1101 2571 ὧν
1124 2507 1166 2571 ἀν

158 2636 209 2689 τις
231 2611 400 2696 ἐγκαλέσῃ,
422 2607 489 2676 τότ’
516 2611 704 2696 ἀμύνεσθαι
724 2614 802 2688 τοὺς
825 2612 947 2688 ἀδίκως
969 2607 1021 2696 ἐφ’
1048 2611 1166 2677 ἑαυτὸν

159 2717 320 2794 ἐλθόντας
337 2721 411 2802 χρή,
430 2716 484 2783 καλ
502 2716 583 2800 τότ’,
607 2716 649 2782 ἀν
667 2711 842 2783 ἀδικοῦνθ’
864 2716 926 2804 ὁρᾷ
944 2740 1004 2802 τις,
1028 2718 1069 2782 οὐ
1087 2741 1166 2802 προ-

160 2824 358 2907 αναρπάζειν
377 2821 449 2888 οὐδ’
468 2821 621 2906 ἐπάγοντ’
639 2825 744 2900 αίτίας
761 2825 896 2901 ψευδεῖς
911 2825 1046 2907 ἀκριτον
1061 2826 1168 2906 ζητεῖν

37 2968 39 2972 ·
160 2931 374 3013 ἀποφεύγειν,
394 2923 466 2995 οὐδ’
484 2926 536 2996 ἐπὶ
554 2937 598 3016 τῷ
620 2929 751 2994 διδόναι
770 2930 866 3014 δίκην
879 2929 1066 3014 ἀσχάλλειν,
1085 2929 1168 2996 ἀλλά

160 3037 204 3122 μή
227 3047 336 3101 ποιεῖν
359 3035 392 3115 ἐξ
416 3035 517 3119 ἀρχῆς
539 3032 673 3118 ἀσελγὲς
695 3034 808 3120 μηδέν.

109 3164 147 3204 ιιι
241 3140 322 3207 Ὅσα
355 3139 415 3225 μὲν
446 3143 562 3207 τοίνυν
594 3147 641 3218 είς
672 3165 707 3206 τε
733 3143 794 3225 τήν
821 3146 1022 3226 λῃτουργίαν
1048 3141 1103 3208 καὶ
1129 3144 1168 3211 τὸ

161 3246 242 3332 σῶμ’
265 3249 444 3331 ὑβρίσθην,
468 3246 523 3313 καὶ
541 3242 636 3312 πάντ’
658 3247 953 3332 ἐπιβουλευόμενος
970 3251 1094 3333 τρόπον
1112 3248 1169 3316 καὶ

161 3356 297 3437 πάσχων
322 3366 430 3431 κακῶς
457 3352 657 3437 ἐκπέφευγα,
685 3352 837 3437 ἀκηκόατ’
865 3349 890 3419 ὦ
918 3356 1038 3440 ἀνδρες
1060 3353 1224 3436 Ἀθη-οοο

161 3469 261 3523 ναῖοι.
298 3457 353 3524 καὶ
376 3464 566 3542 παραλείπω
590 3456 627 3526 δέ
649 3461 769 3525 πολλά·
797 3459 838 3526 οὐ
860 3461 924 3545 γάρ
947 3468 1027 3538 ἴσως
1049 3459 1170 3544 ῥᾴδιον
