2616 3910
236 201 334 252 ΠΡΟΣ
352 201 515 252 ΒΟΙΩΤΟΝ
533 202 621 252 ΠΕΡΙ
638 202 802 253 ΠΡΟΙΚΟΣ
819 200 1014 251 ΜΗΤΡΩΙΑΣ.
1062 199 1128 261 503

120 356 175 424 καὶ
197 359 277 442 ὑμῖν
300 361 556 445 μεμαρτύρηται,
579 360 641 425 οὐκ
662 358 755 447 ᾤμην
775 361 905 424 δίκαιον
923 354 1009 424 εἶναι
1027 367 1130 423 ταῦτα

83 481 110 521 ιο
121 465 221 530 πάλιν
248 463 389 530 ἀνάδικα
416 467 605 549 γίγνεσθαι·
635 468 670 529 τί
693 465 756 550 γὰρ
784 462 826 529 δν
855 460 896 548 ἦν
922 462 1024 548 πέρας
1050 463 1129 547 ημῖν

121 578 181 635 τοῦ
205 572 423 652 διαλυθῆναι,
450 571 481 635 εί
502 571 542 635 τὰ
564 572 646 636 κατὰ
670 573 748 648 τοὺς
770 573 894 654 νόμους
917 568 1130 654 διαιτηθέντα

121 675 234 757 λύσας,
254 673 352 763 ἑτέρῳ
373 677 521 762 διαιτητῇ
540 674 700 761 ἐπέτρεψα
718 674 794 759 περὶ
811 687 878 740 τῶν
892 673 1002 741 αὐτῶν
1015 673 1129 758 ἐγκλη-

121 781 249 865 μάτων,
278 781 384 857 άλλως
406 804 440 846 τε
463 779 519 846 καί
541 781 684 867 ἀκριβῶς
705 783 801 858 εἰδὼς
824 781 889 864 ὅτι,
916 783 948 847 εί
969 778 1130 864 καὶπρὸς

120 889 199 963 τοὺς
225 887 348 963 άλλους
374 888 419 971 μὴ
447 885 585 964 ἐπιεικές
612 887 681 952 ἐστι
707 877 779 963 ταῖς
806 889 946 964 διαίταις
971 888 1129 971 ἰσχυρίζε-

121 999 214 1076 σθαι,
239 997 322 1076 πρός
343 1016 381 1076 γε
403 1002 523 1059 τοῦτον
546 993 702 1059 ἁπάντων
725 996 932 1058 δικαιότατον
955 989 998 1076 ἦν
1025 992 1130 1069 οὕτως

82 1114 107 1154 u
121 1098 381 1184 προσφέρεσθαι.
426 1098 508 1185 φέρε
539 1099 617 1184 γάρ,
650 1105 683 1164 εἴ
711 1122 761 1174 τις
789 1098 891 1163 αὐτὸν
918 1097 1025 1175 ξενίας
1050 1099 1129 1182 γρά-

21 1253 23 1258 -
120 1215 231 1287 ψαιτο,
254 1203 361 1288 λέγων
383 1206 427 1282 ὡς
446 1205 666 1290 διομνύμενος
684 1203 703 1270 δ
722 1205 829 1287 πατὴρ
848 1203 909 1269 οὐκ
926 1206 990 1287 ἔφη
1009 1213 1130 1268 τοῦτον
1243 1267 1246 1273 .

120 1311 197 1376 υίδν
220 1310 324 1376 αὑτοῦ
347 1306 442 1394 εἶναι,
466 1307 539 1376 ἔσθ’
562 1311 625 1397 ὅτῳ
648 1308 690 1375 δν
715 1311 804 1397 ἄλλῳ
828 1312 1025 1394 ἰσχυρίζοιτο
1047 1310 1130 1393 πρὸς

120 1425 234 1498 ταῦτα,
257 1415 278 1500 ἢ
301 1418 385 1481 διότι
403 1425 460 1499 τῆς
478 1417 600 1500 μητρὸς
619 1416 729 1481 αὐτῶν
748 1415 914 1499 ὀμοσάσης
930 1413 985 1480 καὶ
1003 1422 1063 1479 τοῦ
1082 1415 1128 1479 δι-

121 1530 257 1604 αιτητοῦ
288 1525 427 1605 γνόντος
455 1522 651 1604 ἠναγκάσθη
680 1521 698 1587 ὁ
726 1522 832 1605 πατὴρ
860 1519 953 1604 ἡμῶν
980 1519 1130 1604 ἐμμεῖναι

81 1644 107 1683 42
120 1637 160 1712 τῇ
185 1627 309 1712 διαίτης
335 1627 459 1693 οὐκοῦν
478 1627 601 1708 δεινόν,
624 1628 656 1691 εί
673 1621 770 1704 οὗτος
789 1625 888 1702 αὐτὸς
905 1627 987 1690 κατά
1004 1637 1130 1709 γνῶσιν

121 1735 294 1816 διαιτητοῦ
318 1731 474 1816 ὑμέτερος
496 1735 632 1815 πολίτης
654 1730 871 1815 γεγενημένος
893 1729 1052 1816 καὶπρὸς
1075 1727 1130 1815 ἐμέ

118 1840 180 1923 την
205 1837 326 1903 οὐσίαν
349 1822 544 1921 νειμάμενος
565 1835 621 1902 καλ
643 1838 753 1922 τυχὼν
773 1848 840 1902 τῶν
859 1839 1000 1921 μετρίων
1018 1835 1199 1901 &miv-1021

118 1968 196 2028 των,
223 1941 262 2020 ἃς
280 1943 343 2026 ἐγὼ
363 1943 457 2019 δίκας
475 1951 595 2007 τοῦτον
613 1941 786 2026 ἀπέφυγον
804 1945 952 2023 παρόντα
969 1940 1024 2008 καί
1041 1941 1131 2007 άντι-

120 2051 281 2116 δικούντα
303 2046 358 2114 καὶ
380 2058 450 2125 τοῖς
472 2054 675 2130 γνωσθεῖσιν
698 2046 891 2132 ἐμμένοντα,
914 2048 1034 2124 ταύτας
1052 2047 1130 2112 άνα-

122 2157 237 2232 δίπους
260 2153 360 2232 ἀξιῶν
383 2157 559 2237 γίγνεσθαι
580 2155 710 2220 δίκαιόν
728 2177 760 2219 τι
779 2156 894 2237 δοκοίη
914 2151 1022 2236 λέγειν
1039 2153 1130 2237 ὑμῖν,

121 2262 244 2346 ὥσπερ,
263 2260 343 2326 όταν
361 2255 422 2345 μὲν
439 2261 545 2348 τούτῳ
564 2257 729 2345 σνμφέρη,
749 2257 827 2325 δέον
845 2254 932 2324 εἶναι
944 2263 1061 2344 κυρίας
1074 2261 1132 2336 τὰς

121 2369 266 2448 διαίτας,
295 2366 375 2432 ὅταν
403 2362 440 2430 δέ
467 2366 511 2449 μη
541 2363 709 2450 συμφέρη,
737 2373 906 2448 προσῆκον
927 2366 989 2449 τὴν
1010 2367 1131 2430 τούτου

119 2474 259 2557 γνώμην
290 2469 495 2554 κυριωτέραν
525 2469 684 2552 γενέσθαι
712 2481 779 2536 τῶν
807 2472 889 2536 κατὰ
915 2473 993 2548 τοὺς
1020 2469 1131 2555 ὑμετέ-

81 2596 106 2635 ⁴³
121 2602 203 2661 ρους
225 2580 350 2662 νόμους
372 2576 604 2660 γνωσθέντων.
648 2575 684 2653 ὃς
706 2576 812 2652 οὕτως
834 2574 1008 2658 ἐπίβουλός
1030 2576 1131 2661 ἐστιν,

122 2684 205 2749 ὥστε
233 2681 289 2748 καὶ
316 2683 377 2766 τὴν
406 2684 536 2748 δίαιταν
563 2682 687 2764 ταύτην
714 2679 899 2764 ἐπιτρέπειν
926 2705 965 2765 με
988 2682 1131 2767 προύκο-

121 2795 227 2873 λεϊτο,
255 2789 316 2874 οὐχ
345 2789 433 2865 ὅπως
461 2788 631 2872 ἀπαλλαγῇ
654 2790 737 2872 πρός
759 2810 814 2871 με,
842 2784 913 2851 ἀλλ’
940 2784 998 2871 ἵν’,
1022 2789 1132 2871 ὥσπερ

14 2881 15 2890 ¹
121 2893 357 2978 καὶπρότερον
376 2893 492 2959 ἕνδεκα
511 2896 565 2977 ἔτη
584 2895 720 2976 διήγαγε
733 2903 939 2975 κακουργῶν,
959 2893 1064 2970 οὕτως
1077 2892 1132 2958 καλ

121 3008 186 3065 νῦν
212 3001 252 3064 τά
275 2998 554 3082 ἀποδιαιτηθέντα
577 3022 642 3083 μου
665 2999 768 3074 λύσας
791 2996 824 3076 ἐξ
848 2997 949 3083 ἀρχῆς
972 3021 1011 3082 με
1034 3016 1132 3063 συκο-

84 3121 108 3161 ι4
122 3113 233 3190 φαντῇ
260 3102 315 3168 καὶ
342 3107 403 3190 τὴν
431 3107 528 3190 δίκην
554 3107 678 3188 ταύτην
701 3103 850 3190 ἐκκρούῃ.
896 3105 1071 3188 τεκμηριον
1095 3100 1133 3170 δὲ

122 3211 246 3274 τούτου
268 3209 437 3294 μέγιστον·
461 3211 537 3276 οὔτε
559 3211 623 3294 γάρ
645 3211 707 3293 τὴν
724 3212 908 3293 πρόκλησιν
927 3207 1065 3293 ἐδέχετο,
1089 3208 1133 3291 ἣν

122 3315 187 3398 ἐγὼ
210 3317 292 3380 κατὰ
313 3319 392 3393 τοὺς
414 3319 538 3399 νόμους
558 3315 815 3399 προύκαλούμην
834 3314 947 3397 αὐτόν,
970 3316 1133 3399 πρότερόν

122 3443 157 3487 τε
181 3419 351 3508 Ξενίππῳ,
380 3421 419 3486 ὃν
447 3414 544 3497 οὗτος
567 3419 772 3504 προύβάλετο
796 3421 980 3503 διαιτητήν,
1009 3417 1131 3500 ἐπιτρέ-

122 3529 248 3604 ψαντός
270 3549 336 3608 μου
358 3524 434 3610 περὶ
456 3537 513 3610 τῆς
534 3534 595 3591 τοῦ
619 3525 780 3608 ὀνόματος
801 3527 904 3608 δίκης,
928 3524 1132 3606 ἀπηγόρευεν
