2590 3900
155 181 221 248 278
460 185 557 237 XXIV.
579 181 859 236 ΔΗΜΟΣΘΕΝΟΤΣ

102 361 141 402 2⁰⁸
154 352 275 410 τοῦτον
298 343 467 429 ἀφεῖσθαι.
504 340 559 410 καὶ
581 345 648 428 μήν
668 345 700 409 εί
716 343 832 409 αὐτίκα
851 344 893 426 δή
913 343 999 428 μάλα
1017 344 1167 429 κραυγήν

155 449 330 516 ἀκούσαιτε
349 452 413 533 πρὸ
432 461 500 515 τῶν
515 452 746 534 δικαστηρίων,
767 444 827 516 εἶτ’
843 455 931 516 εῖποι
944 473 993 526 τις
1007 450 1052 526 ὡς
1066 448 1166 537 ιἰνέφ-

154 580 229 621 κται
246 557 284 621 τὸ
304 557 541 641 δεσμωτήριον,
561 556 596 621 οί
610 553 647 621 δὲ
664 559 827 640 δεσμῶται
841 557 1037 640 φεύγουσιν,
1056 554 1168 632 οὐδεὶς

155 663 232 727 ούτε
250 660 358 748 γέρων
377 657 445 728 οὔτ’
465 661 626 748 ὀλίγωρος
640 662 755 745 οὑτως,
774 662 864 739 ὅστις
878 659 952 746 οὐχὶ
966 664 1168 746 βοηθήσειεν

155 766 197 834 άν
220 762 298 833 καθ’
324 769 407 835 ὅσον
431 768 578 834 δύναται.
615 770 647 833 εί
668 764 706 834 δδ
729 769 771 851 δή
793 792 844 846 τις
866 773 953 834 είποι
976 768 1166 850 παρελθών,

155 874 199 952 ὡς
227 874 245 939 ὁ
273 875 413 952 τούτους
440 873 536 958 ἀφείς
558 874 649 939 έστιν
673 873 803 957 οὑτοσί,
830 869 910 940 ούδδ
931 874 1035 955 λόγου
1056 872 1167 957 τυχὼν

101 995 141 1036 ¹⁰⁹
156 978 198 1046 διν
215 979 319 1058 εὐθὺς
333 978 495 1065 ἀπαχθεὶς
507 981 644 1069 θανάτῳ
660 982 848 1064 ζημιωθείη.
874 988 939 1045 νῦν
952 983 1069 1045 τοίνυν
1082 975 1163 1062 ἔχετ’

155 1082 181 1152 ὦ
209 1087 330 1171 άνδρες
353 1083 527 1169 Ἀθηναῖοι
554 1095 690 1169 τοῦτον,
718 1084 755 1163 δς
778 1083 853 1170 οὐχὶ
877 1087 988 1174 λάθρᾳ
1010 1089 1168 1169 πεποίηκε

153 1201 264 1275 τοῦτο,
288 1191 371 1257 ἀλλὰ
390 1195 570 1275 φενακίσας
588 1190 644 1256 καὶ
661 1192 976 1278 παρακρουσάμενος
993 1193 1101 1276 νόμον
1117 1189 1169 1257 τέ·

153 1305 260 1382 θηκεν
274 1309 437 1382 φανερῶς,
453 1297 489 1374 δς
503 1297 565 1362 οὑκ
579 1297 755 1380 ἀνοίγνυσι
768 1299 805 1363 τὸ
821 1298 1059 1382 δεσμωτήριον,
1077 1298 1223 1364 ἀλλάῖεσ

153 1410 321 1488 καθαιρεῖ,
339 1406 618 1489 προσπεριείληφε
637 1399 674 1468 δέ
692 1402 801 1469 καὶτὰ
816 1405 1018 1488 δικαστήρια.
1040 1408 1091 1482 τίς
1103 1405 1167 1488 γάρ
1272 1387 1276 1396 ’

153 1508 174 1594 ή
197 1511 327 1576 τούτων
348 1509 369 1593 ή
393 1509 523 1576 ἐκείνου
545 1513 653 1595 χρεία,
676 1511 758 1576 ὅταν
781 1501 831 1586 οἷς
852 1513 1019 1595 τετίμηται
1043 1511 1168 1594 δεσμοῦ

154 1617 310 1700 λύωνται,
324 1614 387 1681 κάν
399 1617 437 1681 τὸ
450 1617 569 1681 λοιπὸν
577 1614 736 1700 τιμήσητέ
743 1639 801 1704 τφ,
815 1607 1166 1702 μηδένὺμῖνῇπλὲονς

101 1737 141 1778 κιο
244 1727 311 1788 Δεῖ
330 1725 447 1787 τοίνυν
469 1721 555 1806 ὑμᾶς
571 1720 704 1787 κάκεῖνο
723 1732 870 1803 σκοπεῖν,
895 1722 946 1786 ὅτι
963 1720 1082 1788 πολλοὶ
1099 1733 1167 1788 τῶν

148 1821 317 1912 Ἑλλήνων
339 1829 498 1904 πολλάκις
515 1825 602 1893 εἰσὶν
620 1825 841 1913 ἐψηφισμένοι
858 1838 929 1905 τοῖς
950 1830 1067 1912 νόμοις
1089 1837 1167 1914 χρῆ-

154 1940 237 1999 σθαι
254 1944 324 2010 τοῖς
341 1932 522 2017 ὑμετέροις,
541 1927 595 2017 ἐφ’
618 1923 644 2021 ᾦ
663 1930 886 2017 φιλοτιμεῖσθ’
907 1933 1002 2018 ὑμεῖς
1020 1935 1166 2013 εἰκότως·

154 2039 173 2106 δ
199 2041 264 2126 γὰρ
292 2040 396 2104 εἰπεῖν
423 2039 499 2105 τινά
526 2055 631 2122 φασιν
658 2037 695 2104 έν
722 2039 817 2124 ὑμῖν,
846 2035 970 2122 ἀληθές
997 2035 1087 2106 εἶναί
1110 2065 1167 2126 μοι

155 2147 257 2230 δοκεῖ,
280 2145 332 2210 ὅτι
353 2147 431 2222 τοὺς
450 2148 576 2228 νόμους
594 2145 736 2222 άπαντες
753 2143 988 2230 ὑπειλήφασιν,
1011 2146 1086 2212 ὅσοι
1103 2162 1166 2213 σω-

155 2260 338 2337 φρονοῦσι,
364 2253 509 2334 τρόπους
535 2260 593 2335 τής
617 2253 752 2327 πόλεως.
797 2251 859 2336 χρή
881 2254 999 2318 τοίνυν
1022 2255 1167 2318 σπουδά-

155 2361 222 2438 ζειν
249 2357 338 2432 ὅπως
365 2356 410 2433 ὡς
436 2355 600 2439 βέλτιστοι
622 2354 780 2434 δόξουσιν
803 2351 904 2440 εἶναι,
932 2356 987 2424 καὶ
1009 2361 1088 2436 τούς
1110 2364 1167 2426 λυ-

154 2461 376 2548 μαινομένους
406 2459 462 2528 καὶ
490 2461 750 2546 διαστρέφοντας
777 2461 899 2541 αὐτούς
925 2465 1090 2548 κολάζειν,
1122 2466 1167 2543 ὡς

154 2571 186 2635 εί
215 2569 545 2655 καταρρᾳθυμήσετε,
577 2576 635 2650 τής
662 2572 853 2653 φιλοτιμίας
878 2592 914 2634 τε
940 2571 1061 2654 ταύτης
1087 2571 1167 2638 ἀπο·

155 2679 373 2761 στερήσεσθε,
400 2671 455 2740 καὶ
482 2675 564 2739 κατὰ
591 2683 648 2757 τής
675 2677 803 2752 πόλεως
830 2676 931 2756 δόξαν
958 2675 1000 2742 οὑ
1021 2680 1167 2763 χρηστήν

102 2799 140 2838 ²11
154 2786 315 2867 ποιήσετε.
360 2778 416 2846 καὶ
443 2782 509 2865 μήν
536 2781 568 2846 εί
588 2782 731 2846 Σόλωνα
754 2779 809 2846 καὶ
831 2782 1010 2865 Δράκοντα
1033 2784 1167 2863 δικαίως

155 2889 334 2971 ἐπαινεῖτε,
371 2887 433 2953 ούκ
469 2885 511 2951 δν
543 2888 673 2971 ἔχοντες
705 2888 809 2952 εἰπεῖν
842 2887 1020 2973 οὐδετέρου
1050 2892 1168 2956 κοινὸν

155 2990 343 3079 εὐεργέτημ’
371 2991 485 3075 ούδέν,
513 2993 601 3076 πλήν
628 2992 679 3057 ὅτι
707 2992 937 3079 συμφέροντας
962 2996 1090 3078 ἔθηκαν
1111 2995 1167 3063 καὶ

154 3104 262 3176 καλῶς
280 3101 415 3184 ἔχοντας
434 3101 568 3182 νόμους,
588 3098 720 3163 δίκαιον
739 3100 846 3182 δήπου
864 3097 920 3164 καὶ
933 3111 1007 3178 τοῖς
1025 3101 1167 3169 ὑπεναν-

154 3207 232 3282 τίως
254 3211 398 3270 τιθεῖσιν
421 3204 560 3282 έκείνοις
583 3204 724 3291 ὀργίλως
744 3207 880 3288 ἔχοντας
897 3204 953 3271 καὶ
969 3210 1168 3288 κολάζοντας

156 3315 345 3392 φαίνεσθαι.
378 3306 454 3376 οίδα
474 3308 510 3376 δὲ
533 3312 752 3396 Τιμοκράτην,
771 3311 822 3376 ὅτι
840 3312 898 3377 τὸν
915 3315 1022 3397 νόμον
1040 3317 1167 3400 εἰσενή-

156 3436 233 3499 νοχε
250 3425 371 3481 τοῦτον
389 3415 451 3499 οὐχ
470 3414 581 3499 ἥκισθ’
603 3414 687 3502 ὑπὲρ
707 3417 825 3483 αὑτοῦ·
847 3419 953 3484 πολλὰ
973 3420 1037 3505 γάρ
1054 3420 1167 3505 ήγεῖτο

157 3521 390 3586 πολιτεύεσθαι
412 3517 489 3604 παρ’
512 3523 592 3607 ύμῖν
615 3524 690 3605 άξια
713 3525 846 3604 δεσμοῦ.
