2938 4180
504 189 588 243 m’
606 191 919 244 ΔΡΙΣΤΟΚΡΑΤΟΤΣ.
1149 189 1215 255 209

203 347 345 414 δίδοσάν
365 371 404 434 γε
426 348 482 416 καὶ
502 349 614 416 αὑτῶν
631 350 794 417 κάκείνων
813 349 919 431 ἀξίαν
943 352 1037 429 όντες
1054 351 1118 436 γάρ
1136 355 1217 418 πολ·

202 456 264 518 λοῦ
286 455 409 533 πάντες
428 455 515 536 ἄξιοι
531 457 737 543 προῦκρινον
756 457 903 535 ἐκείνους
921 457 1032 524 αὑτῶν
1049 456 1215 542 ἡγεῖσθαι.

202 560 272 624 ἔστι
295 557 333 626 δὲ
356 561 531 646 σώφροσιν
553 561 746 648 ἀνθρώποις
767 562 823 629 καλ
846 563 930 647 πρὸς
951 563 1114 646 ἀληθειαν
1136 564 1217 646 βου-

200 663 357 748 λομένοις
379 676 515 734 σκοπεῖν
536 670 623 734 πολὺ
642 672 760 753 μείζων
778 671 855 754 τιμὴ
873 677 931 754 τῆς
948 673 1070 753 χαλκῆς
1087 669 1216 743 εἰκόνος

150 786 187 828 ιιι
199 769 237 836 τὸ
256 777 371 838 καλῶν
388 772 549 856 κάγαθῶν
566 773 700 860 ἀνδρῶν
718 778 894 859 κεκρίσθαι
912 785 1053 858 πρῶτον.
1075 771 1138 839 καί
1151 773 1216 858 γάρ

199 895 252 940 τοι
282 889 353 942 τῶν
385 881 493 964 ἔργον
524 877 663 956 οὐδενὸς
694 880 814 966 ἄνδρες
844 875 1016 964 Ἀθηναῖοι
1047 889 1116 944 τῶν
1144 875 1212 944 τότ’

199 979 430 1068 ἀπεστέρησαν
452 981 600 1067 ἑαυτούς,
624 981 697 1050 οὐδ’
724 983 790 1051 ἔστ’
815 983 927 1062 οὐδεὶς
950 985 1041 1062 ὅστις
1063 981 1106 1049 ἀν
1129 989 1217 1050 εῖποι

196 1087 258 1171 τὴν
275 1088 314 1154 έν
338 1093 506 1174 Σαλαμῖνι
522 1092 711 1175 ναυμαχίαν
730 1089 999 1176 Θεμιστοκλέους,
1021 1086 1097 1156 ἀλλ’
1117 1086 1217 1174 Ἀθη-

195 1197 324 1279 ναίων,
351 1191 432 1262 ούδλ
457 1195 520 1279 τὴν
547 1198 740 1281 Μαραθῶνι
766 1198 875 1283 μάχην
900 1196 1105 1276 Μιλτιάδου,
1133 1194 1217 1260 ἀλλὰ

196 1309 255 1386 τῆς
272 1303 412 1378 πόλεως.
444 1309 509 1367 νῦν
527 1297 565 1366 δὲ
584 1297 624 1382 [ώ
643 1302 763 1388 άυδρες
778 1300 965 1388 Ἀθηναῖοι]
985 1298 1103 1367 πολλοὶ
1116 1309 1216 1367 τοῦτο

199 1405 370 1490 λέγουσιν,
393 1406 438 1484 ὡς
460 1404 638 1493 Κέρκυραν
659 1399 727 1474 είλε
749 1410 924 1494 Τιμόθεος,
947 1404 1002 1472 καὶ
1024 1406 1086 1490 τὴν
1109 1408 1216 1490 μόραν

198 1511 384 1590 κατέκοψεν
403 1509 599 1598 Ἰφικράτης,
622 1510 678 1578 καλ
699 1513 762 1597 τὴν
783 1511 859 1598 περὶ
882 1512 998 1592 Νάξον
1020 1510 1113 1578 ένίκα
1134 1535 1216 1578 ναυ-

200 1620 326 1703 μαχίαν
345 1619 506 1703 Χαβρίας·
529 1619 655 1684 δοκεῖτε
678 1618 742 1704 γὰρ
764 1616 860 1684 αὐτοὶ
876 1629 944 1684 τῶν
962 1621 1070 1703 ἔργων
1087 1619 1216 1683 τούτων

199 1731 414 1810 παραχωρεῖν
440 1733 508 1788 τῶν
534 1735 640 1808 τιμῶν
665 1734 738 1802 ταῖς
764 1724 964 1811 ὑπερβολαῖς
991 1722 1031 1802 ἀς
1053 1718 1212 1789 δεδώκατ’

149 1846 187 1888 ιω
201 1822 250 1893 ἐπ’
273 1828 390 1905 αὐτοῖς
407 1827 532 1919 ἑκάστφ
550 1829 687 1896 τούτων.
715 1830 774 1906 τὰς
792 1826 853 1914 μὲν
872 1830 913 1912 δὴ
927 1831 1097 1906 πολιτικάς
1111 1828 1217 1907 οὕτως

200 1932 329 2000 έκεῖνοί
347 1956 382 1999 τε
404 1939 512 2011 καλῶς
534 1931 588 2000 καὶ
612 1935 872 2011 λυσιτελούντως
894 1933 1024 2017 αὐτοῖς,
1046 1933 1102 2000 καλ
1123 1933 1217 2019 ἡμεῖς

201 2039 264 2106 οὐκ
292 2040 417 2122 ὀρθῶς·
446 2041 506 2117 τάς
533 2037 570 2106 δὲ
596 2052 665 2106 τῶν
691 2039 797 2122 ξένων
818 2052 902 2120 πῶς;
933 2039 1055 2106 ἐκεῖνοι
1076 2039 1217 2106 Μένωνι

199 2155 246 2233 τῷ
278 2147 473 2235 Φαρσαλίῳ,
507 2147 636 2213 δώδεκα
667 2143 728 2231 μὲν
759 2144 892 2213 τάλαντ’
926 2147 1090 2234 άργυρίου
1123 2147 1217 2212 δόντι

198 2253 285 2336 πρὸς
302 2253 363 2317 τὸν
381 2245 431 2316 ἐπ’
448 2249 557 2318 Ἠιόνι
574 2261 614 2338 τῇ
632 2253 715 2339 πρδς
731 2247 924 2338 Ἀμφιπόλει
942 2255 1098 2336 πόλεμον,
1116 2265 1267 2338 τρια-681

197 2359 330 2435 κοσίοις
357 2354 388 2423 δ’
417 2358 552 2424 ίππεῦσι
578 2358 750 2437 πενέσταις
778 2361 877 2436 ίδίοις
902 2361 1127 2443 βοηθήσαντι,
1154 2358 1216 2424 ούκ
1257 2440 1260 2448 ¹

198 2460 416 2548 έψηφίσανύ,
443 2463 546 2532 αὐτὸν
568 2465 611 2530 ἀν
632 2487 683 2542 τις
705 2465 897 2551 ἀποκτείνη,
925 2463 1096 2549 ἀγώγιμον
1118 2459 1215 2546 εἶναι,

199 2568 287 2635 ἀλλὰ
304 2573 474 2636 πολιτείαν
492 2572 615 2636 ἔδοσαν
633 2569 688 2636 καί
705 2572 830 2657 ταύτην
848 2571 967 2654 ίκανὴυ
980 2570 1216 2655 ὑπελάμβανον

145 2689 186 2733 2⁰⁰
200 2671 290 2741 εἶναι
320 2675 382 2759 τὴν
411 2678 520 2760 τιμήν.
564 2673 620 2742 καὶ
646 2677 748 2742 πάλιν
777 2678 946 2764 Περδίκκᾳ
972 2685 1018 2765 τῷ
1045 2677 1128 2742 κατὰ
1153 2677 1217 2760 τὴν

199 2790 264 2846 τοῦ
286 2782 459 2868 βαρβάρου
480 2777 554 2849 ποτ’
580 2780 808 2867 ἐπιστρατείαν
830 2783 1041 2866 βασιλεύοντι
1061 2784 1216 2849 Μακεδο-

199 2889 290 2971 νίας,
311 2890 390 2964 τοὺς
412 2887 667 2973 ἀναχωροῦντας
689 2887 726 2955 έα
747 2891 925 2955 Πλαταιῶν
946 2898 1014 2954 τῶν
1035 2889 1217 2972 βαρβάρων

202 2993 442 3077 διαφθείραντι
459 2991 514 3058 καλ
532 2992 659 3059 τέλειον
677 2993 846 3080 τάτύχημα
863 2997 1039 3079 ποιήσαντι
1057 3003 1102 3081 τῷ
1121 2997 1216 3078 βασι·

201 3103 265 3180 λεῖ,
280 3098 342 3164 ούκ
355 3095 553 3184 ἐψηφίσαντ’
572 3099 752 3184 ἀγώγιμον,
767 3101 809 3164 άυ
822 3123 873 3177 τις
886 3099 1062 3186 ἀποκτείνῃ
1073 3101 1216 3185 Περδίκ-

200 3227 277 3286 καν,
296 3195 323 3292 ᾧ
336 3207 492 3289 βασιλεὺς
506 3203 525 3270 δ
540 3209 683 3288 Περσῶν
697 3204 817 3291 ἐχθρὸς
830 3201 875 3271 δι’
892 3203 978 3290 ἡμᾶς
992 3203 1215 3290 ἀπεδέδεικτο,

201 3307 286 3376 ἀλλὰ
313 3313 482 3376 πολιτείαν
511 3310 639 3376 ἔδωκαν
662 3312 777 3395 μόνον.
821 3307 876 3376 καί
898 3311 962 3394 γάρ
985 3333 1036 3376 τοι
1058 3313 1131 3376 τότε
1154 3306 1216 3394 μὲν

202 3415 290 3482 οὕτω
313 3419 424 3501 τίμιον
441 3411 485 3500 ἦν
502 3425 604 3481 πᾶσιν
622 3415 816 3500 ἀνθρώποις
833 3419 871 3483 τὸ
890 3414 1049 3498 γενέσθαι
1066 3419 1216 3493 πολίταις

200 3518 280 3606 παρ’
311 3521 408 3606 ὑμῖν,
436 3517 520 3586 ὥσθ’
551 3516 634 3605 ὑπὲρ
660 3531 722 3587 τοῦ
748 3530 861 3606 τυχεῖν
887 3521 1009 3585 τούτου
1035 3517 1210 3605 τηλικαῦθ’

256 3634 277 3674 ο
278 3643 380 3677 ,,,,,,
400 3635 452 3676 τοι
465 3635 497 3675 1L
1021 3628 1054 3676 14
