2612 3918
178 143 220 205 98
491 143 562 194 xxl.
587 141 867 194 ΔΗΜΟΣΘΕΝΟΤΣ

126 319 164 363 us
178 303 315 387 μεγάλαι
334 304 416 387 πρὸς
433 303 492 368 τὸν
513 304 620 387 δῆμον
638 300 828 385 εὐεργεσίαι.
860 299 901 367 οὑ
914 302 1018 385 μόνον
1033 298 1069 367 δέ
1083 297 1185 367 ταῦθ’

176 408 322 493 ὑπῆρχεν
348 407 454 496 αὐτῷ,
481 407 564 473 ιἰλλδι
590 406 645 473 καὶ
674 406 772 484 αὐτὸς
799 403 883 492 ὑπὲρ
910 416 971 473 τοῦ
998 409 1105 492 δῆμον
1127 407 1189 472 θέ-

177 536 276 600 μενος
298 515 336 579 τὰ
360 513 459 597 ὅπλα,
489 512 540 590 δὶς
564 509 624 598 μὶν
648 513 685 580 ἐν
708 515 826 602 Σοίμφ,
849 516 961 599 τρίτον
985 510 1016 578 δ’
1043 512 1079 579 ἐν
1103 513 1189 598 αὐτῆ

177 629 217 706 τῆ
239 622 349 703 πόλει,
377 628 422 710 τῷ
446 607 571 705 σιἰματι
594 620 655 703 τῆν
678 619 829 702 εὔνοιαν,
856 618 898 686 οὑ
920 623 1084 706 χρήμασιν
1106 615 1190 686 οὑδὲ

178 729 289 810 λόγοις
316 725 499 805 ἐνεδείξατο
528 735 567 811 τῆ
590 728 732 811 πατρίδι.
779 728 826 791 ἔτι
850 723 880 792 δ’
907 726 1016 791 ἳππων
1036 723 1187 810 Ὀλυμπί-

178 848 256 897 ασιν
286 831 410 916 ἀγῶνες
437 831 587 917 ὑπῆρχον
618 832 707 920 αὐτῷ
735 831 790 898 καὶ
816 844 906 898 νῖκαι
933 829 988 898 καὶ
1015 829 1188 916 στέφανοι,

177 937 233 1004 καὶ
259 939 439 1023 στρατηγὸς
468 939 614 1023 ἄριστος,
642 935 698 1004 καὶ
725 936 834 1022 λέγειν
857 938 963 1004 ἐδόκει
986 939 1119 1004 πάντων
1142 939 1189 1016 ὥς

127 1065 164 1106 ιιι
178 1061 282 1129 φασιν
314 1039 398 1110 εἶναι
429 1047 625 1122 δεινότατος.
669 1040 741 1110 ἀλλ’
772 1045 860 1129 ὅμως
888 1045 923 1110 οί
947 1041 1017 1110 κατ’
1049 1045 1244 1111 ἐκείνονοοε

179 1149 329 1235 ὑμέτεροι
346 1153 517 1234 πρόγονοι,
541 1149 680 1227 οὐδενὸς
697 1151 825 1216 τούτων
844 1151 932 1238 αὐτῷ
951 1151 1188 1235 συνεχώρησαν

178 1255 322 1341 ὑβρίζειν
341 1256 472 1339 αὑτούς,
492 1256 575 1323 ἀλλὰ
592 1259 789 1340 ποιήσαντες
803 1255 927 1341 φυγάδ’
945 1254 1111 1339 ἐξέβαλον·
1130 1257 1188 1324 καὶ

178 1364 451 1448 Λακεδαιμονίων
483 1365 591 1429 ὄντων
625 1365 769 1448 ἰσχυρῶν
800 1366 888 1443 τότε,
920 1360 975 1429 καὶ
1008 1361 1188 1430 Δεκέλειαν

179 1467 307 1546 ἑαυτοῖς
330 1469 586 1554 ἐπιτειχισθῆναι
611 1467 666 1534 καὶ
687 1470 746 1546 τὰς
764 1477 846 1547 ναῦς
864 1469 989 1535 ἁλῶναι
1006 1465 1061 1535 καλ
1078 1468 1184 1535 πάνθ’

178 1573 367 1659 ὑπέμειναν,
391 1575 504 1642 ὁτιοῦν
528 1576 664 1652 ἄκοντες
686 1582 809 1641 παθεῖν
831 1577 967 1642 κοίλλιον
990 1570 1074 1642 εἶναι
1093 1580 1187 1659 νομί-

127 1701 164 1743 ιιι
179 1683 302 1762 ζοντες,
329 1680 350 1766 ῆ
378 1680 508 1759 ἑκόντες
535 1682 729 1765 ὑβριζεσθαι
759 1691 977 1767 συγχωρῆσαι.
1022 1683 1128 1746 καίτοι
1153 1685 1191 1747 τί

178 1796 340 1853 τοσοῦτον
362 1787 486 1865 ἐκεῖνος
508 1787 656 1871 ὑβρισεν,
680 1788 797 1872 ἡλίκον
819 1783 916 1864 οὗτος
939 1797 1003 1853 νῦν
1021 1786 1186 1872 ἐξεληλεγ-

178 1917 265 1974 κται;
298 1893 449 1980 Ταυρέαν
471 1893 607 1974 ἐπάταξε
629 1891 825 1979 χορηγοῦντ’
853 1893 905 1959 ἐπὶ
928 1897 1057 1980 κόρρης.
1102 1896 1184 1959 ἐστιν

179 2009 295 2082 ταῦτα,
324 1999 406 2066 ἀλλὰ
433 2011 586 2085 χορηγῶν
612 2023 650 2084 γε
677 2009 884 2085 χορηγοῦντα
906 1993 995 2066 τοῦτ’
1021 1999 1184 2084 ἐποίησεν,

180 2106 271 2172 οὔπω
292 2107 389 2172 τόνδε
412 2107 471 2172 τὸν
488 2109 593 2190 νόμον
611 2109 839 2192 παραβαίνων,
863 2106 984 2190 οὐγὰρ
1003 2108 1106 2171 ἔκειτό
1124 2128 1185 2172 πιο.

177 2204 255 2297 εἷρξ’
274 2207 479 2297 Ἀγοίθυρχον
497 2213 556 2278 τὸν
574 2211 719 2298 γραφέα·
743 2210 797 2279 καὶ
816 2214 881 2296 γδιρ
899 2221 1001 2278 ταῦτα
1020 2209 1184 2296 λέγουσιν.

178 2319 289 2402 λαβὼν
310 2318 350 2403 γέ
369 2343 401 2383 τι
423 2315 672 2404 πλημμελοῦνθ’
696 2319 739 2396 ὥς
763 2335 878 2402 φασιν,
902 2318 982 2403 ὅπερ
1005 2315 1077 2384 οὐδ’
1100 2317 1185 2385 όυει-

178 2427 279 2504 διζειν
306 2425 406 2504 ἄξιον.
451 2427 531 2502 τοὺς
554 2421 676 2509 Ἑρμᾶς
702 2423 923 2508 περιέκοπτεν.
969 2425 1097 2490 ἅπαντα
1124 2422 1186 2509 μέν

177 2527 268 2616 οἶμαι
290 2531 497 2615 τάσεβήματα
520 2539 577 2613 τῆς
599 2530 702 2614 αὑτῆς
723 2530 824 2614 ὀργῆς
847 2531 977 2596 δίκαιον
996 2529 1122 2610 ἀξιοῦν·
1147 2531 1185 2596 τὸ

179 2635 209 2702 δ’
231 2637 315 2713 ὅλως
334 2636 505 2720 ἀφανίζειν
527 2631 587 2720 ἱέρ’
609 2632 683 2701 ἔσθ’
705 2637 723 2702 ὑ
741 2660 773 2700 τι
791 2645 852 2701 τοῦ
870 2639 1003 2701 κόπτειν
1021 2637 1185 2722 διαφέρει·

128 2761 165 2802 1⁴⁸
178 2743 302 2809 οὑκοῦν
333 2737 431 2820 οὗτος
459 2742 682 2826 ἐξελήλεγκται
709 2752 807 2808 τοῦτο
836 2753 950 2808 ποιῶν.
997 2741 1185 2829 ἀντιθῶμεν

179 2852 219 2935 δῆ
246 2852 296 2927 τίς
323 2850 370 2916 ὢν
397 2848 451 2914 καὶ
477 2852 543 2914 τίσι
570 2847 661 2914 ταῦτ’
693 2848 951 2935 ἐνδεικνύμενος.
997 2849 1041 2934 μὴ
1069 2852 1185 2916 τοίνυν

177 2957 268 3042 ὑμίν,
285 2957 368 3039 πρὸς
385 2964 429 3044 τῷ
449 2955 493 3040 μὴ
512 2956 624 3037 καλὸν,
646 2951 729 3040 μηδὲ
747 2956 887 3040 θεμιτὸν
905 2949 1045 3040 νομίζετ’
1066 2955 1186 3039 ίίνδρες

178 3061 329 3130 δικασταὶ
356 3059 433 3145 μηδ’
460 3061 554 3127 ὅσιον
583 3057 712 3145 [εἷναι],
739 3062 902 3126 τοιούτων
930 3060 1063 3143 ἀνδρῶν
1088 3055 1186 3127 οὖσιν

178 3170 364 3254 ἀπογόνοις,
387 3169 537 3252 πονηρὸν
560 3164 613 3233 καὶ
636 3169 749 3250 βίαιον
771 3165 827 3232 καὶ
845 3167 1007 3251 ὑβριστῆν
1025 3169 1186 3250 λαβοῦσιν

178 3271 433 3357 ἄνθρωπονκαὶ
451 3271 577 3358 μηδένα
596 3275 803 3357 μηδαμόθεν,
822 3273 1020 3357 συγγνώμης
1033 3272 1054 3358 ῆ
1069 3277 1183 3358 φιλαν-

180 3383 329 3463 θρωπίας
355 3378 376 3464 ῆ
404 3380 535 3465 χάριτός
559 3402 650 3456 τινος
674 3379 818 3458 ἀξιῶσαι.
862 3382 953 3455 τίνος
975 3380 1038 3462 γὰρ
1062 3379 1184 3460 είνειια;

180 3497 245 3550 τῶν
277 3497 494 3569 στρατηγιῶν·
533 3482 604 3550 ἀλλ’
636 3483 715 3551 οὐδὲ
745 3482 823 3550 καθ’
855 3485 957 3550 αὑτὸν
986 3485 1188 3570 στρατιώτης
