2614 3904
463 162 562 213 111202
580 161 777 214 οοεωιααε.
984 133 986 138 ’
1061 157 1148 222 405.

115 320 365 407 προσανέλαβεν
388 318 441 386 ἐπὶ
463 322 501 386 τὸ
521 321 737 404 κατάστρωμα
760 324 867 405 χιλίας
885 322 1021 403 βύρσας,
1045 319 1130 384 ὅθεν
1158 305 1162 318 ’

115 427 171 494 καὶ
198 427 217 510 ἡ
248 428 421 512 διαφθορά
447 435 487 510 τῇ
512 425 569 510 νηὶ
591 425 724 510 συνέβη.
769 423 823 492 καὶ
847 425 946 502 αὐτὸς
968 422 1029 509 μὲν
1052 424 1130 490 ἀπε-

116 537 211 618 σώθη
239 533 275 600 ἐν
298 541 343 620 τῷ
367 531 476 620 λέμβῳ
499 534 580 615 μετὰ
602 544 669 598 των
691 533 802 598 ἀλλων
825 532 955 598 παίδων
977 541 1045 596 τῶν
1067 533 1129 596 Λί-

116 663 212 723 ωυος,
235 638 392 704 ἀπώλεσε
406 635 442 704 δὲ
460 636 562 702 πλέον
580 637 600 720 ἢ
618 638 796 720 τριάκοντα
815 637 949 720 σώματα
968 636 1129 718 ἐλεύθερα

116 743 216 830 χωρίς
238 757 305 810 τῶν
324 746 442 810 άλλων.
479 747 605 808 πολλοῦ
624 739 661 808 δὲ
680 741 829 820 πένθους
846 741 884 808 έν
901 751 947 830 τῷ
966 745 1128 830 Βοσπόρῳ

116 853 226 934 όντος,
253 851 297 926 ώς
320 849 486 914 ἐπύθοντο
509 849 571 933 την
594 849 789 932 διαφθορὰν
812 857 870 932 της
892 849 990 932 νεώς,
1013 848 1129 931 ηὐδαι-

116 958 251 1040 μόνιζον
269 959 449 1039 Φορμίωνα
467 955 587 1031 πάντες
604 957 752 1037 τουτονί,
772 955 822 1020 ὅτι
841 954 918 1018 οῦτε
932 957 1129 1038 συνανήχθη

116 1059 185 1127 οὔτ’
213 1060 346 1127 ἐνέθετο
370 1063 417 1138 είς
438 1062 500 1142 την
522 1069 609 1127 ναῦν
632 1059 743 1126 οὐδέν.
782 1059 957 1143 συνέβαινε
979 1055 1017 1126 δὲ
1040 1058 1130 1143 παρά

115 1190 150 1233 τε
168 1179 235 1234 τῶν
254 1169 365 1232 ἀλλων
382 1163 437 1232 καὶ
454 1167 543 1249 παρὰ
560 1166 682 1231 τούτου
702 1165 721 1230 ό
740 1165 839 1241 αὐτὸς
857 1167 965 1250 λόγος.
999 1167 1058 1231 καί
1072 1187 1130 1249 μοι

116 1272 290 1354 ἀνάγνωθι
312 1271 513 1348 ταύταςτὰς
535 1274 725 1356 μαρτυρίας.

519 1481 723 1536 ΜΑΡΤΤΡΙΑΙ.

73 1613 100 1652 11
205 1589 314 1665 Αὐτὸς
341 1592 458 1654 τοίνυν
486 1587 504 1654 ὁ
527 1587 674 1672 Λάμπις,
702 1579 728 1676 ᾧ
756 1604 860 1671 φησιν
883 1587 1129 1657 ἀποδεδωκέναι

116 1696 154 1760 τὸ
183 1697 323 1779 χρυσίον
352 1692 472 1780 (τούτῳ
500 1696 564 1776 γάρ
591 1692 766 1778 προσέχετε
793 1695 852 1758 τὸν
879 1696 994 1779 νοῦν),
1026 1711 1128 1779 προσ·

51 1882 54 1886 γ
116 1804 277 1876 ελθόντος
304 1799 393 1886 αὐτῷ
421 1799 517 1883 ἐμοῦ,
545 1799 657 1881 ἐπειδὴ
685 1800 820 1883 τάχιστα
848 1797 1066 1866 κατέπλευσεν
1092 1801 1128 1868 ἐκ

116 1916 173 1989 τῆς
200 1909 361 1987 ναυαγίας
381 1902 554 1989 Ἀθήναζε,
582 1904 638 1970 καὶ
666 1904 854 1989 ἐρωτῶντος
880 1903 963 1991 ὑπὲρ
988 1907 1128 1989 τούτων,

116 2014 230 2094 ἔλεγεν
249 2012 299 2075 ὅτι
319 2011 394 2076 οὕτε
413 2013 453 2076 τά
471 2014 619 2096 χρηματα
637 2013 771 2075 ἔνθοιτο
791 2012 838 2087 είς
856 2012 917 2092 την
930 2021 1017 2077 ναῦν
1030 2006 1129 2088 οὗτος

115 2119 198 2182 κατὰ
229 2118 291 2199 την
323 2119 536 2202 συγγραφήν,
569 2117 645 2182 οὔτε
674 2117 711 2182 τὸ
739 2119 878 2200 χρυσίον
905 2115 1049 2201 εἰληφώς
1076 2123 1126 2200 είη

116 2220 193 2310 παρ’
216 2223 321 2288 αὐτοῦ
343 2221 380 2286 ἐν
400 2225 572 2310 Βοσπόρῳ.
609 2225 668 2287 καί
687 2245 745 2307 μοι
767 2221 940 2304 ἀνάγνωθι
962 2223 1023 2304 τὴν
1046 2247 1127 2308 μαρ-

117 2333 235 2415 τυρίαν
257 2339 324 2394 τών
346 2325 633 2412 παραγενομένων.

524 2539 713 2592 ΜΑΡΤΤΡΙΔ.
1063 2557 1065 2564 ’
1127 2541 1176 2594 911

72 2668 102 2710 ιι
202 2642 333 2731 Ἐπειδὴ
370 2649 487 2711 τοίνυν
523 2640 549 2710 ώ
586 2647 706 2729 ἀνδρες
738 2643 912 2730 Ἀθηναῖοι
943 2646 1126 2732 ἐπεδήμησε

118 2755 276 2835 Φορμίων
300 2750 414 2817 οὑτοσί
438 2752 644 2836 σεσωσμένος
668 2749 720 2834 ἐφ’
747 2750 858 2837 ἑτέρας
880 2754 978 2836 νεώς,
1004 2751 1127 2839 προση-

116 2881 167 2923 ειν
197 2857 286 2945 αῦτςῦ
319 2855 467 2922 ἀπαιτῶν
497 2858 535 2923 τὸ
564 2858 706 2923 δάνειον.
752 2856 806 2922 καί
834 2852 932 2935 οὗτος
957 2859 1039 2923 κατὰ
1066 2856 1127 2944 μὲν

115 2963 218 3048 ἀρχδις
239 2957 444 3030 οὐδεπώποτ’
467 2959 494 3028 ώ
516 2965 637 3046 ἀνδρες
656 2961 829 3047 Ἀθηναῖοι
853 2960 923 3030 εἶπε
944 2966 1004 3030 τὸν
1025 2967 1127 3049 λόγον

114 3079 235 3136 τοῦτον
263 3069 303 3136 δν
329 3067 408 3135 νυνὶ
435 3068 537 3153 λέγει,
566 3065 637 3136 ἀλλ’
663 3069 714 3136 ἀεὶ
742 3072 904 3156 ὡμολόγει
926 3070 1126 3138 ἀποδώσειν·

116 3176 228 3259 ἐπειδη
257 3170 288 3241 δ’
314 3175 557 3244 ἀνεκοινώσατο
583 3187 653 3254 τοῖς
679 3186 744 3262 νῦν
771 3185 937 3261 παροῦσιν
959 3177 1127 3266 αὐτῷκαὶ

72 3303 100 3345 ιι
115 3284 349 3364 συνδικοῦσιν,
377 3282 488 3367 ἕτερος
514 3283 578 3366 ἤδη
602 3278 722 3365 ἦνκαὶ
745 3283 806 3367 οὐχ
829 3282 848 3348 ό
871 3283 977 3359 αὐτός.
1024 3283 1069 3359 ὡς
1092 3277 1123 3348 δ’

114 3381 270 3474 ᾐσθόμην
302 3388 404 3454 αὐτὸν
438 3389 698 3472 διακρουόμενόν
729 3412 787 3472 με,
823 3385 1047 3472 προσέρχομαι
1078 3394 1124 3472 τῷ

113 3494 275 3579 Λάμπιδι,
296 3491 404 3576 λέγων
427 3493 479 3558 ότι
496 3487 598 3556 οῦδὲν
615 3503 706 3556 ποιεῦ
720 3503 787 3556 τῶν
807 3494 944 3557 δικαίων
966 3493 1126 3573 Φορμίων

1087 3804 1105 3844 Α
