2612 3918
503 161 596 213 ΚΑΤΑ
614 161 776 214 ΜΕΙΔΙΟΤ.
1078 161 1138 224 111

135 317 219 384 ἀλλὰ
237 321 343 406 τούτῳ
362 320 486 396 πάντας
504 320 621 387 αὐτίκα
639 323 680 404 δή
699 319 774 405 μέλ’
796 321 1045 406 ἐξεταζομένους
1063 326 1141 399 τοὺς

135 425 277 509 ῥήτορας
299 422 418 503 ὄψεσθ’
441 425 566 511 ἐφεξῆς.
602 430 709 492 καίτοι
730 438 799 504 πῶς
817 427 885 493 ἐστι
903 429 1043 510 δίκαιον,
1067 429 1142 494 τοῦ-

134 553 221 616 νομα
244 528 304 616 μὲν
326 530 422 598 τοῦδ’
445 533 489 608 ὡς
512 534 642 610 όνειδος
664 532 855 618 προφέρειν,
879 534 934 599 διὰ
956 534 1085 598 τούτων
1107 530 1137 598 δ’

134 637 238 703 αὐτὸν
259 648 326 702 τῶν
348 637 482 724 ἀνδρῶν
505 637 621 717 ἀξιοῦν
644 641 809 722 σωὸήναις

21 777 22 826 ρ
83 765 120 808 ιιι
229 747 317 828 Τάχα
339 749 456 809 τοίνυν
479 750 558 821 ίσοος
577 743 632 812 καὶ
651 743 775 810 τοιαῦτ’
798 745 874 829 ἐρεῖ,
899 745 943 822 ὡς
961 744 1141 830 ἐσκεμμένα

133 850 189 915 καὶ
213 849 503 934 παρεσκευασμένα
525 851 631 916 πάντα
654 850 738 934 λέγοι
763 853 863 932 [νῦνή
910 850 973 934 ἐγὼ
997 848 1027 916 δ’
1054 848 1141 916 ἐοκέ·

21 957 22 966 ³
134 961 224 1039 φθαι
241 953 301 1040 μὲν
321 951 346 1021 ὦ
365 957 484 1038 ἀνδρες
500 954 672 1040 Ἀθηναῖοι
691 954 776 1041 φημὶ
794 957 876 1022 κούκ
891 954 932 1022 διν
947 956 1141 1043 ἀρνηθείην,

21 1055 22 1060 ’
133 1059 190 1127 καί
218 1061 468 1146 μεμελετηκέναι
494 1060 525 1145 γ’
552 1063 597 1140 δις
624 1062 703 1147 ἐνῆν
730 1059 858 1146 μάλιστ’
885 1062 972 1146 ἐμοί·
1002 1059 1056 1128 καὶ
1078 1063 1141 1146 γδρ

134 1167 178 1234 διν
201 1170 318 1245 ἀθλιος
340 1165 392 1252 ήν,
417 1171 448 1234 εί
468 1179 604 1235 τοιαῦτα
626 1170 747 1234 παθὼν
768 1166 823 1235 καὶ
843 1170 979 1254 πάσχων
996 1167 1141 1253 ἠμέλουν

135 1269 183 1340 ὧν
206 1273 281 1359 περὶ
303 1276 431 1341 τούτων
454 1274 541 1361 ἐρεῖν
565 1277 701 1359 ἐμελλον
720 1277 802 1362 πρὸς
819 1275 917 1360 ὑμᾶς·
939 1273 1140 1359 γεγραφέναι

85 1402 121 1442 ιοε
135 1380 248 1464 μέντοι
278 1403 334 1465 μοι
366 1383 425 1446 τὸν
456 1383 557 1465 λόγον
585 1382 743 1446 Μειδίαν
772 1380 790 1446 ὁ
817 1381 881 1465 γὰρ
907 1382 948 1446 τὰ
975 1383 1054 1465 ἐργα
1081 1403 1141 1446 πα-

135 1489 311 1572 ρεσχηκὼς,
329 1485 403 1573 περὶ
428 1481 474 1552 ὧν
493 1489 578 1552 εέσιυ
592 1487 628 1552 οί
643 1490 747 1571 λόγοι,
768 1483 944 1552 δικαιότατ’
963 1485 1004 1552 ἀν
1017 1487 1141 1570 ταύτην

135 1597 204 1679 ἔχοι
226 1593 287 1676 τήν
310 1595 429 1676 αἰτίαν,
455 1592 514 1678 οὐχ
539 1592 556 1658 δ
580 1591 776 1677 ἐσκεμμένος
799 1585 872 1658 οὐδ’
899 1590 919 1667 δΙ
940 1594 1141 1676 μεριμνήσας

136 1701 175 1764 τὰ
201 1699 312 1764 δίκαια
340 1699 448 1782 λέγειν
475 1708 547 1764 νῦν.
594 1697 657 1782 ἐγὼ
685 1695 746 1782 μὲν
773 1692 836 1762 οὖν
862 1706 960 1763 τοῦτο
985 1709 1091 1764 ποιῶν
1114 1693 1140 1763 ὦ

135 1807 254 1889 ἀνδρες
274 1799 444 1887 Ἀθηναῖοι
466 1802 521 1870 καὶ
545 1804 643 1881 αὐτὸς
666 1804 829 1888 ὁμολογῶ·
859 1804 1006 1869 Μειδίαν
1029 1801 1141 1888 μέντοι

136 1908 240 1996 μηδὲν
268 1910 429 1994 ἐσκέφθαι
456 1906 526 1975 ποτ’
555 1909 591 1976 ἐν
618 1909 717 1976 παντί
743 1919 788 1998 τῷ
816 1911 877 1998 βίφ
901 1911 1031 1977 δίκαιον
1055 1913 1141 1989 είκός

136 2019 237 2083 ἐστιν·
266 2019 297 2082 εέ
317 2018 380 2102 γδιρ
403 2014 562 2083 καὶκατὰ
585 2017 703 2100 μικρὸν
726 2013 817 2103 ἐπήει
839 2017 879 2082 τὰ
901 2012 1026 2083 τοιαῦτ’
1051 2018 1139 2106 αὐτῷ

136 2135 281 2206 σκοπεῖν,
306 2123 367 2189 οὐκ
390 2121 432 2187 ἀν
453 2131 615 2189 τοσοῦτον
638 2123 838 2209 διημάρτανε
860 2131 921 2188 τοῦ
943 2123 1139 2209 πράγματος.
1182 2145 1185 2150 ·

87 2252 123 2293 οι
226 2234 344 2314 Οίομαι
366 2232 482 2294 τοίνυν
505 2229 607 2294 αὐτὸν
630 2225 708 2294 οὐδὲ
731 2237 791 2294 τοῦ
810 2229 917 2312 δήμου
935 2241 1130 2312 κατηγορεῖν
1140 2248 1189 2296 σεε

136 2337 289 2420 ὀκνήσειν
316 2331 394 2401 οὐδέ
421 2344 478 2418 τῆς
505 2334 691 2418 ἐκκλησίας,
719 2331 790 2400 ἀλλ’
820 2334 902 2418 ὅπερ
929 2329 996 2398 τότ’
1022 2335 1140 2419 ἐτόλμα

136 2443 244 2528 λέγειν
271 2438 317 2508 ὅτ’
348 2437 391 2525 ήν
417 2440 438 2524 ή
466 2442 629 2525 προβολή,
661 2449 763 2506 ταῦτα
790 2438 844 2505 καὶ
870 2448 935 2504 νῦν
961 2439 1064 2524 ἐρεῑυ,
1096 2441 1140 2516 ὡς

136 2549 208 2616 ὅσοι
232 2547 309 2615 δέον
328 2546 446 2626 ἐξιέναι
464 2546 652 2632 κατέμενον,
675 2543 730 2612 καί
748 2545 821 2611 ὅσοι
839 2545 879 2610 τὰ
898 2542 1033 2632 φρούρι’
1054 2541 1139 2629 ήσαν

137 2659 238 2741 ἔρημα
259 2656 455 2736 λελοιπότες,
478 2654 712 2738 ήκκλησίασαν,
735 2650 789 2717 καὶ
807 2648 960 2736 χορευταὶ
978 2649 1032 2717 καὶ
1051 2649 1138 2730 ξένοι

136 2760 189 2828 καὶ
220 2763 369 2828 τοιοῦτοί
396 2783 484 2837 τινες
514 2755 600 2842 ήσαν
627 2761 663 2824 οἳ
687 2760 1000 2844 κατεχειροτόνησαν
1027 2758 1138 2824 αὐτοῦ.

89 2871 182 2946 ιιιείς
208 2869 271 2953 γάρ
298 2876 395 2932 τοῦτο
423 2866 574 2949 δρόσους
598 2861 652 2930 καὶ
676 2865 844 2941 ἀναιδείας
865 2860 932 2930 τότ’
959 2861 1086 2947 ἀφίκετ’
1112 2861 1138 2930 ὦ

137 2975 254 3057 ἀνδρες
276 2975 437 3055 δικασταί,
460 2972 505 3049 ὡς
527 2977 638 3036 ίσασιν
661 2971 734 3037 ὅσοι
756 2979 909 3056 παρῆσαν
928 2969 1032 3054 ὑμῶν,
1057 2971 1138 3036 ὅστε

136 3091 240 3155 κακῶς
262 3077 368 3162 λέγων
390 3074 445 3142 καὶ
468 3075 612 3141 ἀπειλῶν
634 3074 688 3142 καί
711 3077 842 3161 βλέπων
866 3078 913 3154 είς
932 3077 991 3142 τὸν
1009 3073 1060 3142 ἀεὶ
1078 3083 1138 3144 θο-

136 3189 300 3270 ρυβοῦντα
323 3186 426 3249 τόπον
448 3191 505 3266 τῆς
528 3182 708 3265 ἐκκλησίας,
735 3183 952 3265 καταπλήξειν
975 3181 1056 3270 ᾤετο
1079 3184 1138 3250 τὸν

136 3293 240 3376 δῆμον
267 3291 402 3354 ὅπαντα.
449 3278 470 3374 ή
496 3287 551 3354 καὶ
578 3284 680 3371 γελοῖ’
706 3284 791 3354 εἶναι
817 3289 857 3354 τὰ
880 3297 944 3353 νῦν
967 3285 1058 3373 οἶμαι
1081 3291 1137 3356 δά-

135 3395 204 3483 κρυ’
228 3399 359 3474 εἰκότως
382 3395 423 3462 διν
446 3395 549 3460 αὐτοῦ
574 3396 698 3479 δοκοίη.
732 3397 768 3460 τί
788 3393 891 3479 λέγεις
915 3391 940 3459 ὦ
963 3396 1064 3481 μιαρὰ
1086 3421 1137 3462 κε-

91 3521 124 3562 ιιε
137 3506 237 3587 φαλή;
258 3504 300 3567 σὺ
318 3503 357 3566 τὰ
376 3509 500 3566 σαυτοῦ
518 3497 623 3565 παιδί’
642 3498 790 3578 ἀξιώσεις
807 3499 909 3566 ἐλεεῖν
922 3499 943 3580 ή
958 3496 994 3565 σὲ
1008 3500 1135 3582 τούσδ’,
