2938 4180
267 142 331 210 160
568 145 669 202 XXIII.
692 145 972 201 ΔΗΜΟΣΘΕΝΟΤΣ

265 313 363 392 σθαι,
395 309 648 393 διαγιγνώσκειν
680 305 717 373 δὲ
748 310 827 387 τοὺς
853 306 1005 392 έφίτας“.
1050 310 1086 373 τί
1109 307 1150 390 δὴ
1178 299 1272 372 ταῦτ’

265 413 370 492 ἐστίνς
395 413 519 491 ἐκεῖνος
536 412 617 502 ᾤετο
635 415 695 480 τὸν
713 413 889 499 πεφευγότ’
912 411 961 480 ἀπ’
983 414 1072 501 αἰτίᾳ
1090 415 1200 497 φόνου
1217 410 1275 478 καὶ

264 520 429 604 ἡλωκότα,
453 521 573 605 ἐάνπερ
596 518 680 599 ἅπαξ
704 521 831 606 ἐκφύγῃ
854 520 910 587 καὶ
932 527 1043 606 σωθῆ,
1067 526 1190 604 είργειν
1213 515 1276 603 μὲν

265 637 322 711 τῆς
343 636 404 694 τοῦ
426 629 595 704 παθόντος
616 628 775 712 πατρίδος
795 628 925 693 δίκαιον
948 622 1050 708 εἶναι,
1074 628 1215 692 κτείνειν
1239 619 1272 690 δ’

265 732 326 818 οὐχ
349 733 444 800 ὅσιον
467 741 643 818 πανταχοῦ.
688 735 724 798 τί
743 745 890 812 σκοπῶν;
921 732 972 798 ότι
995 731 1049 798 καὶ
1072 735 1150 809 τοὺς
1172 732 1274 815 δεῦρο

265 841 487 923 πεφευγότας,
520 837 562 904 ἀν
593 837 686 924 ἡμεῖς
716 842 795 916 τοὺς
827 836 957 930 ἑτέρωσῘ
993 839 1275 923 ἀποκτιννύωμεν,

226 963 252 1004 ⁸⁹
266 941 479 1011 ἀποκτενοῦσ’
506 944 620 1028 ἕτεροι.
667 947 698 1012 εί
719 941 756 1010 δὲ
778 939 867 1011 τοῦτ’
893 947 999 1029 ἔσται,
1022 945 1043 1029 ῆ
1066 947 1151 1030 μόνη
1174 945 1273 1029 λοιπὴ

265 1062 335 1128 τοῖς
357 1050 536 1137 ἀτυχοῦσιν
557 1051 659 1117 ἀπασι
677 1054 821 1137 σωτηρία
840 1052 1114 1138 διαφθαρήσεται.
1152 1046 1270 1116 ἔστιδ’

266 1155 349 1241 αὕτη
372 1160 435 1236 τίς;
460 1156 495 1223 ἀκ
515 1167 572 1242 τῆς
589 1168 657 1223 τῶν
675 1160 894 1223 πεπονθότων
911 1158 1131 1241 μεταστάντας
1149 1159 1196 1234 είς
1212 1158 1274 1240 τῆν

266 1274 332 1329 τῶν
360 1259 464 1347 μηδὲν
490 1262 699 1348 ἠδικημένων
726 1263 830 1342 ἀδεῶς
857 1274 1028 1348 μετοικεῖν.
1074 1265 1130 1329 ἵνα
1159 1264 1201 1348 δὴ
1229 1265 1273 1348 μῆ

265 1365 355 1434 τοῦτ’
381 1359 402 1454 ᾖ
429 1367 506 1454 μηδ’
534 1369 711 1456 ἀπέραντοι
738 1381 806 1435 τῶν
831 1368 1042 1455 ἀδικημάτων
1065 1371 1103 1436 αί
1122 1373 1275 1456 τιμωρίαι

265 1477 460 1558 γίγνωνται,
488 1476 631 1560 ἔγραψεν
659 1474 744 1557 ,ἐάν
770 1498 820 1552 τις
843 1475 903 1540 τὸν
927 1473 1141 1561 ἀνδροφόνον
1163 1479 1274 1562 κτείνη

266 1579 492 1666 (ἀπεχόμενονιι
511 1579 616 1665 φησὶν
635 1581 780 1666 ,ἀγορᾶς
799 1581 966 1666 ἐφορίαςίί.
993 1583 1029 1646 τί
1038 1592 1137 1649 τοῦτο
1152 1583 1273 1667 ἀίγωνς

265 1698 332 1752 τῶν
355 1685 457 1770 ὁρίων
478 1697 536 1772 τῆς
558 1688 678 1773 χώρας·
702 1687 848 1752 ἐνταῦθα
866 1689 941 1774 γὰρ,
965 1688 1010 1765 ὥς
1026 1685 1058 1772 γ’
1081 1688 1153 1774 ἐμοὶ
1173 1691 1273 1771 δοκεῖ,

265 1793 403 1878 τάρχαῖα
427 1802 576 1878 συνῆσαν
600 1794 636 1858 οί
652 1794 841 1879 πρόσχωροι
858 1793 947 1879 παρά
965 1791 1001 1858 θ’
1023 1793 1116 1879 ἡμῶν
1134 1794 1275 1862 καὶτῶν

227 1919 252 1960 ιο
266 1899 524 1982 ἀστυγειτόνων,
547 1898 630 1964 ὅθεν
654 1894 796 1983 ὠνόμακ’
822 1898 975 1982 ,ἀγορὰν
998 1899 1173 1985 ἐφορίανίί.
1218 1900 1274 1968 καὶ

266 2006 365 2071 πάλιν
388 2005 509 2089 ,ἱερῶν
529 2002 843 2090 Ἀμφικτυονικῶνίι.
878 2009 914 2070 τί
934 2006 1053 2089 δῆποτε
1074 2005 1275 2074 καὶτούτων

267 2110 435 2178 ἀπέκλεισε
466 2112 524 2177 τδν
557 2111 787 2196 ἀνδροφόνους
819 2112 908 2177 ὅσων
935 2121 980 2200 τῷ
1006 2117 1152 2179 παθόντι
1179 2117 1275 2193 ζῶντι

266 2226 383 2304 μετῆν,
407 2219 536 2284 τούτων
559 2223 660 2301 είργει
682 2218 741 2283 τὸν
765 2218 958 2303 δεδρακότα,
980 2217 1195 2303 πρῶτονμὲν
1217 2229 1275 2304 τῆς

265 2327 424 2411 πατρίδος
455 2321 511 2389 καὶ
542 2335 609 2401 τῶν
642 2323 678 2390 ίν
709 2324 811 2410 ταύτῃ
841 2324 974 2390 πάντων
1000 2324 1055 2391 καί
1083 2327 1185 2393 ὁσίων
1210 2325 1327 2393 καίοιτο

267 2433 376 2518 ίερῶν,
400 2432 461 2516 τὴν
484 2429 625 2517 ἐφορίαν
648 2430 774 2516 ἀγοράν
798 2431 879 2514 ὅρον
900 2433 1126 2518 προσγράψας,
1149 2427 1189 2516 ῆς
1209 2440 1276 2519 εῖρ·

265 2539 390 2623 γεσθαί
419 2554 538 2622 φησιν,
571 2533 640 2602 εἶτα
672 2548 740 2602 τῶν
768 2538 866 2621 ίερῶν
892 2547 960 2602 τῶν
987 2535 1024 2602 ἐν
1047 2535 1275 2623 Ἀμφικτύοσι·

266 2642 416 2729 καὶγὰρ
447 2644 590 2726 τούτων,
622 2649 713 2729 εῖπερ
742 2638 785 2726 ῆν
809 2641 930 2727 Ἕλλην
963 2644 982 2710 ό
1009 2646 1144 2730 παθὼν,
1175 2655 1276 2731 μετῆν

267 2750 365 2839 αὐτῷ.
412 2747 488 2834 ,καί
515 2749 662 2815 άθῖων“.
709 2751 764 2814 διὰ
786 2753 832 2828 τίς
862 2748 914 2814 ότι
935 2749 1044 2816 κοινοὶ
1066 2753 1167 2816 πᾶσίν
1190 2753 1276 2818 εἰσιν

267 2858 304 2926 οί
323 2858 404 2923 κατά
426 2857 488 2940 τῆν
506 2852 637 2921 Ἑλλάδ’
659 2854 796 2939 ἀγῶνες,
818 2857 899 2921 κατά
922 2857 983 2940 τῆν
1005 2858 1139 2923 πάντων
1162 2853 1199 2924 δὲ
1221 2882 1276 2943 με-

266 2966 405 3031 τουσίαν
425 2972 527 3048 μετῆν
545 2960 598 3028 καὶ
620 2963 772 3046 [τούτων]
792 2971 837 3050 τῷ
856 2964 1053 3028 πεπονθότι·
1076 2962 1275 3030 καὶτούτων

227 3091 253 3132 ιι
269 3053 531 3156 οὖν-ἀπεχέσθω.
567 3069 695 3135 τούτων
714 3066 774 3154 μὲν
793 3071 834 3153 δῆ
852 3071 911 3134 τὸν
930 3069 1148 3154 είργασμίνον
1166 3076 1275 3157 είργει.

268 3176 310 3244 ἀν
334 3170 364 3242 δ’
386 3174 455 3256 ἔξω.
470 3177 598 3242 τούτων
620 3180 729 3261 κτείνη
749 3197 798 3252 τις
817 3174 920 3240 αὐτὸν
938 3176 1069 3261 ἀῖῖοθι,
1091 3178 1154 3262 τὴν
1172 3177 1276 3262 αὐτὴν

268 3279 351 3368 ὑπὲρ
379 3282 483 3348 αὐτοῦ
511 3282 609 3366 δίκην
636 3279 798 3365 δέδωκεν,
824 3282 928 3366 ῆνπερ
954 3279 996 3347 διν
1018 3283 1078 3348 τὸν
1097 3277 1276 3368 Ἀθηναῖον

250 3391 388 3474 κτείνη.
433 3388 493 3453 τὸν
519 3388 582 3470 γάρ
611 3381 734 3470 φυγάδ’
761 3386 802 3452 οὐ
829 3388 866 3453 τὸ
894 3396 950 3470 τῆς
976 3389 1102 3465 πόλεως
1124 3383 1273 3476 προσεῖπ’

269 3494 388 3576 ὄνομα,
409 3487 449 3576 ῆς
472 3493 534 3558 οὐκ
556 3495 624 3557 ἔστι
647 3495 804 3577 μετουσία
827 3491 927 3582 αὐτῷ,
949 3491 1032 3559 ἀλλὰ
1054 3495 1093 3561 τδ
1114 3504 1176 3562 τοῦ
1195 3497 1276 3583 πρά-
