2602 3910
531 141 742 197 PRAEFATIO.
1089 147 1140 200 VII

134 325 191 367 τον
203 304 263 367 τὸν
278 305 447 385 δικαστήν.
474 303 612 388 Propter
625 303 697 388 hoe,
710 306 747 369 τὸ
762 305 984 387 εὐπροσώπως
998 305 1138 389 ἀναβάλ-

134 411 261 489 λεσθαι,
277 409 409 474 omnino
423 409 532 474 locum
542 409 648 493 effert3
662 413 697 474 αλ
711 409 885 476 seeundum
893 416 1023 477 nostros
1037 411 1139 478 libros

135 511 278 597 ἀναβολή
288 515 396 579 verbis
406 513 461 579 καὶ
471 523 568 581 τοῦτο
578 519 759 598 ποιήσομεν
769 516 938 581 dumtaxat
947 517 1140 600 continetur,

134 623 166 684 ei
185 619 345 702 ἀπολογία
364 620 458 704 plene
476 620 566 683 nulle
584 623 642 684 est.
678 619 888 686 Manifestum
907 622 1018 708 igitur,
1040 621 1140 687 Maxi-

135 747 222 790 mum
241 727 340 790 verbe
357 748 513 810 perquam
531 725 781 790 Demostheniee
801 731 925 792 structe
943 727 1082 811 ὕστερον

136 832 234 912 λόγον
260 831 297 895 in
324 851 382 895 suo
409 831 493 895 libro
521 829 654 916 legisse,
681 853 700 894 a
726 831 847 896 nostris
875 837 984 898 eutem
1011 855 1049 897 ea
1075 854 1141 898 non

135 938 219 1001 reede
239 936 360 1001 ebesse.
393 933 569 1001 Consimile
587 936 770 1020 exemplum
789 937 892 1002 oratio
913 943 1026 1004 eontra
1040 937 1141 1003 Cono-

136 1064 207 1107 nem
232 1039 337 1125 (LIV)
361 1041 560 1126 suppeditet,
587 1062 627 1105 ex
651 1064 714 1126 qua
737 1040 770 1126 (ξ
788 1043 845 1125 40)
872 1043 958 1109 idem
981 1043 1140 1108 Maximus

137 1145 180 1232 (p.
194 1147 273 1228 589)
292 1146 373 1210 heee
392 1146 500 1210 effert:
527 1184 565 1192 -
587 1183 627 1192 —
647 1148 763 1212 εἰπών·
786 1146 877 1229 „eye
896 1153 1011 1213 τοίνυν
1030 1149 1141 1232 ὀμνύω

137 1251 230 1338 (puto
245 1251 394 1337 ὀμνύων)
414 1253 457 1328 ὡς
471 1254 625 1336 νόμιμον,
643 1250 713 1317 κατ’
732 1251 883 1330 ἐξωλείας
904 1254 1006 1318 αὐτοῦ
1026 1252 1080 1319 καλ
1093 1253 1142 1335 γε’-

137 1381 215 1434 νονς
230 1355 285 1422 καὶ
301 1359 416 1438 οἰκίας,
432 1357 696 1440 ἀξιοπιστότερος
706 1357 723 1422 δ
733 1369 800 1421 τῶν
814 1365 904 1422 θεῶν
918 1364 1019 1424 πλείω
1032 1361 1143 1425 ποιού-

138 1486 234 1546 μενος
258 1463 392 1543 λόγον.“
428 1461 555 1525 Horum
578 1460 650 1527 loeo
673 1462 708 1526 in
730 1463 851 1527 nostris
875 1462 967 1528 libris
991 1464 1069 1529 haee
1093 1485 1143 1528 ex-

139 1573 240 1634 stent:
264 1565 335 1631 ἀλλ’
362 1565 379 1631 δ
399 1564 475 1648 μηδ’
499 1567 639 1647 εὔορκον
657 1566 761 1651 μηδὲν
781 1566 822 1630 ἂν
844 1567 981 1650 ὀμόσας,
1005 1571 1086 1634 κατὰ
1107 1565 1142 1633 dd

139 1675 178 1756 δὴ
197 1674 327 1738 παίδων
347 1666 393 1736 ὧν
413 1673 455 1754 μὴ
475 1675 620 1755 νομίζετε
639 1671 717 1756 μηδ’
740 1671 781 1736 διν
800 1675 962 1756 μελλήσας
982 1711 1020 1720 -
1043 1712 1089 1748 -,
1115 1676 1147 1738 εί

139 1778 167 1844 δ’
190 1777 242 1862 ἄρ’
265 1777 456 1859 ἀναγκαίων,
485 1777 620 1860 ὀμνύων
639 1779 682 1854 ὡς
704 1781 857 1862 νόμιμον,
883 1777 1144 1859 ἀξιοπιστότερος

139 1895 197 1950 τοῦ
219 1885 300 1950 κατὰ
323 1893 389 1948 τῶν
417 1885 547 1947 παίδων
571 1883 752 1966 ὀμνύοντος
779 1883 837 1949 καλ
862 1885 920 1949 διδ
944 1894 1004 1950 τοῦ
1032 1887 1142 1968 πυρός.

139 1988 335 2075 Oerruptnm
357 1987 465 2053 loeum
486 2011 555 2054 esse
573 1989 659 2054 inter
677 2012 787 2054 omnes
812 1994 953 2076 constet3
976 2012 1087 2056 verum
1106 1991 1144 2054 de

140 2096 252 2162 ceteris
277 2117 363 2160 nune
386 2116 452 2159 nen
476 2115 552 2180 egO,
576 2096 631 2160 sed
653 2095 715 2160 hoe
739 2095 824 2160 dieo:
853 2096 950 2160 verbe
972 2093 1041 2159 κατ’
1069 2095 1143 2172 ἐξω-

141 2206 227 2277 λείας
241 2201 344 2265 αὐτοῦ
358 2198 413 2265 καλ
429 2199 547 2281 μένους
560 2199 614 2265 καὶ
630 2203 734 2276 οίκίας
751 2222 818 2265 non
836 2203 875 2266 de
894 2222 952 2265 suo
967 2199 1145 2266 Maximum

142 2306 313 2390 addidisse,
340 2307 395 2370 sed
421 2305 456 2369 in
484 2306 629 2389 exemplo
658 2329 716 2370 suo
744 2307 913 2371 invenisse.
959 2306 1146 2371 Formulem

142 2414 225 2477 enim
238 2411 446 2477 iurisiurandi
461 2411 543 2475 hene
556 2410 657 2475 fuisse
672 2433 711 2475 ex
720 2411 933 2497 Antiphontis
947 2412 1019 2478 loeo
1030 2409 1145 2499 (5512)

143 2522 274 2602 apparet
282 2517 312 2600 ¹).
336 2517 447 2580 Tertio
461 2516 544 2603 loeo,
557 2518 612 2599 qui
627 2522 677 2581 est
690 2517 725 2582 in
741 2517 885 2582 oratione
900 2516 1025 2581 XLVII
1036 2519 1070 2598 (β
1079 2516 1146 2604 64),

143 2623 267 2688 etiamsi
289 2621 477 2687 testimonie
499 2621 589 2686 nulle
611 2627 803 2706 suppetunt,
826 2628 934 2688 damen
958 2646 996 2688 ex
1019 2643 1053 2687 re
1075 2621 1145 2708 ipsa

144 2728 348 2792 manifestum
371 2731 433 2810 est,
456 2727 543 2810 qnod
566 2727 646 2791 vidit
669 2724 866 2813 Boeekhius,
895 2729 1049 2794 excidisse
1073 2734 1146 2811 post

144 2837 246 2915 χιλίας
273 2830 333 2916 μὲν
361 2830 413 2896 καὶ
440 2831 555 2896 ἑκατὸν
580 2834 725 2916 δραχμὰς
752 2834 851 2898 verbe
873 2836 934 2916 τὴν
956 2833 1145 2914 καταδίκην,

144 2937 346 3021 ὀγδοήκοντα
366 2934 403 3001 δὲ
420 2935 475 3002 καὶ
495 2936 611 3001 ἑκατὸν
630 2940 783 3022 δραχμὰς.
821 2938 933 3024 Neque
957 2938 1063 3002 minus
1082 2960 1147 3002 ine-

142 3043 260 3108 nifeste
277 3044 393 3107 lacuna
410 3042 490 3106 mihi
509 3042 644 3126 videtur,
667 3065 764 3127 quam
781 3044 816 3108 in
835 3043 991 3108 orationis
1010 3041 1146 3108 XXVII.

142 3150 163 3228 ξ
188 3149 224 3212 19
248 3148 368 3214 detexit
391 3145 618 3213 wachendorf.

143 3309 353 3317 ...ι-ψ.

214 3392 241 3459 1)
260 3387 298 3446 cf.
318 3389 396 3444 Dem.
416 3389 513 3457 XXIV,
535 3395 597 3454 τοις
622 3389 698 3456 xlx,
720 3397 765 3454 τις
789 3389 866 3454 xxl,
890 3396 937 3442 ιιο
962 3389 1063 3456 (ὤμνυε
1083 3387 1145 3440 κατ’

142 3473 291 3546 ὶξωλείας),
310 3478 346 3533 al.
