2612 3918
180 113 225 208 60
496 146 569 200 xx1.
591 144 872 200 αιιιιοῑοεαοεα

179 328 239 372 τον
259 304 383 390 ἀφῖχθε
402 309 657 388 φιλανθρωπίας
674 302 730 370 καί
748 304 927 388 εὐσεβείας,
949 303 1031 368 ὥστε
1050 299 1105 368 καὶ
1124 312 1191 367 τῶν

179 412 343 495 πρότερον
361 410 591 495 γεγενημένων
610 410 821 495 ἀδικημάτων
838 410 876 474 τὸ
896 409 1077 494 λαμβάνειν
1094 409 1192 491 δίκην

179 515 329 601 ἐπέσχετε
347 517 468 594 ταύτας
485 518 543 595 τάς
560 516 696 602 ἡμέρας·
719 516 864 592 Μειδίας
883 509 913 579 δ’
931 514 968 581 έν
986 514 1101 592 αὑταῖς
1114 514 1191 579 ταύ-

178 645 251 699 ταις
272 633 344 699 ταῖς
365 621 503 707 ἡμέραις
525 623 600 703 άξια
621 631 682 688 τοῦ
705 623 824 689 δοῦναι
846 621 908 705 την
931 620 1073 707 ἐσχάτην
1093 621 1192 704 δίκην

179 739 286 794 ποιῶν
318 728 536 814 δειχθήσεται.
583 729 746 812 βούλομαι
774 721 805 794 δ’
836 726 976 793 ἕκαστον
1004 720 1059 792 ἀπ’
1090 725 1192 811 ἀρχῆς

179 826 228 897 ὧν
254 827 397 898 πέπονθ’
426 832 603 915 ἐπιδείξας,
631 831 687 898 καί
715 829 791 916 περὶ
816 842 885 897 τῶν
911 835 1048 914 πληγῶν
1075 832 1192 913 εἰπεῖν,

179 935 218 1014 ἃς
240 939 277 1004 τὸ
296 941 486 1004 τελευταίαν
503 935 735 1022 προσενέτεινέ
750 957 819 1021 μοι·
843 937 880 1002 ἓν
897 937 962 1022 γὰρ
980 935 1082 1003 οὐδέν
1100 935 1193 1002 ἐστιν

179 1040 233 1126 ἐφ’
264 1034 290 1131 ηδ
322 1053 388 1108 τῶν
415 1042 655 1128 πεπραγμένων
683 1041 725 1109 οὑ
753 1044 880 1120 δίκαιος
909 1041 958 1108 ὢν
984 1039 1192 1108 ἀπολωλέναι

179 1152 372 1232 φανήσεται.

139 1273 165 1314 ιι
264 1251 395 1339 Ἐπειδὴ
427 1255 491 1339 γάρ
519 1253 561 1320 οὑ
588 1257 831 1337 καθεστηκότος
857 1262 1005 1340 χορηγοῦ
1031 1262 1070 1339 τῇ
1099 1257 1189 1319 Παν-

179 1361 304 1426 διονίδι
326 1366 428 1446 φυλῇ,
451 1364 565 1443 τρίτον
589 1363 661 1437 έτος
683 1363 786 1442 τουτί,
809 1361 980 1445 παρούσης
1003 1356 1040 1426 δέ
1061 1369 1119 1444 τῆς
1139 1358 1190 1424 ἐκ·

178 1469 316 1551 πλησίας
347 1465 384 1532 έν
410 1457 433 1552 ᾗ
459 1466 519 1531 τὸν
545 1463 678 1551 ἄρχοντ’
709 1465 910 1550 ἐπικληροῦν
938 1465 956 1532 ὁ
982 1467 1085 1550 νόμος
1111 1475 1239 1542 τολςίιν

178 1581 291 1656 χοροῖς
312 1573 391 1649 τοὺς
414 1571 558 1654 αὑλητδις
579 1571 716 1654 κελεύει,
740 1574 851 1654 λόγων
872 1569 928 1637 καί
951 1572 1122 1655 λοιδορίας
1139 1594 1189 1654 γι-

177 1677 356 1762 γνομένης,
384 1673 439 1742 καί
466 1684 733 1759 κατηγοροῦντος
759 1685 821 1743 τοῦ
847 1673 908 1761 μέν
936 1677 1096 1761 ἄρχοντος
1122 1687 1190 1742 τῶν

179 1782 382 1868 ἐπιμελητῶν
404 1790 462 1866 της
483 1786 603 1866 φυλῆς,
627 1793 695 1847 τῶν
717 1776 749 1848 δ’
771 1781 974 1866 ἐπιμελητῶν
990 1791 1052 1848 τοῦ
1069 1782 1189 1866 άρχον-

176 1910 248 1972 τος,
276 1887 455 1972 παρελθὼν
478 1888 669 1972 ὑπεσχόμην
692 1886 755 1971 ἐγὼ
778 1891 978 1973 χορηγήσειν
999 1887 1190 1973 ἐθελοντής,

175 1992 231 2060 καὶ
258 1991 494 2079 κληρουμένων
521 2004 650 2078 πρῶτος
674 1993 842 2079 αίρεῑσθαι
864 1995 924 2060 τὸν
946 1993 1093 2078 αὐλητὴν
1115 1997 1189 2060 έλα·

137 2120 164 2160 ιι
176 2123 253 2186 χον,
280 2098 374 2185 ὑμεῖς
401 2095 462 2184 μέν
489 2095 515 2165 ὦ
543 2101 663 2185 ἄνδρες
687 2097 860 2183 Ἀθηναῖοι
882 2101 1002 2178 πάντες
1024 2099 1185 2186 ἀμφότερ’

177 2205 221 2282 ὡς
245 2197 371 2272 οἷόντε
390 2203 520 2291 μάλιστ’
543 2204 759 2288 ἀπεδέξασθε,
781 2207 843 2288 τήν
860 2202 889 2272 τ’
911 2205 1108 2290 ἐπαγγελίαν
1126 2208 1188 2292 την

176 2311 259 2397 ἐμὴν
280 2311 336 2378 καί
358 2313 395 2378 τὸ
418 2313 551 2396 συμβὰν
574 2310 638 2377 άπὸ
661 2320 718 2395 τῆς
740 2312 857 2397 τύχης,
879 2309 934 2377 καί
956 2314 1109 2398 θόρυβον
1131 2311 1187 2378 καί

175 2421 296 2501 κρότον
313 2428 468 2485 τοιοῦτον
488 2419 532 2494 ὡς
551 2416 593 2483 διν
611 2418 823 2494 ἐπαινοῦντές
841 2441 875 2483 τε
893 2415 948 2483 καί
962 2417 1189 2500 συνησθέντες

175 2523 365 2608 ἐποιήσατε,
392 2526 538 2601 Μειδίας
566 2519 597 2589 δ’
624 2521 738 2589 οὑτοσί
766 2525 869 2608 μόνος
895 2534 962 2589 τῶν
984 2524 1119 2590 πάντων
1143 2527 1189 2604 ὡς

175 2632 283 2696 ἔοικεν
309 2629 478 2715 ἠχθέσθη,
506 2629 561 2696 καὶ
588 2629 887 2714 παρηκολούθησεν
914 2623 992 2714 παρ’
1018 2629 1101 2715 ὅλην
1124 2635 1188 2717 τὴν

175 2739 376 2820 λητουργίαν
408 2736 595 2821 ἐπηρεάζων
628 2733 701 2820 ἐμοὶ
733 2746 880 2820 συνεχῶς
912 2733 967 2802 καὶ
999 2739 1099 2821 μικρά
1130 2737 1186 2805 καὶ

134 2859 161 2902 ιε
175 2845 280 2926 μείζω.
317 2843 379 2908 ὅσα
399 2838 461 2927 μέν
480 2837 542 2908 οὑν
560 2843 639 2918 τοὺς
657 2842 816 2926 χορευτάς
833 2840 1087 2926 ἐναντιούμενος
1104 2842 1187 2927 ἡμίν

174 2946 344 3031 ἀφεθῆναι
366 2956 424 3030 τῆς
446 2949 617 3029 στρατείας
639 2945 846 3031 ἠνώχλησεν,
873 2945 894 3032 ἢ
916 2948 1188 3032 προβαλλόμενος

172 3052 228 3119 καί
259 3064 460 3140 χειροτονῶν
492 3051 612 3118 ἑαυτὸν
644 3054 691 3128 είς
721 3043 878 3117 Διονύσι’
914 3051 1126 3137 ἐπιμελητήν,
1163 3053 1185 3139 ἢ

172 3161 275 3225 τάλλα
298 3157 400 3225 πάνθ’
428 3158 490 3226 ὅσα
511 3153 649 3240 τοιαῦτ’,
673 3157 774 3222 ἐάσω·
800 3157 841 3222 οὑ
863 3158 927 3243 γάρ
950 3157 1061 3242 άγνοῶ
1083 3155 1183 3228 τοῦθ’

173 3265 223 3332 ὅτι
252 3274 297 3354 τῷ
326 3261 387 3350 μέν
415 3261 661 3352 ἐπηρεαζομένῳ
688 3259 755 3329 τότ’
787 3262 859 3348 ἐμοί
886 3262 941 3330 καί
967 3264 1185 3355 ὑβριζομένῳ,

171 3373 233 3455 τὴν
260 3370 365 3455 αὑτὴν
393 3370 498 3456 ὀργὴν
525 3366 663 3436 ἕκαστον
691 3369 819 3435 τούτων
841 3369 947 3457 ἥνπερ
970 3367 1042 3436 ἄλλ’
1069 3371 1185 3468 ὑτχοῦν

171 3485 239 3540 τῶν
266 3475 466 3542 δεινοτάτων
492 3477 649 3558 παρίστη,
682 3475 763 3557 ὑμίν
790 3471 827 3539 δὲ
856 3486 926 3552 τοῖς
954 3477 1091 3558 [ἄλλοις]
1121 3478 1184 3558 ἔξω
