2644 4182
576 423 675 474 Πεοε
694 423 910 488 Λειιειαιια,
1202 419 1236 482 θλ

228 579 311 666 φέρε
339 583 402 668 γάρ
425 581 509 667 πρὸς
531 583 630 665 Διὸς,
658 584 709 659 τίς
731 583 821 648 ἔστιν
845 582 935 658 ὅστις
957 575 996 648 εὐ
1018 590 1128 648 ποιεῖν
1149 580 1236 665 ὑμᾶς

229 690 440 772 βουλήσεται,
458 687 600 773 μέλλων,
618 686 661 753 ἀν
679 685 741 772 μέν
758 689 917 774 ἀποτύχῃ,
936 696 1133 775 παραχρῆμα
1147 690 1236 771 δίκηι

231 793 351 859 δώσειν
378 805 447 872 τοῖς
475 793 625 880 ἐχθροῖς,
653 792 695 858 ἀν
722 790 759 860 δὲ
787 795 1003 879 κατορθώσῃ,
1030 795 1088 870 τὰς
1110 795 1236 879 χάριτας

230 897 305 985 παρ’
332 899 427 984 ὐμῶν
451 899 610 977 ἀπίστους
634 899 734 980 ἕξεως

189 1020 216 1060 ⁶⁷
317 1005 417 1070 Πάνυ
440 1009 556 1071 τοίνυν
579 1005 748 1090 ἀχθοίμην
771 1003 813 1071 ἀν
836 1000 863 1070 ὦ
886 1006 1006 1089 ἀνδρες
1029 1007 1191 1087 δικασταί,
1215 1028 1236 1070 ει

230 1118 326 1176 τοῦτο
359 1113 464 1195 μόνον
495 1111 626 1195 δόξαιμι
655 1113 786 1177 δίκαιον
813 1122 1010 1198 κατηγορεῖν
1037 1119 1097 1175 τοῦ
1126 1113 1236 1195 νόμου,

231 1215 282 1281 ὅτι
303 1217 447 1292 πολλοὺς
470 1214 586 1296 ξένους
604 1214 777 1298 εὐεργέτας
796 1216 984 1300 ἀφαιρεῖται
1002 1216 1064 1299 τὴν
1082 1214 1236 1298 ἀτέλειαν,

230 1331 298 1386 τῶν
321 1318 356 1388 δὲ
379 1326 524 1388 πολιτῶν
542 1315 657 1406 μηδέν’
678 1321 774 1401 ἀξιον
793 1323 930 1407 δοκοίην
950 1311 1038 1406 ἔχειν
1056 1321 1160 1400 δείξαι
1177 1333 1236 1388 τῶι

230 1425 422 1511 εὑρημένων
448 1428 572 1512 ταύτην
598 1429 660 1511 τὴν
686 1430 793 1513 τιμην.
839 1425 895 1492 καὶ
921 1428 985 1513 γάρ
1017 1421 1108 1492 τᾶλλ’
1139 1423 1236 1508 ἀγάθ’

230 1531 388 1617 εὐξαίμην
415 1532 457 1598 ἀν
484 1536 586 1617 ἔγωγε
614 1531 692 1615 παρ’
718 1533 798 1618 ἡμῖν
821 1529 908 1600 εἶναι
930 1537 1082 1614 πλείστα,
1109 1531 1164 1598 καί
1187 1533 1236 1596 ἀν·

231 1639 315 1721 δρας
341 1637 495 1722 ἀρίστους
521 1637 577 1703 καλ
604 1641 779 1714 πλείστους
807 1635 1007 1724 [εὐεργέτας]
1035 1645 1094 1720 της
1118 1641 1236 1714 πόλεως

189 1761 217 1802 οε
231 1745 366 1819 πολίτας
392 1740 487 1810 εἶναι.
531 1753 665 1827 πρῶτον
692 1739 753 1828 μὲν
780 1746 897 1809 τοίνυν
919 1745 1062 1808 Κόνωνα
1086 1737 1236 1826 σκοπεῖτ’,

233 1851 264 1915 εί
285 1847 337 1935 ἀρ’
362 1849 464 1932 ἀξιον,
488 1849 805 1933 καταμεμψαμένους
827 1849 848 1933 ἢ
871 1850 931 1914 τὸν
953 1850 1060 1933 ἀνδρα
1083 1849 1103 1933 ἢ
1126 1851 1167 1915 τὰ
1189 1870 1236 1915 πε·

231 1954 416 2039 τιραγμέυα,
449 1957 574 2040 ἀκυρόν
601 1978 633 2019 τι
660 1965 797 2038 ποιῆσαι
823 1964 892 2020 τῶν
919 1953 1033 2043 ἐκείνῳ
1062 1955 1235 2021 δοθέντων

232 2055 330 2138 οὗτος
356 2061 435 2146 γὰρ,
463 2061 507 2138 ὡς
533 2061 628 2145 ὑμῶν
655 2057 757 2126 τινῶν
785 2063 877 2127 ἔστιν
904 2059 1044 2126 ἀκοῦσαι
1072 2071 1140 2126 τῶν
1161 2062 1236 2126 κατὰ

232 2167 293 2258 την
311 2167 416 2251 αὐτὴν
433 2166 565 2249 ἡλικίαν
584 2167 703 2250 ὄντων,
722 2167 802 2250 μετὰ
819 2168 881 2250 την
895 2175 955 2232 τοῦ
971 2167 1079 2251 δήμου
1092 2166 1236 2232 κάθοδοι

231 2273 293 2356 την
314 2272 350 2338 ἐκ
369 2276 534 2356 Πειραιῶς
552 2272 720 2348 ἀσθενοῦς
736 2271 831 2357 ἡμῶν
848 2281 907 2356 τῆς
924 2275 1050 2350 πόλεως
1069 2273 1172 2356 οὐσης
1189 2271 1236 2340 καί

233 2386 318 2442 ναῦν
346 2378 505 2462 οὐδεμίαν
532 2376 745 2462 κεκτημένης,
774 2388 969 2461 στρατηγῶν
991 2382 1135 2462 βασιλεῖ,
1163 2377 1236 2463 παρῖ

231 2483 326 2568 ἡμῶν
349 2481 423 2549 οὐδ’
448 2483 608 2574 ἡντινοῦν
630 2483 787 2570 ἀφορμὴν
809 2485 932 2568 λαβών,
955 2485 1236 2569 κατεναυμάχησει

232 2591 528 2673 Λακεδαιμονίους,
547 2587 603 2654 καλ
621 2591 784 2675 πρότερον
801 2599 872 2666 τοῖς
888 2590 1001 2668 ἀλλοις
1015 2590 1236 2668 έπιτάττοντας

233 2693 336 2762 εθθισ’
363 2693 497 2761 ἀκούειν
525 2693 635 2779 ἡμῶν,
662 2693 717 2760 καλ
739 2697 818 2772 τούς
841 2695 1007 2782 ἁρμοστὰς
1029 2694 1186 2778 ἐξήλασεν
1209 2697 1236 2762 ἐι

233 2812 300 2867 τῶν
322 2799 446 2887 νήσων,
469 2798 524 2865 καλ
546 2800 628 2885 μετὰ
650 2809 752 2868 ταῦτα
777 2799 868 2886 δεῦρ’
891 2801 1003 2867 ἐλθὼν
1025 2800 1185 2886 ἀνέστησε
1204 2803 1236 2870 τδ

233 2910 337 2993 τείχη,
365 2904 420 2972 καὶ
441 2917 577 3000 πρῶτος
603 2906 704 2971 πάλιν
721 2904 806 2991 ,περὶ
831 2917 889 2992 της
911 2906 1089 2991 ἡγεμονίας
1111 2907 1236 2993 έποίησι

191 3030 220 3071 ει
233 3022 272 3099 τῇ
300 3015 393 3077 πόλει
420 3013 479 3078 τὸν
505 3014 608 3095 λόγον
634 3013 717 3097 πρὸς
739 3014 1026 3098 Λακεδαιμονίους
1051 3007 1145 3080 εἶναι.
1190 3013 1236 3081 καὶ

232 3119 297 3205 γάρ
322 3141 376 3183 τοι
402 3118 493 3207 μόνῳ
520 3128 588 3184 τῶν
614 3118 751 3186 πάντων
777 3117 866 3208 αὐτῷ
893 3118 982 3185 τοῦτ’
1010 3119 1048 3186 ἐν
1074 3129 1113 3206 τῇ
1141 3123 1236 3206 στήλη

232 3224 426 3309 γέγραπται·
449 3221 585 3307 ,ἐπειδὴ
601 3225 774 3306 [Κόνων]“
793 3223 898 3309 φησὶν
916 3223 1150 3310 ,ἠλευθέρωσε
1167 3231 1236 3304 τοὺς

174 3378 176 3388 ,
229 3327 420 3414 Ἀθηναίων
446 3329 671 3414 συμμάχους.“
716 3331 806 3395 ἔστιν
830 3325 867 3396 δὲ
889 3339 987 3398 τοῦτο
1010 3332 1048 3397 τὸ
1071 3325 1192 3420 γράμμ’
1219 3327 1236 3398 α’

234 3436 353 3521 ἀνδρες
367 3437 529 3518 δικασταί,
543 3434 657 3523 ἐκείνῳ
672 3430 733 3519 μὲν
747 3438 918 3521 φιλοτιμία
926 3438 1009 3523 πρὸς
1018 3436 1103 3521 ὑμᾶς
1113 3436 1236 3521 αὐτοῦς

233 3539 313 3626 ὑμῖν
336 3537 374 3607 δδ
396 3535 479 3628 πρὸς
500 3542 625 3618 πάντας
647 3544 726 3618 τούς
741 3539 916 3626 Ἕλληνας·
940 3542 1020 3608 ὅτου
1042 3543 1107 3629 γὰρ
1128 3543 1170 3607 ἀν
1188 3568 1236 3620 τις

233 3644 311 3734 παρ’
332 3646 427 3732 ὑμῶν
450 3646 584 3730 ἀγαθοῦ
605 3657 676 3724 τοῖς
698 3648 810 3724 ἀλλοις
833 3653 938 3726 αίτιος
955 3635 1101 3732 γένηται,
1124 3649 1236 3717 τοῦτοι

194 3769 220 3810 ιο
231 3752 295 3838 Ιτὴν
318 3753 420 3833 δόξαν
441 3754 478 3819 τὸ
497 3761 555 3835 τῆς
573 3754 700 3830 πόλεως
717 3754 823 3836 ὄνομα
841 3761 1039 3838 καρποῦται..
1071 3755 1186 3840 διόπερ
1205 3741 1236 3821 οὐ
