2616 3910
144 173 212 240 470
425 177 576 230 XXXVIII.
598 177 879 229 ΔΗΜΟΣΘΕΝΟΤΣ

145 339 247 422 φόνοι
275 333 331 404 καὶ
352 335 466 422 ύβρεις
489 337 537 414 είς
559 333 580 402 δ
601 337 646 421 μὴ
671 336 725 402 δεί
745 333 801 402 καὶ
823 337 928 402 πολλά
951 343 1088 401 τοιαῦτα
1110 337 1161 418 γί·
1270 431 1271 434 ρ

145 465 268 526 γνεται.
312 439 384 509 ἀλλ’
415 441 504 528 ὅμως
536 441 691 509 ἁπάντων
723 443 852 508 τούτων
878 441 958 529 ὅρος
983 438 1038 508 καὶ
1065 441 1161 517 λύσις

105 563 132 608 ⁸⁰
145 559 215 626 τοίς
251 553 400 616 παθοῦσι
432 548 581 614 τέτακται
612 548 650 614 τό
683 545 880 624 πεισθέντας
911 547 1055 632 άφείναι.
1104 543 1160 612 παὶ
1271 571 1272 574 ’

145 649 243 720 τοῦθ’
275 651 362 720 ούτω
393 655 431 720 τὸ
465 654 596 720 δίκαιον
629 653 666 719 ἐν
692 662 795 719 πᾶσιν
822 653 944 738 ίσηύει,
976 649 1068 735 ὥστ’,
1101 651 1159 718 ἐὰν

146 757 303 836 ἑλόντες
325 757 486 826 ἀκουσίου
509 761 620 843 φόνου
642 756 698 824 καί
722 769 837 843 σαφῶς
859 757 1022 838 ἐπιδείξας
1039 758 1084 843 με)
1103 781 1159 824 κα-

144 867 266 949 θαρόν,
288 866 369 950 μετὰ
390 861 483 930 ταῦτ’
504 862 675 950 αίδέσηται
698 861 753 930 καί
771 862 852 950 άφη,
876 861 982 930 οὐκέτ’
1006 861 1160 947 ἐκβαλείν
1275 886 1276 912 ³

145 971 260 1054 κύριος
282 971 342 1037 τὸν
364 969 468 1035 αὐτόν
491 967 591 1035 ἐστιν.
635 967 718 1036 ούδέ
736 966 784 1053 γ’,
807 967 850 1035 όν
872 968 891 1036 ό
914 969 1037 1036 παθὼν
1060 970 1160 1048 αὐτὸς

145 1075 215 1162 άφη
234 1083 295 1143 τοῦ
312 1077 435 1159 φόνου,
453 1071 534 1158 πρὶν
550 1080 752 1160 τελευτῆσαι,
771 1076 831 1141 τὸν
845 1075 1025 1159 δράσαντα,
1044 1074 1160 1142 ούόευὶ

145 1191 212 1247 των
239 1185 366 1247 λοιπῶν
394 1191 567 1264 συγγενῶν
595 1173 695 1258 ἔξεστ’
721 1178 898 1264 ἐπεξιέναι,
926 1178 997 1247 ἀλλ’
1024 1180 1083 1259 οὓς
1107 1181 1160 1247 ἐκ·

144 1289 276 1352 πίπτειν
294 1282 349 1351 καὶ
368 1285 517 1369 φεύγειν,
540 1283 582 1350 δν
601 1283 814 1368 ἁλίσκωνται,
834 1282 890 1350 καὶ
907 1287 1068 1352 τεθνάναι
1085 1289 1160 1353 τάτ-

145 1406 262 1456 τουσιν
290 1389 326 1456 οί
344 1393 457 1477 νόμοι,
485 1390 625 1468 τούτους
648 1389 707 1456 ἐὰν
730 1389 920 1474 ἀφεθῶσιν,
948 1391 1033 1471 άπαξ
1055 1391 1161 1459 άπάν-

105 1515 133 1557 ιε
145 1519 213 1562 των
235 1495 344 1562 ἐκλύει
366 1507 434 1562 τῶν
456 1496 578 1562 δεινῶν
596 1505 696 1564 τοῦτο
714 1496 753 1562 τὸ
772 1495 869 1581 βῆμα.
906 1491 973 1562 εἷθ’
994 1494 1078 1585 ύπέρ
1097 1496 1160 1584 μὲν

145 1611 252 1686 ψυχῆς
279 1600 335 1668 καὶ
361 1613 428 1668 τῶν
454 1603 618 1686 μεγίστων
646 1601 752 1678 ούτως
780 1602 886 1687 ἰσχύει
912 1600 968 1668 καὶ
990 1602 1082 1688 μένει
1104 1604 1160 1670 τό·

146 1717 272 1792 φείναι,
294 1703 377 1792 ύπέρ
401 1703 438 1773 δέ
461 1707 638 1793 χρημάτων
660 1704 717 1773 καὶ
739 1706 925 1773 ἐλαττόνων
947 1707 1160 1794 ἐγκλημάτων

146 1815 274 1900 ἄκυρον
301 1817 407 1891 ἐσται;
436 1813 602 1896 μηδαμῶς.
648 1811 689 1877 ού
716 1813 780 1898 γὰρ
807 1813 840 1877 εί
863 1813 906 1896 μὴ
929 1823 996 1878 τῶν
1020 1816 1158 1880 δικαίων

146 1919 211 2004 ἐγὼ
225 1917 300 2003 παρ’
319 1919 399 2003 ὑμίν
416 1917 582 2001 τεύξομαι,
601 1915 689 1983 τοῦτ’
707 1920 798 1983 ἐστιν
812 1919 1014 2002 δεινότατον,
1032 1915 1101 1985 ἀλλ’
1120 1923 1212 1987 είθεε

145 2034 279 2111 πρᾶγμα
303 2027 434 2090 δίκαιον
456 2021 642 2107 ὡρισμένον
667 2023 704 2089 ἐκ
721 2025 845 2102 παντὸς
861 2034 922 2090 τοῦ
939 2027 1065 2110 χρόνον
1081 2024 1159 2092 νυνὶ

146 2132 353 2197 καταλύσετε.

561 2463 746 2532 xxxvffl.

165 2622 487 2702 ΠΑΡΑΓΡΑΦΗ
512 2622 653 2700 ΠΡΟΣ
679 2622 1019 2700 ΝΑΤΣΙΜΑΧΟΝ
1044 2624 1141 2700 ΚΑΙ

468 2741 830 2824 ΞΕΝΟΠΕΙΘΗΝ.

556 2912 757 2967 ΤΠΟΘΕΣΙΣ.

237 3027 431 3108 Ναυσίμαχος
453 3024 504 3088 καί
523 3023 707 3105 Ξενοπείθης
729 3024 990 3107 ἐπετροπεύθησαν
1012 3019 1065 3088 ύπ’
1083 3020 1163 3109 Ἀρι-

148 3128 305 3208 σταίχμου,
331 3122 524 3206 ἐγγραφέντες
553 3117 581 3185 δ’
606 3123 649 3196 εἰς
673 3120 786 3204 άνδρας
809 3121 912 3203 ἔλαχον
935 3123 1023 3202 δίκην
1045 3121 1162 3203 ἐπιτρο-

148 3234 207 3306 πης
230 3223 321 3308 αύτῷ,
343 3216 405 3284 εἶτα
424 3221 595 3283 διελύσαντο
613 3219 752 3301 λαβόντες
771 3219 837 3301 τρία
854 3220 992 3299 τάλαντα,
1014 3217 1064 3281 καὶ
1081 3217 1164 3300 ἀφῆ-

148 3346 205 3383 καν
233 3319 325 3382 αύτδν
352 3327 411 3379 τῶν
438 3317 635 3398 ἐγκλημάτων.
680 3316 730 3379 καί
755 3313 771 3379 ὁ
794 3315 849 3397 μὲν
870 3319 1050 3397 τετελεύτηκε
1072 3341 1164 3378 κατα-

149 3415 242 3475 λιπὼν
268 3414 378 3485 παῖδας
406 3412 557 3492 τέτταρας,
584 3415 700 3487 τούτοις
727 3411 759 3475 δέ
786 3414 856 3494 μετὰ
881 3413 989 3495 χρόνον
1011 3413 1120 3494 συχνὸν
1145 3411 1163 3475 δ

149 3509 342 3585 Ναυσίμαχος
374 3507 424 3568 καί
456 3507 640 3588 Ξενοπείθης
673 3511 842 3582 δικάζονται
873 3511 1000 3592 βλάβης,
1036 3506 1161 3592 χρήματ’
