2612 3918
155 168 218 232 118
281 139 285 146 ’
467 171 539 223 xx1.
562 169 841 222 Δεαοεοεαονε

152 327 227 396 εἶναι
258 334 288 395 τί
317 329 391 395 ποθ’
421 332 461 408 ὡς
492 333 570 414 ὑμᾶς
601 343 653 395 τοῦ
682 335 849 415 πράγματος
876 333 1017 408 ἐλθόντος
1044 333 1164 417 ἔγνωτε·

151 425 214 492 ἀλλ’
243 429 296 493 ἐὰν
329 429 383 512 μὲν
411 431 565 510 κολάσητε,
597 430 692 505 δόξετε
721 431 872 513 σώφρονες
900 425 977 493 εἶναι
1003 430 1053 492 καλ
1078 430 1165 493 καλολ

151 526 280 610 κάγαθολ
305 527 355 590 καλ
377 528 587 608 μισοπόνηροι,
615 525 652 588 διν
676 523 704 589 δ’
730 522 833 608 ἀφῆτ’,
861 525 950 590 άλλου
974 527 1054 602 τινὸς
1076 524 1165 607 ἡττῆ-

152 640 232 696 σθαι.
278 630 318 696 οὐ
345 632 409 716 γάρ
436 630 472 696 ἐκ
498 635 667 714 πολιτικῆς
694 632 815 712 αίτίας,
844 627 917 695 οὐδ’
944 631 1053 713 ὥσπερ
1078 624 1164 716 Ἀρι-

151 747 286 820 στοφῶν
309 735 456 814 ἀποδοὺς
477 739 556 813 τοὺς
579 737 764 820 στεφάνους
787 739 883 803 ἔλυσε
900 738 962 819 τὴν
980 738 1163 821 προβολήν,

151 837 224 907 ἀλλ’
246 841 279 921 ἐξ
301 842 440 927 ὕβρεως,
463 841 499 908 ἐκ
521 851 581 908 τοῦ
605 839 709 927 μηδὲν
732 841 774 907 διν
797 837 845 908 ὧν
867 838 1018 927 πεποίηκ’
1040 841 1164 908 ἀναλῦ-

152 964 207 1013 σαι
240 949 408 1013 δύνασθαι
439 950 592 1033 κρίνεται.
644 946 743 1034 πότερ’
776 943 831 1014 οὖν
863 952 970 1014 τούτου
1001 950 1163 1033 γενομένου

151 1054 281 1131 κρεῖττον
309 1041 400 1122 αὖθις
422 1047 443 1130 ἢ
465 1047 535 1110 νυνλ
556 1048 692 1124 κολάσας
719 1047 775 1130 ἐγὼ
799 1046 852 1130 μὲν
876 1043 958 1128 οἶμαι
980 1058 1052 1111 νῦν·
1075 1049 1162 1129 κοινὴ

151 1144 207 1227 γὰρ
230 1142 249 1226 ἡ
272 1147 377 1227 κρίσις,
399 1146 450 1208 καλ
472 1144 653 1226 τάδικήματα
675 1141 761 1208 πάντ’
783 1140 832 1225 ἐφ’
854 1140 899 1219 οἷς
921 1147 1050 1227 κρίνεται
1067 1147 1162 1209 κοινά.

99 1305 138 1344 ιιε
232 1281 302 1348 Ἔτι
331 1281 361 1348 δ’
389 1283 451 1348 οὐκ
478 1283 525 1369 ἔμ’
554 1286 690 1349 ἔτυπτεν
718 1284 837 1366 άνδρες
860 1280 1032 1368 Ἀθηναῖοι
1056 1287 1162 1367 μόνον

152 1384 250 1466 οὗτος
277 1388 348 1455 οὐδ’
376 1390 487 1474 ὕβριζε
514 1399 553 1475 τῇ
583 1391 714 1478 διανοίᾳ
741 1392 814 1455 τότε
841 1400 948 1455 ποιῶν
975 1382 1020 1455 οἷ’
1047 1390 1161 1474 ἐποίει,

151 1495 234 1561 ἀλλὰ
256 1496 381 1572 πάντας
403 1495 504 1573 ὅσους
526 1517 587 1578 περ
610 1494 652 1562 διν
676 1498 788 1580 οίηταί
806 1519 856 1573 τις
878 1490 978 1578 ἦττον
1002 1495 1082 1580 ἐμοῦ
1103 1497 1161 1560 δύ-

150 1607 275 1667 νασθαι
307 1603 404 1687 δίκην
433 1598 515 1687 ὑπὲρ
543 1601 653 1667 αὐτῶν
681 1605 804 1684 λαβεῖν.
849 1604 881 1666 εί
907 1599 943 1667 δὲ
971 1602 1016 1686 μη
1042 1605 1162 1680 πάντες

151 1706 306 1774 ἐπαίεσθε
333 1705 416 1793 μηδὲ
443 1709 563 1786 πάντες
586 1708 804 1794 ἐπηρεάζεσθε
828 1718 1064 1793 χορηγοῦντες,
1092 1715 1161 1774 ίστε

152 1815 260 1898 δήπου
291 1809 387 1880 τοῦθ’
418 1815 469 1879 ότι
502 1809 574 1879 οὐδ’
606 1808 791 1899 ἐχορηγεῦθ’
822 1815 888 1900 ἅμα
916 1815 1048 1895 πάντες,
1081 1811 1161 1881 οὐδὲ

151 1915 279 1985 δύναιτ’
305 1921 348 1985 ἄν
375 1918 454 1986 ποθ’
481 1920 566 2005 ὑμᾶς
589 1919 701 1997 οὐδεὶς
723 1921 869 1998 ἅπαντας
892 1930 950 2008 μιᾷ
974 1919 1058 2006 χειρλ
1081 1943 1160 2006 προ-

98 2046 138 2101 ιεο
150 2030 337 2109 πηλακίσαι.
382 2023 453 2092 ἀλλ’
485 2027 565 2093 ὅταν
598 2018 645 2104 εἷς
673 2027 690 2093 6
718 2027 839 2092 παθὼν
866 2028 910 2111 μὴ
941 2027 1025 2112 λάβη
1053 2030 1160 2113 δίκην,

150 2127 224 2197 τόθ’
250 2131 389 2198 ἕκαστον
416 2132 518 2200 αὐτὸν
545 2133 607 2217 χρὴ
631 2132 823 2218 προσδοκᾶν
844 2134 904 2198 τὸν
926 2145 1058 2218 πρῶτον
1080 2136 1161 2218 μετὰ

149 2233 241 2304 ταῦτ’
267 2238 509 2323 ἀδικησόμενον
535 2240 753 2322 γενησεσθαι,
780 2237 834 2303 καλ
862 2240 906 2324 μὴ
932 2249 1084 2325 παρορᾶν
1111 2243 1213 2307 τάσεε

149 2355 300 2428 τοιαῦτα,
328 2342 404 2429 μηδ’
432 2341 484 2428 ἐφ’
512 2342 631 2409 ἑαυτὸν
655 2342 769 2408 ἐλθεῖν
791 2344 996 2430 περιμένειν,
1019 2341 1088 2411 ἀλλ’
1116 2347 1161 2425 ὡς

150 2451 186 2518 ἐκ
217 2454 373 2516 πλείστου
405 2445 641 2536 φυλάττεσθαι.
687 2460 778 2533 μισεῖ
807 2451 950 2527 Μειδίας
982 2458 1062 2529 ἴσως
1094 2453 1160 2538 ἐμέ,

152 2557 244 2642 ὑμῶν
268 2555 307 2623 δέ
326 2554 357 2642 γ’
380 2556 519 2622 ἕκαστον
541 2558 641 2632 ἄλλος
664 2580 722 2633 τις.
758 2550 810 2640 ἄρ’
834 2550 896 2621 οὖν
917 2555 1157 2643 συγχωρήσαιτ’

150 2661 192 2728 άν
214 2671 345 2747 τοῦτον,
369 2663 459 2739 ὅστις
483 2660 573 2728 ἐστὶν
596 2660 730 2737 ἕκαστος
754 2660 772 2726 6
793 2671 910 2745 μισῶν,
933 2663 1052 2746 κόριον
1070 2665 1161 2748 γενέ-

150 2775 232 2835 σθαι
254 2778 315 2834 τοῦ
338 2767 451 2853 ταῦθ’,
475 2768 558 2852 άπερ
582 2762 679 2844 οὗτος
702 2763 766 2852 ἔμ’,
791 2767 885 2850 ὑμῶν
907 2765 1046 2834 ἕκαστον
1067 2781 1160 2855 ποιῆ-

150 2893 220 2953 σαις
244 2875 308 2959 ἐγὼ
332 2871 393 2958 μὲν
414 2875 475 2940 οὐκ
494 2869 593 2958 οἶμαι.
626 2875 670 2958 μὴ
688 2877 805 2938 τοίνυν
823 2869 900 2957 μηδ’
922 2869 972 2957 ἔμ’
995 2871 1160 2961 ὦάνδρες

97 2977 319 3068 ιειἏθηναλοι
341 2987 491 3066 προῆσθε
515 2983 630 3069 τούτῳ.
670 2979 766 3063 ὁρᾶτε
791 2978 841 3044 δέ·
865 2979 981 3046 αὐτίκα
1005 2983 1046 3066 δὴ
1069 2982 1160 3068 μάλ’,

150 3090 285 3155 ἐπειδὰν
308 3088 432 3173 ἀναστῇ
455 3088 493 3152 τὸ
517 3088 747 3171 δικαστήριον,
775 3076 823 3162 είς
845 3084 981 3163 ἕκαστος
1003 3088 1113 3173 ὑμῶν,
1141 3091 1160 3157 6

150 3192 211 3280 μὲν
242 3203 367 3260 θᾶττον
396 3200 489 3276 λ’σως,
522 3192 540 3258 6
570 3190 605 3259 δέ
634 3195 863 3278 σχολαίτερον,
893 3188 998 3258 οἴκαδ’
1029 3196 1160 3263 άπεισιν

150 3301 251 3367 οὐδέν
268 3325 306 3385 γε
325 3303 510 3385 φροντίζων
529 3296 608 3365 οὐδὲ
622 3301 926 3386 μεταστρεφόμενος
940 3297 1019 3366 οὐδὲ
1034 3304 1159 3387 φοβού-

150 3431 263 3492 μενος,
291 3402 360 3473 οὔτ’
387 3409 418 3472 εί
444 3409 542 3490 φίλος
569 3401 639 3471 οὔτ’
666 3408 698 3472 εί
722 3407 765 3491 μὴ
790 3409 888 3491 φίλος
910 3406 999 3494 αὑτῷ
1024 3411 1159 3476 συντεύ-

153 3513 241 3591 ξεταί
260 3537 323 3596 τις,
349 3512 431 3579 οὐδέ
450 3508 482 3597 γ’
509 3515 541 3579 εί
561 3513 661 3598 μέγας
683 3513 703 3598 ἢ
727 3516 856 3599 μικρός,
880 3511 952 3579 οὐδ’
981 3515 1158 3603 ίσχυρὸςῆ
