2612 3918
442 165 523 218 κατ’
543 167 806 220 mammon.
1068 165 1130 231 123

10 321 11 360 λ
121 328 278 411 Ἀθηναῖοι
305 330 501 414 ἀρχαιρεσίας·
534 331 566 392 έν
593 325 642 404 αίς
668 329 797 412 άναρχος
826 327 845 409 ἡ
871 325 983 409 Ἀττικὴ
1010 323 1059 410 ἡν.
1086 329 1136 392 -έν

122 430 242 502 ταύταις
264 429 478 510 προεβάλλοντο
500 429 569 501 τοὺς
591 425 741 509 όίρχοντας.
787 420 877 509 ἡρχον
901 420 957 490 οὖν
980 428 1012 489 οί
1031 433 1135 488 πεντα·

122 525 218 587 κόσιοι
238 523 291 598 τὰς
313 527 480 608 τριακοσίας
501 526 685 605 πεντὴκοντα
707 522 826 607 ἡμέρας.
864 521 926 587 ἀλλ’
947 524 1047 604 ε’πειδὴ
1065 527 1136 587 πολ-

124 621 169 683 λολ
191 614 267 703 ἡσαν
291 623 346 684 καλ
369 623 514 703 δυσχερῶς
530 620 626 701 ἡνυον
645 622 680 684 τὰ
698 623 862 704 πράγματα,
885 624 995 685 διεῖλον
1013 619 1136 694 ἑαυτοὺς

123 721 165 792 είς
189 717 259 780 δέκα
281 721 402 802 μερίδας
424 717 498 780 κατὰ
519 719 572 792 τὰς
594 720 709 800 φυλάς,
732 720 790 781 άνδι
813 721 1007 798 πεντήκοντα·
1032 721 1136 782 τοσοό·

124 839 192 890 τους
219 815 275 898 γὰρ
303 815 409 895 έκάσιη
437 816 517 896 φνλὴ
544 819 746 899 προεβάλλετο.
792 817 864 879 ὥστε
889 816 1044 898 συνέβαινε
1066 816 1135 890 τοὺς

123 912 306 991 πεντήκοντα
327 910 426 996 άρχειν
449 922 507 974 τῶν
530 912 626 977 άλλων
649 914 707 976 άνὰ
730 915 887 998 τριάκοντα
907 913 994 976 πέντε
1016 911 1135 996 ἡμέρας.

124 1004 211 1072 αόται
231 1005 287 1092 γδιρ
310 1010 344 1072 αἱ
362 1011 519 1092 τριάκοντα
541 1010 626 1073 πέντε
648 1008 754 1092 ἡμέραι
777 1009 832 1072 εῖσλ
856 1009 890 1072 τδ
908 1009 1029 1073 δέκατον
1048 1009 1135 1094 μέρος

123 1117 176 1171 τοῦ
203 1107 355 1170 ἐνιαυτοῦ·
391 1108 508 1181 δεκάκις
534 1108 591 1191 γὰρ
618 1109 774 1190 τριάκοντα
801 1107 966 1190 τριακόσια,
997 1109 1134 1181 πεντάκις
1161 1179 1163 1186 Ι

96 1204 194 1266 ιδέκα
216 1205 407 1284 πεντήκοντα.
452 1201 515 1267 ἀλλ’
541 1205 643 1284 ε’πειδὴ
666 1206 754 1267 πάλιν
778 1206 810 1267 οῖ
828 1204 1011 1283 πεντὴκοντα
1032 1203 1135 1266 πολλοί

123 1297 200 1383 ἡσαν
222 1303 265 1376 είς
287 1301 320 1365 τὸ
343 1300 442 1385 άρχειν
465 1303 536 1384 δίμα,
559 1303 591 1365 οῖ
608 1301 680 1384 δέκα
696 1302 770 1364 κατὰ
788 1307 897 1384 κλῆρον
915 1297 958 1376 είς
975 1294 1044 1384 ἡρχε
1063 1303 1133 1380 μίαν

123 1397 235 1482 ἡμέραν
255 1409 314 1461 τῶν
332 1399 414 1480 έπτά,
438 1397 547 1480 δμοίως
566 1397 598 1461 δέ
617 1398 737 1473 ἕκαστος
754 1409 814 1462 τῶν
832 1398 929 1463 άλλων
947 1398 1004 1461 άπὸ
1022 1399 1137 1482 κλὴρον

124 1492 192 1580 ἡρχε
222 1497 277 1576 τὴν
310 1496 417 1561 ἑαυτοῦ
444 1494 572 1580 ἡμέραν,
603 1495 685 1579 άχρις
714 1489 751 1559 οὗ
777 1503 976 1578 πληρωθῶσιν
1003 1497 1037 1558 αῖ
1061 1495 1133 1558 ἑπτὰ

122 1593 236 1676 ἡμέραι.
278 1594 328 1656 καί
350 1593 506 1676 συνέβαινε
528 1601 590 1669 τοῖς
613 1594 735 1677 όίρχονσι
757 1601 833 1677 τρεῖς
856 1594 896 1674 μὴ
918 1592 1026 1675 όλρχειν.
1066 1592 1133 1656 ἕκα-

123 1709 189 1766 στος
212 1689 245 1754 δέ
267 1689 365 1775 άρχων
387 1691 421 1754 ἐν
445 1699 499 1778 μιᾷ
520 1690 615 1777 ἡμέρρι
637 1691 766 1754 ἐκαλεῖτο
789 1693 951 1771 ἐπιστάτης.
987 1690 1036 1753 διδι
1054 1689 1132 1752 τίδὲ

124 1791 195 1870 μίαν
217 1789 314 1869 μόνην
337 1782 439 1871 ἡρχεν;
463 1789 563 1869 ἐπειδὴ
587 1790 676 1864 αὐτὸς
698 1789 750 1863 τὰς
773 1796 850 1862 κλεῖς
873 1799 925 1870 τῆς
947 1787 1132 1871 ἀκροπόλεως

122 1887 285 1949 ἐπιστεύετο
308 1886 357 1949 καλ
379 1887 477 1948 πάντα
499 1887 535 1949 τὰ
557 1888 689 1969 χρήματα
710 1897 763 1968 τῆς
786 1887 905 1960 πόλεως.
946 1881 986 1948 ἵν’
1011 1878 1067 1950 οὖν
1091 1886 1131 1966 μὴ

122 1985 236 2071 έρασθὴ
262 1985 455 2067 τυραννίδος,
483 1984 532 2046 διά
556 1995 642 2048 τοῦτο
666 1986 737 2063 μίαν
760 1980 873 2065 ἡμέραν
895 1983 1018 2046 ἐποίουν
1040 1983 1131 2046 αὐτὸν

123 2081 216 2162 άρξαι.
262 2081 357 2144 ἰστέον
386 2076 414 2142 δ’
440 2082 485 2144 ότι
507 2083 540 2144 οῖ
559 2080 612 2164 μέν
635 2081 818 2160 πεντήκοντα
840 2081 999 2144 ἐκαλοῦντο
1021 2082 1132 2163 πρυτά-

123 2204 195 2260 νεις,
218 2181 249 2243 οί
269 2177 300 2241 δέ
323 2178 394 2241 δέκα
416 2179 564 2260 πρόεδροι,
587 2175 604 2240 δ
627 2177 658 2240 δὲ
682 2173 724 2252 είς
746 2178 909 2257 ἐπιστάτης.
947 2177 1076 2258 μετιτέον
1100 2177 1131 2240 δέ

122 2277 171 2340 ε’πλ
192 2275 247 2355 τὴν
270 2276 416 2338 ὑπόθεσιν
439 2286 491 2338 τοῦ
514 2273 708 2356 προκειμένου
731 2275 827 2356 λόγον.

95 2391 109 2430 ε
204 2371 300 2447 ’Ἐθος
326 2367 365 2455 ἡν
391 2373 446 2453 τὴν
474 2372 587 2454 βονλὴν
613 2382 672 2434 τῶν
699 2372 899 2434 πεντακοσίων
922 2372 1132 2453 λαμβάνουσαν

122 2472 253 2554 χρήματα
280 2469 338 2533 άπὸ
362 2481 415 2532 τοῦ
439 2471 536 2550 δὴμον
558 2469 663 2546 καινὰς
685 2470 811 2552 τριὴρεις
833 2476 940 2531 ποιεῖν.
984 2469 1076 2550 νόμος
1100 2469 1132 2532 δὲ

123 2564 161 2650 ἡν
184 2567 241 2647 τὴν
262 2567 375 2649 βουλὴν
399 2567 453 2646 τὴν
476 2567 604 2642 δόξασαν
626 2572 667 2653 τῷ
690 2567 775 2654 δὴμφ
792 2572 888 2640 καλῶς
906 2566 1132 2648 βεβουλευκέναι

123 2671 352 2746 στεφανοῦσθαι.
397 2665 473 2744 αίίτη
500 2655 557 2726 οόν
579 2661 598 2744 ἡ
621 2663 731 2746 βουλὴ,
758 2663 824 2746 κερλ
845 2657 882 2742 ἡς
905 2661 921 2724 ὁ
945 2663 1045 2746 λόγος,
1072 2669 1179 2734 let-591

121 2769 217 2847 βοῦσα
239 2763 275 2825 τὰ
297 2764 428 2845 χρήματα
450 2761 483 2823 ἐκ
507 2771 559 2824 τοῦ
578 2763 676 2843 δὴμον
693 2761 745 2836 τὰς
763 2762 890 2844 τριήρεις
909 2762 965 2824 οὐκ
983 2761 1131 2843 ἐποίησεν,

121 2863 215 2925 ἐδόκει
238 2856 267 2922 δ’
288 2861 330 2934 είς
352 2860 388 2923 τὰ
410 2857 483 2921 άλλα
504 2860 601 2921 πάντα
623 2865 719 2933 καλῶς
742 2857 976 2940 βεβουλευκέναι.
1018 2857 1035 2921 δ
1056 2870 1131 2942 γοῦν

117 2955 295 3040 Ἀνδροτίων
327 2953 343 3018 ό
375 2956 487 3039 ῥήτωρ,
518 2957 681 3038 προστάτης
714 2955 756 3019 δον
787 2957 896 3035 ταύτης
926 2966 978 3036 τῆς
1010 2959 1132 3038 βουλῆς,

120 3057 230 3138 έγραψε
259 3055 401 3135 ψὴφισμα
429 3059 659 3132 στεφανωθῆναι
685 3052 740 3131 τὴν
767 3053 889 3134 βουλήν.
933 3055 1040 3116 τούτου
1067 3055 1131 3118 έλά-

120 3156 210 3235 βοντο
232 3163 285 3214 τοῦ
308 3151 500 3231 ψηφίσματος
523 3149 563 3225 ὡς
584 3149 762 3232 παρανόμως
780 3149 944 3232 γραφέντος
962 3151 1131 3231 Εὐκτήμων

120 3249 170 3312 καί
187 3249 351 3330 Διόδωρος,
373 3246 476 3330 ἐχθροί
499 3244 581 3321 όντες
603 3256 656 3310 τοῦ
677 3242 896 3328 Ἀνδροτίωνος.
932 3247 1010 3310 έστιν
1034 3241 1090 3312 οὖν
1109 3246 1129 3328 ἡ

120 3347 219 3419 στάσις
237 3344 422 3429 πραγματικὴ
441 3343 597 3426 ἔγγραφος,
619 3343 774 3423 ἐπίσκεψις
793 3344 947 3425 μέλλοντος
965 3345 1085 3428 χρόνον,
1104 3347 1132 3408 εί

98 3445 169 3506 ’δεῖ
191 3443 256 3505 τόδε
283 3452 403 3522 ποιῆσαι
430 3439 450 3522 ἡ
478 3442 505 3502 εί
531 3442 580 3504 δεῖ
602 3440 668 3503 τόδε
691 3441 798 3503 δοῦναι
819 3439 839 3522 ἡ
862 3442 912 3522 μὴ.
957 3441 1007 3502 καλ
1029 3441 1130 3522 ἐπειδὴ

119 3541 193 3620 πρὸς
216 3539 270 3620 τὴν
294 3540 394 3602 στάσιν
416 3549 469 3602 τοῦ
489 3538 576 3618 λόγου
596 3537 789 3618 συμβάλλεται
806 3536 879 3618 ἡμῖν
897 3537 930 3601 τὸ
949 3544 1059 3616 μαθεῖν
1077 3539 1129 3614 τὰς
