2612 3918
177 208 221 272 68
494 209 566 262 XXI.
588 206 869 259 ΔΗΜΟΣΘΕΝΟΤΣ

178 367 283 454 ὀργήν
310 363 341 452 γ’
367 370 417 434 ἐνι
445 376 550 452 φήσαι
576 365 803 451 πεποιηκέναι·
836 363 857 432 δ
880 363 911 432 δ’
938 363 981 432 ἂν
1003 365 1039 431 ἐκ
1061 369 1190 431 πολλοῦ
1291 385 1292 452 3

179 485 326 558 συνεχῶς
352 471 405 539 ἐπὶ
431 474 555 549 πολλάς
581 472 704 558 ἡμέρας
730 473 819 557 παρὰ
841 474 919 549 τοὺς
942 473 1066 555 νόμους
1088 472 1190 556 τράτ-
1291 513 1292 558 η

105 582 107 586 ’
178 602 246 644 των
268 603 318 656 τις
339 587 500 664 φωρᾶται,
525 577 566 644 οὑ
588 581 693 663 μόνον
717 578 825 661 δήπου
847 586 908 643 τοῦ
931 578 975 661 μή
998 571 1068 661 μετ’
1089 577 1192 662 ὀργῆς

179 683 305 770 ἀπέχει,
335 684 418 750 ἀλλὰ
444 682 500 750 καλ
527 682 797 768 βεβουλευμένως
824 682 843 749 ό
869 691 1020 760 τοιοῦτος
1046 682 1191 767 ὑβρίζων
1291 687 1292 694 ³

179 787 270 854 ἐστὶν
292 789 355 872 ήδη
379 789 533 873 φανερός.

140 916 164 955 ω
265 892 363 960 Ἀλλά
383 895 449 978 μήν
468 892 610 978 ὁπηνίκα
628 891 683 958 καὶ
702 894 888 977 πεποιηκὼς
907 891 927 959 ἃ
945 907 1117 980 κατηγορῶ
1135 893 1192 960 καὶ

178 1000 274 1085 ὑβρει
301 999 485 1082 πεποιηκὼς
510 1002 678 1083 φαίνεται,
705 1001 784 1076 τοὺς
806 1001 931 1083 νόμους
953 1001 1017 1084 ήδη
1041 1002 1095 1066 δεῖ
1115 1019 1192 1067 σκο-
1291 995 1292 1000 “

179 1115 254 1170 τείν
282 1099 308 1170 ὦ
336 1105 456 1189 ἄνδρες
484 1106 649 1170 δικασταί·
679 1105 761 1169 κατά
788 1106 852 1190 γὰρ
880 1105 1019 1184 τούτους
1041 1107 1191 1173 δικάσειν

179 1211 378 1296 ὀμωμόκατε.
415 1208 469 1275 καὶ
493 1203 650 1295 θεωρεῖθ’
675 1210 743 1298 ὅσω
765 1213 915 1294 μείζονος
938 1211 1039 1297 ὀργῆς
1060 1210 1115 1278 καὶ
1139 1216 1192 1297 ζη-

179 1320 256 1401 μίας
278 1316 407 1395 άξιοῦσι
430 1319 508 1392 τοὺς
528 1314 686 1394 ἑκουσίως
704 1314 758 1381 καὶ
777 1313 822 1381 δι’
844 1316 944 1402 ὕβριν
961 1321 1191 1402 πλημμελοῦν-

139 1443 166 1483 ω
179 1446 237 1500 τας
258 1433 325 1488 τῶν
343 1423 450 1499 άλλως
468 1443 537 1498 πως
555 1420 857 1506 ἐξαμαρτανόντων.
894 1433 1026 1507 πρῶτον
1044 1419 1106 1508 μὲν
1123 1428 1191 1490 τοί-

179 1551 244 1594 νυν
270 1530 306 1594 οί
329 1527 405 1613 περὶ
431 1537 488 1611 τῆς
514 1529 639 1611 βλάβης
667 1521 760 1594 οὑτοι
787 1529 886 1613 νόμοι
912 1528 1047 1612 πάντες,
1080 1527 1123 1594 ἵν’
1155 1530 1191 1596 ἐκ

178 1635 307 1700 τούτων
330 1635 487 1718 ἄρξωμαι,
511 1631 554 1698 άν
577 1629 638 1718 μὲν
659 1631 744 1699 ἑκὼν
762 1635 885 1720 βλάβη,
909 1635 1062 1718 διπλοῦν,
1085 1633 1128 1702 άν
1146 1635 1177 1701 δ’
1191 1646 1245 1696 528

180 1741 280 1824 άκων,
300 1739 427 1806 ἁπλοῦν
446 1741 483 1805 τὸ
501 1741 625 1823 βλάβος
643 1741 839 1805 κελεύουσιν
857 1739 1006 1805 ἐκτίνειν.
1043 1743 1190 1820 είκότως·
1291 1779 1292 1782 ¹

179 1844 197 1911 δ
226 1829 287 1931 μέν
313 1846 376 1929 γὰρ
404 1845 526 1910 παθὼν
547 1852 718 1929 πανταχοῦ
740 1841 899 1928 βοηθείας
923 1847 1050 1924 δίκαιος
1071 1850 1191 1933 τυγχά-

179 1974 263 2034 νειν,
281 1959 326 2038 τῷ
347 1952 506 2036 δράσαντι
525 1945 556 2017 δ’
577 1951 640 2017 οὐκ
659 1957 736 2035 ίσην
753 1953 816 2035 τήν
834 1951 950 2036 ὀργήν,
970 1952 1029 2018 ἐάν
1045 1949 1082 2017 θ’
1105 1953 1190 2022 ἑκὼν
1291 2015 1292 2034 .

180 2057 223 2122 άν
240 2051 268 2121 τ’
290 2058 391 2140 άκων,
414 2052 498 2136 ἔταξ’
520 2056 538 2123 δ
556 2060 667 2142 νόμος.
700 2051 807 2122 ἔπειθ’
829 2057 866 2123 οί
881 2057 1017 2143 φονικοὶ
1034 2063 1112 2137 τοὺς
1129 2057 1191 2146 μὲν
1291 2111 1292 2114 ,

179 2162 215 2230 ἐκ
242 2165 401 2249 προνοίας
428 2162 689 2256 ἀποκτιννύντας
715 2163 851 2253 θανάτῳ
877 2161 932 2228 καὶ
955 2163 1113 2253 ἀειφυγίᾳ
1135 2166 1191 2233 καί
1291 2251 1292 2258 ρ

179 2271 336 2356 δημεύσει
358 2281 425 2336 τῶν
446 2269 665 2355 ὑπαρχόντων
688 2272 849 2353 ζημιοῦσι,
872 2271 952 2346 τοὺς
970 2267 1006 2336 ’δ’
1027 2270 1192 2351 άκουσίως

139 2397 166 2435 ιι
180 2374 337 2453 αἰδέσεως
354 2373 408 2442 καὶ
428 2378 683 2460 φιλανθρωπίας
700 2379 825 2454 πολλῆς
842 2363 996 2458 ήξίωσαν.
1024 2376 1066 2442 οὐ
1085 2381 1191 2462 μόνον
1291 2399 1292 2456 s

181 2465 213 2548 δ’
233 2481 286 2548 ἐπὶ
309 2482 436 2548 τούτων
458 2491 528 2557 τοῖς
546 2481 582 2546 ἐκ
599 2479 822 2565 προαιρέσεως
839 2480 1011 2566 ὑβρισταῖς
1028 2488 1191 2568 χαλεποὺς

179 2590 278 2666 ὄντας
301 2589 386 2654 ἰδεῖν
409 2591 477 2653 ἔστι
500 2588 579 2663 τοὺς
601 2589 736 2670 νόμους,
763 2587 846 2653 άλλδι
869 2585 924 2654 καὶ
947 2585 1000 2672 ἐφ’
1026 2587 1191 2657 ἁπάντων.

179 2695 215 2759 τί
234 2695 297 2778 γάρ
320 2694 362 2777 δή
385 2686 471 2776 ποτ’,
495 2692 537 2759 άν
554 2716 605 2769 τις
623 2693 738 2776 ὀφλὼν
756 2694 854 2777 δίκην
872 2694 916 2778 μή
936 2693 1057 2780 ἐκτίνη,
1080 2691 1188 2762 οὐκέτ’

179 2795 306 2882 ἐποίησ’
333 2798 351 2865 ὁ
377 2801 480 2884 νόμος
506 2798 569 2882 τήν
595 2797 734 2882 ἐξούλην
762 2799 867 2881 ἰδίαν,
895 2797 978 2864 άλλδι
1005 2811 1190 2886 προστιμᾶν

179 2904 311 2984 ἐπέταξε
338 2913 384 2993 τῷ
413 2906 575 2993 δημοσίῳς
607 2902 663 2969 καὶ
690 2905 791 2970 πάλιν
817 2907 853 2969 τί
877 2905 919 2988 δή
946 2901 1032 2988 ποτ’,
1060 2904 1103 2971 άν
1129 2904 1191 2992 μὲν

179 3010 264 3077 ἑκὼν
295 3007 373 3096 παρ’
404 3008 537 3086 ἑκόντος
567 3032 617 3086 τις
650 3011 733 3096 λάβῃ
765 3010 928 3076 τάλαντον
958 3010 996 3076 ἓν
1027 3010 1048 3095 ή
1082 3009 1138 3078 δύ’
1168 3012 1190 3097 ή

180 3116 259 3184 δέκα
290 3115 345 3184 καὶ
376 3114 466 3182 ταῦτ’
503 3116 726 3203 άποστερήση,
763 3113 864 3181 οὐδὲν
896 3115 984 3203 αὐτῷ
1015 3118 1098 3202 πρὸς
1129 3120 1192 3203 τήν

178 3226 277 3290 πόλιν
305 3223 410 3308 ἐστίν,
438 3221 481 3288 δν
509 3218 550 3288 δὲ’
568 3230 689 3307 μικροῦ
711 3222 800 3287 πάνυ
823 3225 1003 3308 τιμήματος
1025 3223 1119 3303 άξιόν
1141 3249 1190 3303 τις

179 3331 279 3416 λάβη,
311 3332 368 3416 βίᾳ
401 3324 437 3394 δὲ
469 3325 558 3393 τοῦτ’
590 3325 765 3412 ἀφέληται,
797 3329 836 3393 τὸ
864 3335 940 3394 ίσου
966 3338 1012 3418 τρλ
1041 3329 1189 3420 δημοσίω

179 3443 364 3520 προστιμᾶν
387 3435 423 3500 οί
442 3437 541 3520 νόμοι
562 3435 773 3517 κελεύουσιν,
801 3433 883 3500 ὅσον
904 3457 966 3520 περ
988 3443 1034 3521 τῷ
1058 3436 1188 3522 ἰδιώτης

140 3556 168 3600 ιι
181 3541 232 3605 δτι
250 3534 366 3622 πάνθ’,
386 3541 447 3606 ὅσα
465 3564 515 3618 τις
533 3541 725 3623 βιαζόμενος
740 3537 884 3624 πράττει,
903 3537 987 3606 κοίν’
1005 3539 1189 3625 ἀδικήματα
