2616 3910
474 163 587 226 mum>
604 162 828 217 ΦΟΡΜῙΩΝΟΣ.
1095 157 1160 222 437

560 426 751 479 ΜΑΡΤΤΡΙΔ.

113 550 139 591 ¹1
243 535 361 612 Ῑδάθδς
387 537 503 601 τοίνυν
531 528 556 597 ὦ
584 533 704 615 ἀνδρες
727 529 916 616 Ἀθηναῖοι,
950 532 994 607 ὡς
1021 529 1164 614 ἀφεῖσαν

140 638 288 730 τουτονὶ
310 649 368 724 τῆς
391 641 595 724 μισθώσεως,
618 637 774 721 νέμονται
793 637 856 721 τὴν
874 638 1034 720 τράπεζαν
1052 633 1108 702 καὶ
1126 637 1164 702 τὸ

154 745 430 829 ἀσπιδοπηγεῖον,
458 742 517 810 καί
536 744 648 826 λαβὼν
671 743 800 828 αἵρεσιν
824 741 1086 827 Ἀπολλόδωρος,
1115 742 1165 806 αί-

155 861 259 937 ρεῖται
282 853 319 916 τὸ
343 851 603 934 ἀσπιδοπηγεῖον
626 847 698 914 ἀντὶ
721 858 779 932 τῆς
802 847 968 933 τραπέζης.
1006 851 1112 912 καίτοι
1135 849 1167 912 εί

154 951 198 1038 ῆν
221 957 289 1021 ίδία
315 981 365 1033 τις
392 955 526 1040 ἀφορμὴ
554 952 676 1044 τουτφὶ
702 956 784 1040 πρὸς
810 964 850 1040 τῆ
878 953 1031 1040 τραπέζῃ,
1063 956 1098 1017 τί
1123 953 1165 1036 δή

122 1115 126 1122 .
155 1059 226 1142 ποτ’
258 1059 300 1126 ἀν
327 1063 432 1128 είλετο
459 1071 557 1128 τοῦτο
586 1065 713 1145 μᾶλλον
740 1060 760 1143 ῆ
788 1065 917 1144 κείνην;
950 1061 1025 1126 οὔτε
1053 1060 1116 1142 γὰρ
1143 1058 1165 1143 ἡ

154 1169 321 1253 πρόσοδος
345 1163 415 1250 [ἦν]
439 1171 578 1249 πλείων,
601 1161 671 1232 ἀλλ’
698 1165 842 1231 έλάττων
865 1162 917 1253 (τὸ
940 1161 1001 1251 μέν
1023 1166 1087 1249 γὰρ
1110 1165 1165 1230 τά-

155 1279 288 1356 λαντου,
307 1273 327 1357 ἡ
347 1270 378 1338 δ’
396 1272 512 1340 ἑκατὸν
530 1281 615 1357 μνᾶς
632 1271 777 1357 ἔφερεν),
797 1273 874 1337 οὔτε
892 1273 929 1338 τὸ
945 1267 1038 1356 κτῆμ’
1056 1271 1165 1355 ῆδιον,

155 1382 187 1445 εἰ
203 1388 333 1463 προσῆν
351 1381 499 1464 χρήματα
517 1388 556 1462 τῆ
574 1377 714 1463 τραπέζῃ
734 1379 840 1460 [ίδια].
874 1374 945 1443 ἀλλ’
969 1376 1010 1443 οὐ
1028 1385 1165 1461 προσῆν.

156 1485 271 1569 διόπερ
296 1495 482 1569 σωφρονῶν
505 1484 610 1549 είλετο
632 1483 924 1567 τάσπιδοπηγεῖον·
949 1484 987 1548 τὸ
1009 1479 1070 1567 μέν
1092 1483 1218 1566 γάρῦεε

154 1587 248 1673 κτῆμ’
271 1588 453 1654 ἀκίνδυνόν
475 1586 575 1670 ἐστιν,
598 1586 619 1669 ἡ
639 1585 669 1652 δ’
692 1587 827 1671 ἐργασία
845 1589 1033 1674 προσόδους
1051 1585 1162 1673 έχουσ’

156 1695 390 1772 ἐπικινδύνους
413 1695 476 1760 ἀπὸ
499 1694 674 1778 χρημάτων
698 1693 889 1777 ἀλλοτρίων.

116 1818 143 1858 1²
245 1799 361 1867 Πολλὰ
385 1797 415 1866 δ’
438 1798 479 1862 ἀν
498 1820 548 1874 τις
565 1800 634 1882 ἔχοι
653 1797 761 1881 λέγειν
778 1798 1029 1864 κάπιδεικνύναι
1048 1809 1165 1883 σημεῖα

155 1917 215 1973 τοῦ
246 1915 368 1972 τοῦτον
400 1915 622 1989 συκοφαντεῖν
654 1901 845 1988 ἐγκαλοῦντ’
877 1903 1039 1989 ἀφορμῆυ.
1091 1903 1160 1970 ἀλλ’

157 2009 247 2096 οἶμαι
273 2011 428 2096 μέγιστον
450 2008 511 2094 μέν
534 2009 624 2076 ἐστιν
647 2009 802 2075 ἀπόντων
824 2012 1000 2095 τεκμηριον
1023 2019 1083 2076 τοῦ
1106 2035 1165 2095 μη-

157 2119 274 2201 δεμίαν
301 2119 416 2201 λαβεῖν
443 2115 600 2200 ἀφορμὴν
628 2119 675 2192 είς
701 2125 803 2181 ταῦτα
830 2119 979 2200 τουτονί,
1005 2117 1043 2182 τὸ
1066 2115 1103 2182 έν
1126 2125 1165 2201 τῆ

156 2223 319 2308 μισθώσει
347 2223 539 2307 γεγράφθαι
565 2225 830 2306 προσοφείλοντα
854 2221 913 2288 τὸν
936 2218 1084 2287 Πασίων’
1112 2219 1165 2287 ἐπὶ
1197 2203 1226 2224 ’

155 2330 216 2413 τῆν
238 2329 410 2412 τράπεζαν,
434 2326 475 2393 οῦ
498 2326 653 2392 δεδωκότ’
676 2327 832 2412 ἀφορμὴν
853 2329 984 2416 τουτφί,
1008 2327 1166 2412 δεύτερον

157 2430 193 2499 δὲ
216 2434 253 2498 τὸ
272 2442 392 2499 τοῦτον
411 2431 447 2496 ἐν
465 2441 505 2517 τῆ
523 2442 608 2516 νομῆ
627 2429 732 2516 μηδὲν
750 2433 953 2515 ἐγκαλοῦντα
972 2437 1166 2519 φαίνεσθαι,

155 2543 268 2625 τρίτον
299 2533 344 2621 δ’,
377 2537 428 2603 ὅτι
456 2525 588 2622 μισθῶν
616 2536 739 2619 ἑτέροις
764 2538 907 2623 ὕστερον
933 2539 1036 2604 ταύτὰ
1062 2549 1166 2606 ταῦτα

157 2648 231 2727 [τοῦ
258 2650 334 2709 ίσου
362 2644 555 2729 ἀργυρίου],
585 2643 626 2709 οὐ
654 2648 835 2728 φανήσεται
861 2648 1166 2729 προσμεμισθωκὼς

114 2769 142 2810 1³
157 2751 246 2815 ἰδίαν
270 2749 435 2836 ἀφορμήν.
480 2751 587 2815 καίτοι
609 2751 655 2833 εί,
680 2749 724 2833 ῆν
746 2749 765 2816 ὁ
788 2751 893 2836 πατὴρ
916 2749 1072 2838 παρέσχε,
1099 2752 1164 2819 ὑπὸ

155 2849 247 2921 τοῦδ’
264 2855 482 2942 ἀπεστερεῖτο,
506 2855 608 2923 αὐτὸν
630 2864 695 2921 νῦν
716 2865 882 2939 προσῆκεν
904 2857 1050 2922 ἄλλοθεν
1071 2861 1165 2943 πορί-

156 2979 261 3027 σαντα
290 2961 476 3028 δεδωκέναι.
522 2963 566 3038 ὡς
593 2965 709 3027 τοίνυν
731 2959 822 3028 ταῦτ’
849 2961 959 3046 ἀληθῆ
983 2959 1083 3047 λέγω,
1110 2962 1165 3029 καὶ

156 3065 351 3152 ἐμίσθωσεν
366 3067 509 3150 ὕστερον
528 3065 656 3142 Ξένωνι
678 3065 734 3134 καὶ
752 3068 914 3156 Εὐφραίφ
937 3065 992 3133 καὶ
1011 3069 1165 3154 mmmm

155 3171 211 3240 καὶ
238 3175 489 3263 Καλλιστράτῳ,
521 3172 577 3238 καὶ
609 3169 689 3241 οὐδὲ
719 3175 850 3251 τούτοις
878 3171 1041 3258 παρέδωκ’
1074 3174 1164 3239 ίδίαν

155 3280 326 3364 ἀφορμήν,
354 3278 437 3345 ἀλλὰ
463 3280 521 3357 τάς
543 3281 821 3364 παρακαταθήκας
842 3276 897 3344 καὶ
918 3279 980 3362 τῆν
1002 3278 1066 3344 ἀπὸ
1088 3280 1164 3345 τοό-

154 3409 221 3450 των
245 3385 403 3470 ἐργασίαν
425 3385 531 3469 αὐτῆν
553 3384 799 3469 ἐμισθώσαντο,
823 3382 905 3468 λαβέ
925 3408 981 3469 μοι
1003 3386 1065 3467 τῆν
1087 3385 1164 3448 τού-

153 3515 222 3556 των
244 3492 444 3576 μαρτυρίαν,
467 3490 521 3557 καὶ
544 3491 588 3570 ὡς
609 3493 646 3557 τὸ
670 3489 929 3574 ἀσπιδοπηγεῖον
953 3490 1066 3555 εἵλετο.
