2938 4180
275 153 339 218 140
583 154 670 206 xxn.
692 151 971 206 Δεηοευειιονε

274 321 353 392 ἴσως
377 317 501 399 τρόπον
524 316 657 390 εἰκότως
681 313 742 379 ούκ
765 312 917 397 εὐπορών
940 310 1116 394 ἀργυρίου,
1144 307 1164 392 ή
1187 303 1284 390 τέγος

274 422 318 498 ὡς
336 423 414 498 τοὺς
432 425 582 505 γείτονας
599 419 806 504 ὑπερβαίνοι,
829 417 849 502 ή
869 411 1048 484 ὑποδύοιθ’
1069 415 1134 480 ὑπὸ
1152 417 1283 497 κλίνην,

273 523 357 611 ὑπὲρ
380 537 440 593 τοῦ
462 528 506 612 μή
529 528 566 592 τὸ
590 523 673 610 σῶμ’
697 523 798 601 ἁλοὺς
821 525 867 600 εἰς
889 523 926 588 τὸ
950 523 1176 606 δεσμωτήριον
1193 519 1284 585 ἕλκε-

274 640 371 716 σθαι,
399 632 419 717 ή
446 631 518 697 ἀλλ’
545 633 763 716 ἀσχημονοίη,
792 629 813 696 ἀ
836 630 982 711 δούλων,
1010 628 1072 693 οὐκ
1095 625 1284 710 ἐλευθέρων

275 737 365 805 έστλν
388 741 479 824 ἔργα,
502 737 558 804 καί
580 735 677 804 ταῦθ’
699 737 764 803 ὑπὸ
788 745 845 820 τῆς
863 733 983 801 ἑαυτοῦ
1001 735 1158 818 γυναικὸς
1176 733 1283 822 ὁρῷτο

274 857 396 929 ποιῶν,
426 845 469 930 ήν
501 846 545 922 ώς
573 845 751 928 ἐλεύθερος
777 844 965 927 ἠγγυήσατο
992 839 1046 906 καὶ
1072 849 1131 924 τής
1157 843 1285 918 πόλεως

274 955 425 1036 πολίτης,
454 951 472 1017 δ
496 947 532 1017 δέ
555 951 682 1017 τούτων
705 956 809 1025 αἴτιος
828 947 1028 1034 Ἀνδροτίων
1050 953 1117 1031 ελη,
1142 945 1184 1012 δν
1206 942 1281 1012 οὐδ’

275 1054 357 1143 ὑπέρ
390 1057 494 1124 αὑτοῦ
527 1059 624 1141 δίκην
651 1057 833 1141 λαμβάνειν
860 1055 897 1142 έᾷ
924 1056 964 1120 τδι
991 1052 1202 1138 πεπραγμένα
1228 1051 1284 1118 καλ

235 1181 262 1222 ⁵⁴
276 1163 475 1249 βεβιωμένα,
504 1167 547 1248 μή
575 1166 610 1228 τί
634 1158 664 1246 γ’
691 1159 774 1246 ὑπὲρ
801 1171 859 1246 τής
884 1163 1022 1238 πόλεως;
1052 1164 1158 1226 καίτοι
1183 1165 1216 1225 εί
1234 1183 1284 1236 τις

276 1267 373 1352 ἔροιτ’
402 1270 520 1352 αὐτόν,
547 1270 605 1346 τὰς
633 1269 791 1352 εἰσφορὰς
814 1271 957 1353 πότερον
979 1263 1172 1350 τάκτήμαί
1199 1265 1283 1350 ήτά

276 1372 398 1460 σώματ’
425 1375 563 1460 ὀφείλει,
586 1377 625 1440 τά
648 1379 793 1458 κτήματα
816 1377 954 1458 φήσειεν
975 1372 1032 1456 ἀν,
1058 1379 1148 1456 είπερ
1172 1371 1282 1456 ἀληθῆ

276 1479 385 1563 λέγειν
412 1483 582 1565 βούλοιτο·
610 1481 674 1547 ἀπὸ
701 1481 765 1566 γάρ
791 1481 920 1545 τούτων
942 1469 1158 1572 εἰσφέρομεν.Ι
1192 1481 1283 1555 τίνος

276 1581 338 1652 οὖν
361 1586 459 1652 εἵνεκ’
482 1585 577 1672 ἀφείς
599 1588 699 1666 τὸτὰ
722 1589 826 1671 χωρία
850 1585 1005 1670 δημεύειν
1029 1582 1082 1650 καὶ
1101 1585 1160 1662 τὰς
1178 1587 1283 1662 οίκίας

275 1691 330 1758 καὶ
356 1687 447 1758 ταῦτ’
474 1692 697 1782 ἀπογράφειν,
725 1693 810 1768 ἔδεις
836 1689 890 1757 καὶ
917 1691 1047 1774 ὕβριζες
1068 1693 1203 1768 πολίτας
1227 1690 1282 1756 άν-

275 1800 434 1884 θρώιιους
460 1797 514 1864 καλ
541 1801 620 1876 τοὺς
646 1799 876 1879 ταλαιπώρους
903 1802 1089 1882 μετοίκους,
1117 1789 1167 1874 οἷς
1188 1796 1282 1883 ὑβρι-

235 1923 261 1967 ιο
276 1907 474 1991 στικώτερον
495 1904 516 1989 ή
540 1916 609 1982 τοῖς
632 1903 771 1981 οίκέταις
794 1915 864 1980 τοῖς
882 1913 1007 1970 σαυτοῦ
1025 1902 1193 1988 κέχρησαι;
1218 1903 1272 1969 καὶ
1284 1920 1337 1968 610

276 2016 342 2098 μήν
365 2015 397 2078 εί
412 2011 543 2078 θέλοιτε
563 2009 750 2086 σκέψασθαι
767 2013 804 2076 τί
819 2012 942 2076 δοῦλον
959 2009 980 2094 ή
1000 2008 1179 2095 ἐλεύθερον
1196 2005 1283 2075 είναι

276 2116 437 2203 διαφέρει,
459 2126 558 2182 τοῦτο
577 2116 733 2201 μέγιστον
752 2114 793 2182 ἀν
812 2117 951 2201 εὕροιτε,
970 2117 1020 2182 ότι
1038 2127 1107 2192 τοῖς
1125 2113 1186 2200 μέν
1205 2117 1282 2182 δού..

230 2253 232 2258 ·
275 2227 345 2300 λοις
377 2224 414 2288 τὸ
446 2234 540 2306 σῶμα
571 2233 638 2286 τῶν
668 2221 877 2307 ἀδικημάτων
906 2221 1060 2287 ἁπάντων
1087 2222 1282 2288 ὑπεύθυνόν

275 2329 358 2412 ἐστι,
389 2340 459 2406 τοῖς
493 2323 523 2392 δ’
555 2327 760 2413 ἐλευθέροις,
791 2327 853 2394 κάν
885 2329 925 2393 τά
954 2327 1075 2412 μέγιστ’
1107 2328 1282 2413 ἀτυχῶσιν,

274 2439 372 2503 τοῦτό
403 2433 434 2519 γ’
466 2439 571 2502 ἔνεστι
604 2447 722 2500 σῶσαι·
754 2437 801 2512 εἰς
833 2438 981 2520 χρήματα
1007 2437 1070 2519 γὰρ
1097 2436 1158 2518 τήν
1186 2437 1282 2520 δίκην

274 2541 350 2628 περὶ
373 2553 441 2608 τῶν
462 2545 626 2608 πλείστων
648 2543 744 2624 παρά
760 2544 888 2608 τούτων
910 2544 1069 2627 προσήκει
1093 2542 1281 2626 λαμβάνειν.

275 2650 293 2716 ὁ
321 2646 358 2714 δὲ
385 2648 583 2714 τούναντίον
605 2649 715 2724 εἰςτά
738 2649 886 2733 σώματα,
915 2649 1024 2732 ὥσπερ
1048 2647 1282 2731 ἀνδραπόδοις,

234 2774 260 2815 ιε
275 2754 450 2838 ἐποιήσατο
482 2756 539 2832 τὰς
567 2757 733 2841 τιμωρίας.
780 2755 867 2820 οὕτω
895 2753 926 2820 δ’
958 2753 1079 2831 ἀνίσως
1105 2753 1160 2820 καὶ
1186 2761 1282 2822 πλεο-

273 2873 429 2938 νεκτικῶς
451 2864 524 2946 ἔσχε
542 2863 625 2946 πρὸς
642 2861 737 2944 ὑμᾶς,
761 2862 845 2926 ὥστε
863 2863 922 2926 τὸν
941 2857 1001 2945 μέν
1021 2859 1140 2927 ἑαυτοῦ
1158 2861 1282 2948 πατέρα

274 2967 356 3056 ρ’)ἐτο
385 2970 471 3051 δεῖν,
500 2969 643 3054 δημοσίᾳ
671 2962 801 3033 δεθέντ’
826 2965 879 3032 ἐπὶ
906 2971 1069 3052 χρήμασιν
1097 2967 1133 3032 έν
1160 2977 1205 3056 τῷ
1230 2971 1281 3034 δε-

274 3077 465 3162 σμωτηρίρι,
491 3068 565 3158 μήτ’
595 3074 763 3141 ἀποδόντα
789 3085 891 3163 ταῦτα
918 3075 997 3156 μήτε
1024 3071 1170 3158 κριθέντ’
1202 3074 1281 3142 ἀπο-

275 3182 410 3266 δράναι,
434 3177 555 3245 τῶνδ’
582 3181 692 3246 ἀλλων
713 3185 859 3246 πολιτῶν
882 3182 940 3246 τὸν
963 3181 1007 3265 μή
1031 3181 1219 3265 δυνάμενον
1241 3184 1280 3247 τά

274 3287 393 3354 ἑαυτοῦ
419 3293 548 3370 θεῖναι,
576 3293 713 3353 οίκοθεν
738 3289 785 3364 είς
808 3288 844 3352 τὸ
868 3289 1093 3372 δεσμωτήριον
1116 3287 1279 3354 ἕλκεσθαι.

275 3389 332 3458 εἶτ’
350 3391 403 3458 ἐπὶ
421 3393 560 3474 τούτοις,
580 3393 624 3470 ὡς
643 3392 757 3459 ὁτιοῦν
775 3392 850 3472 ἐξὸν
864 3391 968 3483 ἑαυτῷ
983 3405 1101 3476 ποιεῖν,
1121 3395 1280 3479 Σινώπην

274 3499 559 3584 προσηνεχύραζεν
578 3497 632 3564 καὶ
654 3500 902 3585 Φανοστράτην,
925 3499 1126 3586 ἀνθρώπους
1144 3503 1283 3584 πόρνας,
