<?xml version="1.0" encoding="UTF-8"?>
<!DOCTYPE html PUBLIC "-//W3C//DTD XHTML 1.0 Transitional//EN"
    "http://www.w3.org/TR/xhtml1/DTD/xhtml1-transitional.dtd">
<html xmlns="http://www.w3.org/1999/xhtml" xml:lang="en" lang="en">
 <head>
  <title>
</title>
<meta http-equiv="Content-Type" content="text/html;charset=utf-8" />
  <meta name='ocr-system' content='tesseract 3.04.00' />
  <meta name='ocr-capabilities' content='ocr_page ocr_carea ocr_par ocr_line ocrx_word'/>
</head>
<body>
  <div class='ocr_page' id='page_1' title='image "./orationes00demogoog_0425.png"; bbox 0 0 2590 3900; ppageno 0'>
   <div class='ocr_carea' id='block_1_1' title="bbox 156 173 860 237">
    <p class='ocr_par' dir='ltr' id='par_1_1' title="bbox 156 173 860 237">
     <span class='ocr_line' id='line_1_1' title="bbox 156 173 860 237; baseline -0.016 0"><span class='ocrx_word' id='word_1_1' title='bbox 156 173 222 237; x_wconf 76' lang='lat'><strong><em>274</em></strong></span> <span class='ocrx_word' id='word_1_2' title='bbox 460 175 556 230; x_wconf 76' lang='lat' dir='ltr'><strong><em>mv.</em></strong></span> <span class='ocrx_word' id='word_1_3' title='bbox 579 174 860 230; x_wconf 75' lang='grc' dir='ltr'><strong><em>ΔΗειοεοεαονε</em></strong></span> 
     </span>
    </p>
   </div>
   <div class='ocr_carea' id='block_1_2' title="bbox 99 330 1218 3489">
    <p class='ocr_par' dir='ltr' id='par_1_2' title="bbox 152 330 1166 1058">
     <span class='ocr_line' id='line_1_2' title="bbox 154 330 1166 422; baseline 0 -21"><span class='ocrx_word' id='word_1_4' title='bbox 154 334 209 402; x_wconf 84' lang='grc' dir='ltr'><strong><em>καλ</em></strong></span> <span class='ocrx_word' id='word_1_5' title='bbox 232 338 385 422; x_wconf 81' lang='grc' dir='ltr'><em>μετρίους</em></span> <span class='ocrx_word' id='word_1_6' title='bbox 408 331 504 419; x_wconf 82' lang='grc' dir='ltr'><strong><em>εἶναι,</em></strong></span> <span class='ocrx_word' id='word_1_7' title='bbox 527 334 606 402; x_wconf 93' lang='grc' dir='ltr'><strong><em>τάδε</em></strong></span> <span class='ocrx_word' id='word_1_8' title='bbox 628 336 690 420; x_wconf 79' lang='grc' dir='ltr'><strong><em>χρη</em></strong></span> <span class='ocrx_word' id='word_1_9' title='bbox 710 347 855 401; x_wconf 97' lang='grc' dir='ltr'><strong><em>σκοπεῖν.</em></strong></span> <span class='ocrx_word' id='word_1_10' title='bbox 892 337 983 402; x_wconf 79' lang='grc' dir='ltr'><strong><em>ἔστιν</em></strong></span> <span class='ocrx_word' id='word_1_11' title='bbox 1002 330 1028 401; x_wconf 81' lang='grc' dir='ltr'><strong>ὦ</strong></span> <span class='ocrx_word' id='word_1_12' title='bbox 1048 336 1166 420; x_wconf 77' lang='grc' dir='ltr'><strong><em>ἄνδρες</em></strong></span> 
     </span>
     <span class='ocr_line' id='line_1_3' title="bbox 152 435 1166 526; baseline -0.003 -18"><span class='ocrx_word' id='word_1_13' title='bbox 152 435 325 526; x_wconf 84' lang='grc' dir='ltr'><strong><em>Ἀθηναῖοι</em></strong></span> <span class='ocrx_word' id='word_1_14' title='bbox 349 437 402 508; x_wconf 86' lang='grc' dir='ltr'><strong><em>δύ’</em></strong></span> <span class='ocrx_word' id='word_1_15' title='bbox 424 443 508 526; x_wconf 89' lang='grc' dir='ltr'><strong><em>εἰδη,</em></strong></span> <span class='ocrx_word' id='word_1_16' title='bbox 531 440 605 525; x_wconf 81' lang='grc' dir='ltr'><strong><em>περὶ</em></strong></span> <span class='ocrx_word' id='word_1_17' title='bbox 629 435 676 507; x_wconf 83' lang='grc' dir='ltr'><strong><em>ὧν</em></strong></span> <span class='ocrx_word' id='word_1_18' title='bbox 699 435 761 507; x_wconf 84' lang='grc' dir='ltr'><strong><em>είσ’</em></strong></span> <span class='ocrx_word' id='word_1_19' title='bbox 783 442 818 508; x_wconf 89' lang='grc' dir='ltr'><strong><em>οί</em></strong></span> <span class='ocrx_word' id='word_1_20' title='bbox 838 443 936 526; x_wconf 92' lang='grc' dir='ltr'><strong><em>νόμοι</em></strong></span> <span class='ocrx_word' id='word_1_21' title='bbox 959 443 1041 507; x_wconf 85' lang='grc' dir='ltr'><strong><em>κατὰ</em></strong></span> <span class='ocrx_word' id='word_1_22' title='bbox 1061 441 1166 519; x_wconf 86' lang='grc' dir='ltr'><strong><em>πάσας</em></strong></span> 
     </span>
     <span class='ocr_line' id='line_1_4' title="bbox 153 542 1166 633; baseline 0 -21"><span class='ocrx_word' id='word_1_23' title='bbox 153 549 210 625; x_wconf 82' lang='grc' dir='ltr'><strong><em>τάς</em></strong></span> <span class='ocrx_word' id='word_1_24' title='bbox 233 551 358 626; x_wconf 84' lang='grc' dir='ltr'><strong><em>πόλεις·</em></strong></span> <span class='ocrx_word' id='word_1_25' title='bbox 382 542 430 614; x_wconf 83' lang='grc' dir='ltr'><strong><em>ὧν</em></strong></span> <span class='ocrx_word' id='word_1_26' title='bbox 452 550 489 614; x_wconf 89' lang='grc' dir='ltr'><strong><em>τὸ</em></strong></span> <span class='ocrx_word' id='word_1_27' title='bbox 513 547 574 632; x_wconf 83' lang='grc' dir='ltr'><strong><em>μέν</em></strong></span> <span class='ocrx_word' id='word_1_28' title='bbox 597 547 677 630; x_wconf 78' lang='grc' dir='ltr'><strong><em>ἐστι,</em></strong></span> <span class='ocrx_word' id='word_1_29' title='bbox 701 544 745 613; x_wconf 94' lang='grc' dir='ltr'><strong><em>δι’</em></strong></span> <span class='ocrx_word' id='word_1_30' title='bbox 773 543 821 614; x_wconf 80' lang='grc' dir='ltr'><strong><em>ὧν</em></strong></span> <span class='ocrx_word' id='word_1_31' title='bbox 842 545 989 633; x_wconf 80' lang='grc' dir='ltr'><strong><em>χρώμεθ’</em></strong></span> <span class='ocrx_word' id='word_1_32' title='bbox 1012 546 1166 631; x_wconf 83' lang='grc' dir='ltr'><strong><em>ἀλλήλοις</em></strong></span> 
     </span>
     <span class='ocr_line' id='line_1_5' title="bbox 152 651 1166 738; baseline 0 -20"><span class='ocrx_word' id='word_1_33' title='bbox 152 651 208 720; x_wconf 83' lang='grc' dir='ltr'><strong><em>καὶ</em></strong></span> <span class='ocrx_word' id='word_1_34' title='bbox 236 655 503 738; x_wconf 79' lang='grc' dir='ltr'><strong><em>συναλλάττομεν</em></strong></span> <span class='ocrx_word' id='word_1_35' title='bbox 529 651 585 720; x_wconf 83' lang='grc' dir='ltr'><strong><em>καὶ</em></strong></span> <span class='ocrx_word' id='word_1_36' title='bbox 612 651 687 737; x_wconf 80' lang='grc' dir='ltr'><strong><em>περί</em></strong></span> <span class='ocrx_word' id='word_1_37' title='bbox 714 665 781 720; x_wconf 85' lang='grc' dir='ltr'><strong><em>τῶν</em></strong></span> <span class='ocrx_word' id='word_1_38' title='bbox 810 655 906 719; x_wconf 94' lang='grc' dir='ltr'><strong><em>ἰδίων</em></strong></span> <span class='ocrx_word' id='word_1_39' title='bbox 929 652 951 719; x_wconf 81' lang='grc' dir='ltr'><strong><em>δ</em></strong></span> <span class='ocrx_word' id='word_1_40' title='bbox 973 653 1035 738; x_wconf 81' lang='grc' dir='ltr'><strong><em>χρὴ</em></strong></span> <span class='ocrx_word' id='word_1_41' title='bbox 1058 664 1166 719; x_wconf 79' lang='grc' dir='ltr'><strong><em>ποιεῖν</em></strong></span> 
     </span>
     <span class='ocr_line' id='line_1_6' title="bbox 154 758 1166 845; baseline 0 -21"><span class='ocrx_word' id='word_1_42' title='bbox 154 761 361 845; x_wconf 75' lang='grc' dir='ltr'><strong><em>διωρίσμεθα</em></strong></span> <span class='ocrx_word' id='word_1_43' title='bbox 383 758 439 826; x_wconf 83' lang='grc' dir='ltr'><strong><em>καὶ</em></strong></span> <span class='ocrx_word' id='word_1_44' title='bbox 463 763 567 842; x_wconf 74' lang='grc' dir='ltr'><strong><em>ζῶμεν</em></strong></span> <span class='ocrx_word' id='word_1_45' title='bbox 589 759 674 837; x_wconf 83' lang='grc' dir='ltr'><strong><em>ὅλως</em></strong></span> <span class='ocrx_word' id='word_1_46' title='bbox 695 761 736 826; x_wconf 82' lang='grc' dir='ltr'><strong><em>τά</em></strong></span> <span class='ocrx_word' id='word_1_47' title='bbox 759 761 842 844; x_wconf 89' lang='grc' dir='ltr'><strong><em>πρὸς</em></strong></span> <span class='ocrx_word' id='word_1_48' title='bbox 863 758 947 844; x_wconf 80' lang='grc' dir='ltr'><strong><em>ἡμᾶς</em></strong></span> <span class='ocrx_word' id='word_1_49' title='bbox 971 759 1103 841; x_wconf 80' lang='grc' dir='ltr'><strong><em>αὐτούς,</em></strong></span> <span class='ocrx_word' id='word_1_50' title='bbox 1129 761 1166 825; x_wconf 90' lang='grc' dir='ltr'><strong><em>τὸ</em></strong></span> 
     </span>
     <span class='ocr_line' id='line_1_7' title="bbox 153 862 1166 953; baseline -0.002 -21"><span class='ocrx_word' id='word_1_51' title='bbox 153 862 199 949; x_wconf 88' lang='grc' dir='ltr'><strong><em>δ’,</em></strong></span> <span class='ocrx_word' id='word_1_52' title='bbox 228 865 267 932; x_wconf 86' lang='grc' dir='ltr'><strong><em>δν</em></strong></span> <span class='ocrx_word' id='word_1_53' title='bbox 293 869 419 952; x_wconf 79' lang='grc' dir='ltr'><strong><em>τρόπον</em></strong></span> <span class='ocrx_word' id='word_1_54' title='bbox 447 867 500 931; x_wconf 91' lang='grc' dir='ltr'><strong><em>δεῖ</em></strong></span> <span class='ocrx_word' id='word_1_55' title='bbox 524 873 570 953; x_wconf 71' lang='grc' dir='ltr'><strong><em>τῷ</em></strong></span> <span class='ocrx_word' id='word_1_56' title='bbox 599 875 701 953; x_wconf 73' lang='grc' dir='ltr'><strong><em>κοινῷ</em></strong></span> <span class='ocrx_word' id='word_1_57' title='bbox 724 875 782 950; x_wconf 78' lang='grc' dir='ltr'><strong><em>τῆς</em></strong></span> <span class='ocrx_word' id='word_1_58' title='bbox 804 867 930 942; x_wconf 89' lang='grc' dir='ltr'><strong><em>πόλεως</em></strong></span> <span class='ocrx_word' id='word_1_59' title='bbox 953 863 1000 931; x_wconf 78' lang='grc' dir='ltr'><strong><em>ἕν’</em></strong></span> <span class='ocrx_word' id='word_1_60' title='bbox 1027 864 1166 931; x_wconf 78' lang='grc' dir='ltr'><strong><em>ἕκαστον</em></strong></span> 
     </span>
     <span class='ocr_line' id='line_1_8' title="bbox 152 969 1166 1058; baseline -0.002 -20"><span class='ocrx_word' id='word_1_61' title='bbox 152 970 247 1055; x_wconf 81' lang='grc' dir='ltr'><strong><em>ἡμῶν</em></strong></span> <span class='ocrx_word' id='word_1_62' title='bbox 269 978 430 1058; x_wconf 80' lang='grc' dir='ltr'><strong><em>χρῆσθαι,</em></strong></span> <span class='ocrx_word' id='word_1_63' title='bbox 455 970 497 1037; x_wconf 86' lang='grc' dir='ltr'><strong><em>άν</em></strong></span> <span class='ocrx_word' id='word_1_64' title='bbox 520 971 756 1037; x_wconf 81' lang='grc' dir='ltr'><strong><em>πολιτεύεσθαι</em></strong></span> <span class='ocrx_word' id='word_1_65' title='bbox 778 971 939 1055; x_wconf 84' lang='grc' dir='ltr'><strong><em>βούληται</em></strong></span> <span class='ocrx_word' id='word_1_66' title='bbox 960 969 1016 1036; x_wconf 82' lang='grc' dir='ltr'><strong><em>καὶ</em></strong></span> <span class='ocrx_word' id='word_1_67' title='bbox 1039 980 1087 1056; x_wconf 77' lang='grc' dir='ltr'><strong><em>φῇ</em></strong></span> <span class='ocrx_word' id='word_1_68' title='bbox 1111 974 1166 1055; x_wconf 80' lang='grc' dir='ltr'><strong><em>κή-</em></strong></span> 
     </span>
    </p>

    <p class='ocr_par' dir='ltr' id='par_1_3' title="bbox 99 1073 1168 2117">
     <span class='ocr_line' id='line_1_9' title="bbox 99 1073 1168 1162; baseline 0.006 -26"><span class='ocrx_word' id='word_1_69' title='bbox 99 1095 139 1137; x_wconf 86' lang='grc' dir='ltr'><strong><em>ιεε</em></strong></span> <span class='ocrx_word' id='word_1_70' title='bbox 154 1077 274 1143; x_wconf 91' lang='grc' dir='ltr'><strong><em>δεσθαι</em></strong></span> <span class='ocrx_word' id='word_1_71' title='bbox 305 1087 363 1162; x_wconf 80' lang='grc' dir='ltr'><strong><em>τῆς</em></strong></span> <span class='ocrx_word' id='word_1_72' title='bbox 395 1080 528 1156; x_wconf 90' lang='grc' dir='ltr'><strong><em>πόλεως.</em></strong></span> <span class='ocrx_word' id='word_1_73' title='bbox 580 1076 729 1154; x_wconf 78' lang='grc' dir='ltr'><strong><em>ἐκείνους</em></strong></span> <span class='ocrx_word' id='word_1_74' title='bbox 760 1073 821 1161; x_wconf 78' lang='grc' dir='ltr'><strong><em>μδν</em></strong></span> <span class='ocrx_word' id='word_1_75' title='bbox 852 1081 970 1142; x_wconf 89' lang='grc' dir='ltr'><strong><em>τοίνυν</em></strong></span> <span class='ocrx_word' id='word_1_76' title='bbox 1000 1079 1080 1154; x_wconf 84' lang='grc' dir='ltr'><strong><em>τοὺς</em></strong></span> <span class='ocrx_word' id='word_1_77' title='bbox 1111 1079 1168 1142; x_wconf 91' lang='grc' dir='ltr'><strong><em>νό-</em></strong></span> 
     </span>
     <span class='ocr_line' id='line_1_10' title="bbox 153 1180 1166 1269; baseline -0.004 -19"><span class='ocrx_word' id='word_1_78' title='bbox 153 1206 236 1268; x_wconf 88' lang='grc' dir='ltr'><strong><em>μους</em></strong></span> <span class='ocrx_word' id='word_1_79' title='bbox 262 1187 340 1261; x_wconf 87' lang='grc' dir='ltr'><strong><em>τοὺς</em></strong></span> <span class='ocrx_word' id='word_1_80' title='bbox 367 1182 442 1269; x_wconf 81' lang='grc' dir='ltr'><strong><em>περὶ</em></strong></span> <span class='ocrx_word' id='word_1_81' title='bbox 465 1195 532 1249; x_wconf 88' lang='grc' dir='ltr'><strong><em>τῶν</em></strong></span> <span class='ocrx_word' id='word_1_82' title='bbox 556 1185 662 1267; x_wconf 90' lang='grc' dir='ltr'><strong><em>ἰδίων,</em></strong></span> <span class='ocrx_word' id='word_1_83' title='bbox 685 1183 789 1268; x_wconf 79' lang='grc' dir='ltr'><strong><em>ἠπίως</em></strong></span> <span class='ocrx_word' id='word_1_84' title='bbox 812 1188 947 1249; x_wconf 86' lang='grc' dir='ltr'><strong><em>κεῖσθαι</em></strong></span> <span class='ocrx_word' id='word_1_85' title='bbox 968 1180 1025 1249; x_wconf 83' lang='grc' dir='ltr'><strong><em>καί</em></strong></span> <span class='ocrx_word' id='word_1_86' title='bbox 1048 1187 1166 1267; x_wconf 90' lang='grc' dir='ltr'><strong><em>φιλαυ-</em></strong></span> 
     </span>
     <span class='ocr_line' id='line_1_11' title="bbox 153 1284 1168 1374; baseline 0.001 -20"><span class='ocrx_word' id='word_1_87' title='bbox 153 1289 297 1374; x_wconf 85' lang='grc' dir='ltr'><strong><em>θρώπως</em></strong></span> <span class='ocrx_word' id='word_1_88' title='bbox 333 1287 416 1374; x_wconf 75' lang='grc' dir='ltr'><strong><em>ὑπὲρ</em></strong></span> <span class='ocrx_word' id='word_1_89' title='bbox 452 1301 519 1355; x_wconf 88' lang='grc' dir='ltr'><strong><em>τῶν</em></strong></span> <span class='ocrx_word' id='word_1_90' title='bbox 555 1293 690 1357; x_wconf 86' lang='grc' dir='ltr'><strong><em>πολλῶν</em></strong></span> <span class='ocrx_word' id='word_1_91' title='bbox 726 1287 810 1355; x_wconf 78' lang='grc' dir='ltr'><strong><em>ἐστί·</em></strong></span> <span class='ocrx_word' id='word_1_92' title='bbox 856 1290 977 1355; x_wconf 84' lang='grc' dir='ltr'><strong><em>τούσδε</em></strong></span> <span class='ocrx_word' id='word_1_93' title='bbox 1015 1284 1052 1354; x_wconf 71' lang='grc' dir='ltr'><strong><em>δὲ</em></strong></span> <span class='ocrx_word' id='word_1_94' title='bbox 1088 1291 1168 1366; x_wconf 83' lang='grc' dir='ltr'><strong><em>τοὺς</em></strong></span> 
     </span>
     <span class='ocr_line' id='line_1_12' title="bbox 152 1393 1168 1481; baseline 0 -21"><span class='ocrx_word' id='word_1_95' title='bbox 152 1393 228 1480; x_wconf 80' lang='grc' dir='ltr'><strong><em>περὶ</em></strong></span> <span class='ocrx_word' id='word_1_96' title='bbox 250 1405 318 1461; x_wconf 87' lang='grc' dir='ltr'><strong><em>τῶν</em></strong></span> <span class='ocrx_word' id='word_1_97' title='bbox 341 1396 424 1480; x_wconf 88' lang='grc' dir='ltr'><strong><em>πρὸς</em></strong></span> <span class='ocrx_word' id='word_1_98' title='bbox 445 1397 482 1460; x_wconf 88' lang='grc' dir='ltr'><strong><em>τὸ</em></strong></span> <span class='ocrx_word' id='word_1_99' title='bbox 502 1396 676 1480; x_wconf 87' lang='grc' dir='ltr'><strong><em>δημόσιον,</em></strong></span> <span class='ocrx_word' id='word_1_100' title='bbox 699 1395 898 1461; x_wconf 86' lang='grc' dir='ltr'><strong><em>τούναντίον</em></strong></span> <span class='ocrx_word' id='word_1_101' title='bbox 917 1397 1061 1481; x_wconf 75' lang='grc' dir='ltr'><strong><em>ἰσχυρῶς</em></strong></span> <span class='ocrx_word' id='word_1_102' title='bbox 1079 1397 1168 1480; x_wconf 80' lang='grc' dir='ltr'><strong><em>ἔχειν</em></strong></span> 
     </span>
     <span class='ocr_line' id='line_1_13' title="bbox 153 1497 1162 1587; baseline 0 -22"><span class='ocrx_word' id='word_1_103' title='bbox 153 1498 208 1566; x_wconf 80' lang='grc' dir='ltr'><strong><em>καί</em></strong></span> <span class='ocrx_word' id='word_1_104' title='bbox 234 1505 382 1586; x_wconf 80' lang='grc' dir='ltr'><strong><em>χαλεπῶς</em></strong></span> <span class='ocrx_word' id='word_1_105' title='bbox 409 1497 492 1583; x_wconf 72' lang='grc' dir='ltr'><strong><em>ὑπὲρ</em></strong></span> <span class='ocrx_word' id='word_1_106' title='bbox 519 1500 613 1585; x_wconf 88' lang='grc' dir='ltr'><strong><em>ὑμῶν</em></strong></span> <span class='ocrx_word' id='word_1_107' title='bbox 641 1499 745 1566; x_wconf 77' lang='grc' dir='ltr'><strong><em>ἐστίν·</em></strong></span> <span class='ocrx_word' id='word_1_108' title='bbox 774 1500 861 1566; x_wconf 81' lang='grc' dir='ltr'><strong><em>οὕτω</em></strong></span> <span class='ocrx_word' id='word_1_109' title='bbox 888 1502 953 1587; x_wconf 80' lang='grc' dir='ltr'><strong><em>γάρ</em></strong></span> <span class='ocrx_word' id='word_1_110' title='bbox 980 1498 1022 1566; x_wconf 79' lang='grc' dir='ltr'><strong><em>ἂν</em></strong></span> <span class='ocrx_word' id='word_1_111' title='bbox 1048 1497 1162 1584; x_wconf 79' lang='grc' dir='ltr'><strong><em>ἥκισθ’</em></strong></span> 
     </span>
     <span class='ocr_line' id='line_1_14' title="bbox 154 1605 1167 1691; baseline 0 -19"><span class='ocrx_word' id='word_1_112' title='bbox 154 1606 190 1672; x_wconf 91' lang='grc' dir='ltr'><strong><em>οί</em></strong></span> <span class='ocrx_word' id='word_1_113' title='bbox 214 1608 464 1691; x_wconf 85' lang='grc' dir='ltr'><strong><em>πολιτευόμενοι</em></strong></span> <span class='ocrx_word' id='word_1_114' title='bbox 491 1608 570 1683; x_wconf 87' lang='grc' dir='ltr'><strong><em>τοὺς</em></strong></span> <span class='ocrx_word' id='word_1_115' title='bbox 597 1609 742 1682; x_wconf 84' lang='grc' dir='ltr'><strong><em>πολλοὺς</em></strong></span> <span class='ocrx_word' id='word_1_116' title='bbox 766 1605 860 1690; x_wconf 81' lang='grc' dir='ltr'><strong><em>ὑμῶν</em></strong></span> <span class='ocrx_word' id='word_1_117' title='bbox 884 1605 1039 1674; x_wconf 87' lang='grc' dir='ltr'><strong><em>άδικοῖεν.</em></strong></span> <span class='ocrx_word' id='word_1_118' title='bbox 1086 1607 1167 1673; x_wconf 82' lang='grc' dir='ltr'><strong><em>ὅταν</em></strong></span> 
     </span>
     <span class='ocr_line' id='line_1_15' title="bbox 154 1708 1167 1800; baseline 0 -22"><span class='ocrx_word' id='word_1_119' title='bbox 154 1713 196 1796; x_wconf 78' lang='grc' dir='ltr'><strong><em>δη</em></strong></span> <span class='ocrx_word' id='word_1_120' title='bbox 224 1713 330 1800; x_wconf 87' lang='grc' dir='ltr'><strong><em>τούτφ</em></strong></span> <span class='ocrx_word' id='word_1_121' title='bbox 357 1719 403 1800; x_wconf 72' lang='grc' dir='ltr'><strong><em>τῷ</em></strong></span> <span class='ocrx_word' id='word_1_122' title='bbox 431 1713 519 1799; x_wconf 78' lang='grc' dir='ltr'><strong><em>λόχῳ</em></strong></span> <span class='ocrx_word' id='word_1_123' title='bbox 546 1719 677 1796; x_wconf 84' lang='grc' dir='ltr'><strong><em>χρῆται,</em></strong></span> <span class='ocrx_word' id='word_1_124' title='bbox 707 1708 760 1776; x_wconf 81' lang='grc' dir='ltr'><strong><em>ἐπὶ</em></strong></span> <span class='ocrx_word' id='word_1_125' title='bbox 787 1708 879 1776; x_wconf 74' lang='grc' dir='ltr'><strong><em>ταῦτ’</em></strong></span> <span class='ocrx_word' id='word_1_126' title='bbox 907 1709 1087 1796; x_wconf 83' lang='grc' dir='ltr'><strong><em>άπαντᾶθ’,</em></strong></span> <span class='ocrx_word' id='word_1_127' title='bbox 1116 1713 1167 1778; x_wconf 84' lang='grc' dir='ltr'><strong><em>ὅτι</em></strong></span> 
     </span>
     <span class='ocr_line' id='line_1_16' title="bbox 154 1815 1167 1903; baseline 0.001 -21"><span class='ocrx_word' id='word_1_128' title='bbox 154 1821 232 1896; x_wconf 85' lang='grc' dir='ltr'><strong><em>τοὺς</em></strong></span> <span class='ocrx_word' id='word_1_129' title='bbox 263 1819 388 1902; x_wconf 91' lang='grc' dir='ltr'><strong><em>νόμους</em></strong></span> <span class='ocrx_word' id='word_1_130' title='bbox 420 1816 481 1882; x_wconf 84' lang='grc' dir='ltr'><strong><em>οὐκ</em></strong></span> <span class='ocrx_word' id='word_1_131' title='bbox 513 1816 661 1893; x_wconf 76' lang='grc' dir='ltr'><strong><em>ἐκείνους</em></strong></span> <span class='ocrx_word' id='word_1_132' title='bbox 692 1820 769 1894; x_wconf 85' lang='grc' dir='ltr'><strong><em>τοὺς</em></strong></span> <span class='ocrx_word' id='word_1_133' title='bbox 800 1815 884 1899; x_wconf 66' lang='grc' dir='ltr'><strong><em>ὑπὲρ</em></strong></span> <span class='ocrx_word' id='word_1_134' title='bbox 916 1817 1010 1902; x_wconf 84' lang='grc' dir='ltr'><strong><em>ὑμῶν</em></strong></span> <span class='ocrx_word' id='word_1_135' title='bbox 1040 1819 1167 1903; x_wconf 88' lang='grc' dir='ltr'><strong><em>πράους</em></strong></span> 
     </span>
     <span class='ocr_line' id='line_1_17' title="bbox 154 1919 1166 2010; baseline 0.002 -22"><span class='ocrx_word' id='word_1_136' title='bbox 154 1935 252 2006; x_wconf 90' lang='grc' dir='ltr'><strong><em>ποιεῖ,</em></strong></span> <span class='ocrx_word' id='word_1_137' title='bbox 273 1922 357 1988; x_wconf 81' lang='grc' dir='ltr'><strong><em>άλλιλ</em></strong></span> <span class='ocrx_word' id='word_1_138' title='bbox 375 1919 488 1989; x_wconf 86' lang='grc' dir='ltr'><strong><em>τούσδ’</em></strong></span> <span class='ocrx_word' id='word_1_139' title='bbox 511 1925 547 1989; x_wconf 80' lang='grc' dir='ltr'><strong><em>οἰ</em></strong></span> <span class='ocrx_word' id='word_1_140' title='bbox 566 1933 636 1999; x_wconf 86' lang='grc' dir='ltr'><strong><em>τοῖς</em></strong></span> <span class='ocrx_word' id='word_1_141' title='bbox 654 1921 922 2007; x_wconf 81' lang='grc' dir='ltr'><strong><em>πολιτευομένοις</em></strong></span> <span class='ocrx_word' id='word_1_142' title='bbox 941 1925 1050 2007; x_wconf 86' lang='grc' dir='ltr'><strong><em>φόβον</em></strong></span> <span class='ocrx_word' id='word_1_143' title='bbox 1067 1922 1166 2010; x_wconf 80' lang='grc' dir='ltr'><strong><em>παρί-</em></strong></span> 
     </span>
     <span class='ocr_line' id='line_1_18' title="bbox 153 2047 280 2117; baseline -0.016 -21"><span class='ocrx_word' id='word_1_144' title='bbox 153 2047 280 2117; x_wconf 92' lang='grc' dir='ltr'><strong><em>χουσιν.</em></strong></span> 
     </span>
    </p>

    <p class='ocr_par' dir='ltr' id='par_1_4' title="bbox 101 2130 1218 3178">
     <span class='ocr_line' id='line_1_19' title="bbox 101 2130 1166 2220; baseline 0.005 -24"><span class='ocrx_word' id='word_1_145' title='bbox 101 2155 141 2198; x_wconf 84' lang='grc' dir='ltr'><strong><em>ιει</em></strong></span> <span class='ocrx_word' id='word_1_146' title='bbox 244 2136 360 2202; x_wconf 81' lang='grc' dir='ltr'><strong><em>Πολλά</em></strong></span> <span class='ocrx_word' id='word_1_147' title='bbox 383 2132 414 2200; x_wconf 90' lang='grc' dir='ltr'><strong><em>δ’</em></strong></span> <span class='ocrx_word' id='word_1_148' title='bbox 437 2135 479 2200; x_wconf 87' lang='grc' dir='ltr'><strong><em>άν</em></strong></span> <span class='ocrx_word' id='word_1_149' title='bbox 500 2159 550 2212; x_wconf 91' lang='grc' dir='ltr'><strong><em>τις</em></strong></span> <span class='ocrx_word' id='word_1_150' title='bbox 573 2137 642 2220; x_wconf 81' lang='grc' dir='ltr'><strong><em>ἔχοι</em></strong></span> <span class='ocrx_word' id='word_1_151' title='bbox 665 2133 784 2217; x_wconf 78' lang='grc' dir='ltr'><strong><em>λέγειν,</em></strong></span> <span class='ocrx_word' id='word_1_152' title='bbox 808 2136 840 2200; x_wconf 90' lang='grc' dir='ltr'><strong><em>εί</em></strong></span> <span class='ocrx_word' id='word_1_153' title='bbox 859 2132 938 2200; x_wconf 90' lang='grc' dir='ltr'><strong><em>καθ’</em></strong></span> <span class='ocrx_word' id='word_1_154' title='bbox 960 2133 1100 2201; x_wconf 80' lang='grc' dir='ltr'><strong><em>ἕκαστον</em></strong></span> <span class='ocrx_word' id='word_1_155' title='bbox 1118 2130 1166 2203; x_wconf 77' lang='grc' dir='ltr'><strong><em>ὧν</em></strong></span> 
     </span>
     <span class='ocr_line' id='line_1_20' title="bbox 155 2238 1168 2329; baseline -0.001 -21"><span class='ocrx_word' id='word_1_156' title='bbox 155 2241 224 2329; x_wconf 77' lang='grc' dir='ltr'><strong><em>ἐρεῖ</em></strong></span> <span class='ocrx_word' id='word_1_157' title='bbox 245 2242 416 2307; x_wconf 85' lang='grc' dir='ltr'><strong><em>δεικνύναι</em></strong></span> <span class='ocrx_word' id='word_1_158' title='bbox 434 2242 591 2324; x_wconf 85' lang='grc' dir='ltr'><strong><em>βούλοιτο</em></strong></span> <span class='ocrx_word' id='word_1_159' title='bbox 610 2249 818 2325; x_wconf 86' lang='grc' dir='ltr'><strong><em>φενακισμοῦ</em></strong></span> <span class='ocrx_word' id='word_1_160' title='bbox 836 2238 892 2305; x_wconf 84' lang='grc' dir='ltr'><strong><em>καὶ</em></strong></span> <span class='ocrx_word' id='word_1_161' title='bbox 910 2242 1168 2326; x_wconf 87' lang='grc' dir='ltr'><strong><em>παρακρούσεως</em></strong></span> 
     </span>
     <span class='ocr_line' id='line_1_21' title="bbox 154 2343 1166 2432; baseline -0.001 -18"><span class='ocrx_word' id='word_1_162' title='bbox 154 2349 264 2414; x_wconf 83' lang='grc' dir='ltr'><strong><em>εἵνεκα</em></strong></span> <span class='ocrx_word' id='word_1_163' title='bbox 283 2347 506 2432; x_wconf 79' lang='grc' dir='ltr'><strong><em>ῥηθησόμενα.</em></strong></span> <span class='ocrx_word' id='word_1_164' title='bbox 535 2345 618 2412; x_wconf 87' lang='grc' dir='ltr'><strong><em>άλλδι</em></strong></span> <span class='ocrx_word' id='word_1_165' title='bbox 636 2348 676 2412; x_wconf 86' lang='grc' dir='ltr'><strong><em>τά</em></strong></span> <span class='ocrx_word' id='word_1_166' title='bbox 695 2343 755 2431; x_wconf 74' lang='grc' dir='ltr'><strong><em>μὲν</em></strong></span> <span class='ocrx_word' id='word_1_167' title='bbox 774 2347 880 2412; x_wconf 78' lang='grc' dir='ltr'><strong><em>πολλὰ</em></strong></span> <span class='ocrx_word' id='word_1_168' title='bbox 898 2349 1048 2432; x_wconf 79' lang='grc' dir='ltr'><strong><em>παρήσω,</em></strong></span> <span class='ocrx_word' id='word_1_169' title='bbox 1066 2348 1166 2432; x_wconf 88' lang='grc' dir='ltr'><strong><em>κεφά-</em></strong></span> 
     </span>
     <span class='ocr_line' id='line_1_22' title="bbox 153 2449 1218 2538; baseline -0.003 -19"><span class='ocrx_word' id='word_1_170' title='bbox 153 2459 250 2520; x_wconf 92' lang='grc' dir='ltr'><strong><em>λαιον</em></strong></span> <span class='ocrx_word' id='word_1_171' title='bbox 273 2451 304 2518; x_wconf 86' lang='grc' dir='ltr'><strong><em>δ’</em></strong></span> <span class='ocrx_word' id='word_1_172' title='bbox 326 2453 406 2537; x_wconf 83' lang='grc' dir='ltr'><strong><em>ὑμῖν</em></strong></span> <span class='ocrx_word' id='word_1_173' title='bbox 430 2453 448 2518; x_wconf 88' lang='grc' dir='ltr'><strong><em>δ</em></strong></span> <span class='ocrx_word' id='word_1_174' title='bbox 467 2449 705 2538; x_wconf 87' lang='grc' dir='ltr'><strong><em>μνημονεύσετ’</em></strong></span> <span class='ocrx_word' id='word_1_175' title='bbox 728 2453 801 2538; x_wconf 81' lang='grc' dir='ltr'><strong><em>ἐρῶ.</em></strong></span> <span class='ocrx_word' id='word_1_176' title='bbox 833 2450 977 2518; x_wconf 86' lang='grc' dir='ltr'><strong><em>σκοπεῖτ’</em></strong></span> <span class='ocrx_word' id='word_1_177' title='bbox 1000 2451 1038 2518; x_wconf 88' lang='grc' dir='ltr'><strong><em>ἰν</em></strong></span> <span class='ocrx_word' id='word_1_178' title='bbox 1056 2453 1218 2518; x_wconf 79' lang='grc' dir='ltr'><strong><em>άπασιῖσι</em></strong></span> 
     </span>
     <span class='ocr_line' id='line_1_23' title="bbox 153 2557 1166 2645; baseline -0.003 -19"><span class='ocrx_word' id='word_1_179' title='bbox 153 2571 222 2637; x_wconf 88' lang='grc' dir='ltr'><strong><em>τοῖς</em></strong></span> <span class='ocrx_word' id='word_1_180' title='bbox 245 2562 371 2642; x_wconf 82' lang='grc' dir='ltr'><strong><em>λόγοις,</em></strong></span> <span class='ocrx_word' id='word_1_181' title='bbox 398 2558 542 2636; x_wconf 79' lang='grc' dir='ltr'><strong><em>ὁπόσους</em></strong></span> <span class='ocrx_word' id='word_1_182' title='bbox 566 2557 608 2624; x_wconf 85' lang='grc' dir='ltr'><strong><em>δν</em></strong></span> <span class='ocrx_word' id='word_1_183' title='bbox 632 2557 726 2645; x_wconf 81' lang='grc' dir='ltr'><strong><em>λέχη,</em></strong></span> <span class='ocrx_word' id='word_1_184' title='bbox 749 2565 783 2624; x_wconf 89' lang='grc' dir='ltr'><strong><em>εἰ</em></strong></span> <span class='ocrx_word' id='word_1_185' title='bbox 801 2582 833 2624; x_wconf 96' lang='grc' dir='ltr'><strong><em>τι</em></strong></span> <span class='ocrx_word' id='word_1_186' title='bbox 857 2560 1035 2642; x_wconf 82' lang='grc' dir='ltr'><strong><em>δυνήσεται</em></strong></span> <span class='ocrx_word' id='word_1_187' title='bbox 1056 2568 1166 2624; x_wconf 86' lang='grc' dir='ltr'><strong><em>τοιοῦ-</em></strong></span> 
     </span>
     <span class='ocr_line' id='line_1_24' title="bbox 153 2659 1166 2748; baseline -0.001 -16"><span class='ocrx_word' id='word_1_188' title='bbox 153 2689 213 2732; x_wconf 93' lang='grc' dir='ltr'><strong><em>τον</em></strong></span> <span class='ocrx_word' id='word_1_189' title='bbox 231 2667 347 2748; x_wconf 86' lang='grc' dir='ltr'><strong><em>εἰπεῖν,</em></strong></span> <span class='ocrx_word' id='word_1_190' title='bbox 366 2661 410 2731; x_wconf 86' lang='grc' dir='ltr'><strong><em>δι’</em></strong></span> <span class='ocrx_word' id='word_1_191' title='bbox 434 2659 476 2731; x_wconf 85' lang='grc' dir='ltr'><strong><em>οὗ</em></strong></span> <span class='ocrx_word' id='word_1_192' title='bbox 495 2665 631 2745; x_wconf 81' lang='grc' dir='ltr'><strong><em>διδάξει,</em></strong></span> <span class='ocrx_word' id='word_1_193' title='bbox 652 2666 697 2742; x_wconf 82' lang='grc' dir='ltr'><strong><em>ὡς</em></strong></span> <span class='ocrx_word' id='word_1_194' title='bbox 715 2667 785 2730; x_wconf 80' lang='grc' dir='ltr'><strong><em>ἔστι</em></strong></span> <span class='ocrx_word' id='word_1_195' title='bbox 804 2666 935 2731; x_wconf 91' lang='grc' dir='ltr'><strong><em>δίκαιον</em></strong></span> <span class='ocrx_word' id='word_1_196' title='bbox 952 2665 1012 2730; x_wconf 87' lang='grc' dir='ltr'><strong><em>τὸν</em></strong></span> <span class='ocrx_word' id='word_1_197' title='bbox 1029 2663 1166 2731; x_wconf 80' lang='grc' dir='ltr'><strong><em>τιθέντα</em></strong></span> 
     </span>
     <span class='ocr_line' id='line_1_25' title="bbox 153 2769 1166 2857; baseline -0.002 -19"><span class='ocrx_word' id='word_1_198' title='bbox 153 2775 259 2857; x_wconf 93' lang='grc' dir='ltr'><strong><em>νόμον</em></strong></span> <span class='ocrx_word' id='word_1_199' title='bbox 285 2772 389 2837; x_wconf 82' lang='grc' dir='ltr'><strong><em>ταύτά</em></strong></span> <span class='ocrx_word' id='word_1_200' title='bbox 416 2772 599 2856; x_wconf 78' lang='grc' dir='ltr'><strong><em>προστάξαι</em></strong></span> <span class='ocrx_word' id='word_1_201' title='bbox 620 2769 695 2855; x_wconf 83' lang='grc' dir='ltr'><strong><em>περὶ</em></strong></span> <span class='ocrx_word' id='word_1_202' title='bbox 718 2782 785 2837; x_wconf 88' lang='grc' dir='ltr'><strong><em>τῶν</em></strong></span> <span class='ocrx_word' id='word_1_203' title='bbox 807 2773 1089 2855; x_wconf 84' lang='grc' dir='ltr'><strong><em>παρεληλυθότων</em></strong></span> <span class='ocrx_word' id='word_1_204' title='bbox 1111 2769 1166 2836; x_wconf 82' lang='grc' dir='ltr'><strong><em>καὶ</em></strong></span> 
     </span>
     <span class='ocr_line' id='line_1_26' title="bbox 153 2875 1166 2964; baseline -0.001 -20"><span class='ocrx_word' id='word_1_205' title='bbox 153 2878 246 2955; x_wconf 82' lang='grc' dir='ltr'><strong><em>τέλος</em></strong></span> <span class='ocrx_word' id='word_1_206' title='bbox 273 2878 459 2964; x_wconf 79' lang='grc' dir='ltr'><strong><em>ἐσχηκότων</em></strong></span> <span class='ocrx_word' id='word_1_207' title='bbox 486 2889 611 2960; x_wconf 87' lang='grc' dir='ltr'><strong><em>ποιεῖν,</em></strong></span> <span class='ocrx_word' id='word_1_208' title='bbox 638 2875 790 2962; x_wconf 78' lang='grc' dir='ltr'><strong><em>καὶπερὶ</em></strong></span> <span class='ocrx_word' id='word_1_209' title='bbox 813 2888 880 2942; x_wconf 89' lang='grc' dir='ltr'><strong><em>τῶν</em></strong></span> <span class='ocrx_word' id='word_1_210' title='bbox 903 2880 1092 2962; x_wconf 90' lang='grc' dir='ltr'><strong><em>μελλόντων</em></strong></span> <span class='ocrx_word' id='word_1_211' title='bbox 1113 2900 1166 2961; x_wconf 80' lang='grc' dir='ltr'><strong><em>με·</em></strong></span> 
     </span>
     <span class='ocr_line' id='line_1_27' title="bbox 153 2981 1165 3071; baseline -0.003 -20"><span class='ocrx_word' id='word_1_212' title='bbox 153 2989 329 3071; x_wconf 79' lang='grc' dir='ltr'><strong><em>νησεσθαι·</em></strong></span> <span class='ocrx_word' id='word_1_213' title='bbox 353 2983 488 3049; x_wconf 87' lang='grc' dir='ltr'><strong><em>πάντων</em></strong></span> <span class='ocrx_word' id='word_1_214' title='bbox 510 2985 572 3068; x_wconf 81' lang='grc' dir='ltr'><strong><em>γάρ</em></strong></span> <span class='ocrx_word' id='word_1_215' title='bbox 598 2985 706 3050; x_wconf 86' lang='grc' dir='ltr'><strong><em>όντων</em></strong></span> <span class='ocrx_word' id='word_1_216' title='bbox 724 2985 870 3069; x_wconf 83' lang='grc' dir='ltr'><strong><em>αἰσχρῶν</em></strong></span> <span class='ocrx_word' id='word_1_217' title='bbox 888 2981 944 3049; x_wconf 79' lang='grc' dir='ltr'><strong><em>καὶ</em></strong></span> <span class='ocrx_word' id='word_1_218' title='bbox 963 2985 1081 3049; x_wconf 81' lang='grc' dir='ltr'><strong><em>δεινῶν</em></strong></span> <span class='ocrx_word' id='word_1_219' title='bbox 1099 2994 1165 3048; x_wconf 88' lang='grc' dir='ltr'><strong><em>τῶν</em></strong></span> 
     </span>
     <span class='ocr_line' id='line_1_28' title="bbox 153 3087 1164 3178; baseline 0 -22"><span class='ocrx_word' id='word_1_220' title='bbox 153 3088 391 3177; x_wconf 77' lang='grc' dir='ltr'><strong><em>γεγραμμένων</em></strong></span> <span class='ocrx_word' id='word_1_221' title='bbox 418 3088 455 3156; x_wconf 81' lang='grc' dir='ltr'><strong><em>ἐν</em></strong></span> <span class='ocrx_word' id='word_1_222' title='bbox 481 3098 527 3178; x_wconf 77' lang='grc' dir='ltr'><strong><em>τῷ</em></strong></span> <span class='ocrx_word' id='word_1_223' title='bbox 555 3093 663 3178; x_wconf 85' lang='grc' dir='ltr'><strong><em>νόμφ,</em></strong></span> <span class='ocrx_word' id='word_1_224' title='bbox 690 3098 789 3155; x_wconf 88' lang='grc' dir='ltr'><strong><em>τοῦτο</em></strong></span> <span class='ocrx_word' id='word_1_225' title='bbox 815 3089 1007 3156; x_wconf 88' lang='grc' dir='ltr'><strong><em>δεινότατον</em></strong></span> <span class='ocrx_word' id='word_1_226' title='bbox 1028 3087 1084 3156; x_wconf 82' lang='grc' dir='ltr'><strong><em>καλ</em></strong></span> <span class='ocrx_word' id='word_1_227' title='bbox 1107 3089 1164 3174; x_wconf 86' lang='grc' dir='ltr'><strong><em>μά-</em></strong></span> 
     </span>
    </p>

    <p class='ocr_par' dir='ltr' id='par_1_5' title="bbox 100 3187 1165 3489">
     <span class='ocr_line' id='line_1_29' title="bbox 100 3187 1162 3280; baseline 0.001 -23"><span class='ocrx_word' id='word_1_228' title='bbox 100 3216 140 3258; x_wconf 82' lang='grc' dir='ltr'><strong><em>ιοε</em></strong></span> <span class='ocrx_word' id='word_1_229' title='bbox 155 3200 249 3261; x_wconf 89' lang='grc' dir='ltr'><strong><em>λιστα</em></strong></span> <span class='ocrx_word' id='word_1_230' title='bbox 276 3195 472 3279; x_wconf 92' lang='grc' dir='ltr'><strong><em>παράνομον</em></strong></span> <span class='ocrx_word' id='word_1_231' title='bbox 498 3195 688 3280; x_wconf 79' lang='grc' dir='ltr'><strong><em>γέγραπται.</em></strong></span> <span class='ocrx_word' id='word_1_232' title='bbox 734 3196 766 3261; x_wconf 92' lang='grc' dir='ltr'><strong><em>εἰ</em></strong></span> <span class='ocrx_word' id='word_1_233' title='bbox 791 3193 828 3260; x_wconf 74' lang='grc' dir='ltr'><strong><em>δὲ</em></strong></span> <span class='ocrx_word' id='word_1_234' title='bbox 855 3192 936 3279; x_wconf 84' lang='grc' dir='ltr'><strong><em>μήθ’</em></strong></span> <span class='ocrx_word' id='word_1_235' title='bbox 964 3189 1062 3272; x_wconf 86' lang='grc' dir='ltr'><strong><em>οὗτος</em></strong></span> <span class='ocrx_word' id='word_1_236' title='bbox 1089 3187 1162 3279; x_wconf 73' lang='grc' dir='ltr'><strong><em>μήτ’</em></strong></span> 
     </span>
     <span class='ocr_line' id='line_1_30' title="bbox 154 3298 1165 3384; baseline 0.001 -21"><span class='ocrx_word' id='word_1_237' title='bbox 154 3301 253 3375; x_wconf 87' lang='grc' dir='ltr'><strong><em>άλλος</em></strong></span> <span class='ocrx_word' id='word_1_238' title='bbox 272 3298 385 3383; x_wconf 81' lang='grc' dir='ltr'><strong><em>μηδεὶς</em></strong></span> <span class='ocrx_word' id='word_1_239' title='bbox 403 3309 501 3367; x_wconf 85' lang='grc' dir='ltr'><strong><em>τοῦτο</em></strong></span> <span class='ocrx_word' id='word_1_240' title='bbox 521 3301 699 3384; x_wconf 81' lang='grc' dir='ltr'><strong><em>δυνήσεται</em></strong></span> <span class='ocrx_word' id='word_1_241' title='bbox 716 3300 830 3382; x_wconf 87' lang='grc' dir='ltr'><strong><em>δεῖξαι,</em></strong></span> <span class='ocrx_word' id='word_1_242' title='bbox 840 3299 964 3364; x_wconf 81' lang='grc' dir='ltr'><strong><em>εἰδέναι</em></strong></span> <span class='ocrx_word' id='word_1_243' title='bbox 972 3298 1035 3382; x_wconf 79' lang='grc' dir='ltr'><strong><em>χρη</em></strong></span> <span class='ocrx_word' id='word_1_244' title='bbox 1049 3310 1165 3383; x_wconf 86' lang='grc' dir='ltr'><strong><em>σαφῶς</em></strong></span> 
     </span>
     <span class='ocr_line' id='line_1_31' title="bbox 155 3403 1165 3489; baseline 0.001 -22"><span class='ocrx_word' id='word_1_245' title='bbox 155 3403 443 3488; x_wconf 80' lang='grc' dir='ltr'><strong><em>φενακιζομένους,</em></strong></span> <span class='ocrx_word' id='word_1_246' title='bbox 469 3404 524 3470; x_wconf 84' lang='grc' dir='ltr'><strong><em>καί</em></strong></span> <span class='ocrx_word' id='word_1_247' title='bbox 547 3407 738 3488; x_wconf 74' lang='grc' dir='ltr'><strong><em>λοχίζεσθαι</em></strong></span> <span class='ocrx_word' id='word_1_248' title='bbox 760 3405 843 3489; x_wconf 88' lang='grc' dir='ltr'><strong><em>πρὸς</em></strong></span> <span class='ocrx_word' id='word_1_249' title='bbox 865 3404 950 3489; x_wconf 84' lang='grc' dir='ltr'><strong><em>ὑμᾶς</em></strong></span> <span class='ocrx_word' id='word_1_250' title='bbox 973 3403 1105 3486; x_wconf 88' lang='grc' dir='ltr'><strong><em>αὐτούς,</em></strong></span> <span class='ocrx_word' id='word_1_251' title='bbox 1129 3403 1165 3468; x_wconf 82' lang='grc' dir='ltr'><strong><em>ἐκ</em></strong></span> 
     </span>
    </p>
   </div>
   <div class='ocr_carea' id='block_1_3' title="bbox 154 3505 1160 3598">
    <p class='ocr_par' dir='ltr' id='par_1_6' title="bbox 154 3505 1160 3598">
     <span class='ocr_line' id='line_1_32' title="bbox 154 3505 1160 3598; baseline 0.006 -30"><span class='ocrx_word' id='word_1_252' title='bbox 154 3509 244 3580; x_wconf 89' lang='grc' dir='ltr'><strong><em>τίνος</em></strong></span> <span class='ocrx_word' id='word_1_253' title='bbox 262 3505 333 3571; x_wconf 89' lang='grc' dir='ltr'><strong><em>ποτ’</em></strong></span> <span class='ocrx_word' id='word_1_254' title='bbox 352 3508 475 3593; x_wconf 82' lang='grc' dir='ltr'><strong><em>ἐπῆλθε</em></strong></span> <span class='ocrx_word' id='word_1_255' title='bbox 494 3511 600 3598; x_wconf 75' lang='grc' dir='ltr'><strong><em>τούτῳ</em></strong></span> <span class='ocrx_word' id='word_1_256' title='bbox 616 3519 752 3576; x_wconf 85' lang='grc' dir='ltr'><strong><em>τοιαῦτα</em></strong></span> <span class='ocrx_word' id='word_1_257' title='bbox 766 3515 971 3593; x_wconf 86' lang='grc' dir='ltr'><strong><em>νομοθετεῖν.</em></strong></span> <span class='ocrx_word' id='word_1_258' title='bbox 995 3507 1037 3576; x_wconf 83' lang='grc' dir='ltr'><strong><em>οὐ</em></strong></span> <span class='ocrx_word' id='word_1_259' title='bbox 1049 3505 1160 3592; x_wconf 86' lang='grc' dir='ltr'><strong><em>προῖκ’</em></strong></span> 
     </span>
    </p>
   </div>
   <div class='ocr_carea' id='block_1_4' title="bbox 0 0 1300 3900">
    <p class='ocr_par' dir='ltr' id='par_1_7' title="bbox 0 0 1300 3900">
     <span class='ocr_line' id='line_1_33' title="bbox 0 0 1300 3900; baseline 0 0"><span class='ocrx_word' id='word_1_260' title='bbox 0 0 1300 3900; x_wconf 95' lang='lat' dir='ltr'><strong><em> </em></strong></span> 
     </span>
    </p>
   </div>
  </div>
 </body>
</html>
