2612 3918
459 337 554 390 RATA
573 335 735 404 ιιοωιον,
1062 331 1108 396 93

95 493 192 564 πέντ’
223 498 337 562 εἰπεῖν.
383 498 449 580 ἔχει
476 489 508 561 δ’
534 495 647 572 οὕτως,
693 493 754 560 οὐκ
781 489 846 561 ἔστ’
873 491 926 579 ἐφ’
953 495 1017 581 δτω
1040 504 1108 558 τῶν

95 601 336 687 πεπραγμένων
364 601 428 685 έγὼ
456 603 558 686 μόνος
580 601 752 684 ήδίκημαι,
781 597 853 666 ἀλλ’
880 597 932 665 ἐπί
955 595 1017 683 μὲν
1038 609 1109 676 τοίς

96 711 145 786 είς
166 710 227 775 τὸν
249 710 351 792 χορὸν
370 706 607 791 γεγενημένοις
628 707 827 790 ἀδικήμασιν
848 704 869 788 ή
889 706 991 790 φυλή,
1014 702 1108 770 δέκα·

95 837 156 899 τον
179 812 278 899 μέρος
300 814 411 897 ὑμῶν,
437 814 665 897 συνηδίκηται,
689 810 741 877 ἐπὶ
766 808 796 877 δ’
824 803 874 888 οἷς
896 807 946 897 ἔμ’
971 809 1109 894 ὕβρισεν

96 918 152 989 καὶ
175 919 415 1003 ἐπεβούλευσεν
438 918 474 984 οί
493 920 602 1003 νόμοι,
626 915 671 983 δι’
694 917 754 994 οῦς
775 915 911 1010 ἕκαστος
930 916 1025 1000 ὑμῶν
1043 926 1109 991 σῶς

7 1077 8 1080 ¹
98 1026 202 1094 έστίν·
234 1023 287 1109 ἐφ’
314 1025 415 1090 ἅπασι
444 1021 481 1090 δέ
508 1025 639 1100 τούτοις
666 1023 685 1089 δ
707 1025 802 1105 θεός,
831 1014 857 1109 ᾧ
880 1023 1022 1107 χορηγὸς
1044 1020 1108 1104 ἐγὼ

98 1134 345 1214 καθειστήκειν,
375 1127 431 1196 καὶ
461 1131 499 1195 τὸ
530 1138 588 1212 τῆς
615 1129 721 1211 ὁσίας,
755 1126 922 1213 ὁτιδήποτ’
954 1126 1038 1210 ἐστὶ,
1070 1128 1109 1192 τὸ

51 1255 86 1295 ιιι
100 1238 224 1322 σεμνὸν
246 1234 361 1302 καὶτὸ
385 1237 585 1320 δαιμόνιον[,
609 1236 849 1319 συνηδίκηται].
892 1235 946 1299 δεί
967 1235 1008 1318 δή
1031 1233 1110 1309 τούς

100 1367 137 1427 γε
168 1340 394 1426 βουλομένους
425 1341 536 1427 ὀρθῶς
566 1341 628 1424 τήν
659 1336 740 1416 κατ’
763 1340 858 1420 ἀξίαν
888 1351 956 1405 τῶν
987 1362 1109 1421 πεπρα-

100 1443 232 1534 γμένων
258 1448 347 1532 παρὰ
372 1447 494 1512 τούτου
522 1448 619 1529 δίκην
647 1447 843 1530 λαμβάνειν,
871 1445 932 1529 οὐχ
960 1445 1004 1522 ὡς
1025 1442 1110 1530 ὑπὲρ

101 1555 182 1640 ἐμοῦ
210 1556 316 1638 μόνον
343 1554 439 1629 ὄντος
466 1561 526 1619 τοῦ
553 1554 656 1635 λόγου
683 1552 745 1634 τὴν
772 1551 877 1635 ὀργήν
902 1553 1004 1636 ἔχειν,
1035 1543 1106 1616 ἀλλ’

102 1661 147 1738 ὡς
169 1658 206 1724 ἐν
228 1658 427 1746 ταῦτςῦτῶν
447 1660 571 1742 νόμων,
595 1667 655 1723 τοῦ
673 1664 769 1740 θεοῦ,
792 1666 849 1741 τῆς
866 1659 1001 1737 πόλεως,
1026 1654 1109 1740 ὁμοῦ

102 1767 236 1832 πάντων
254 1763 475 1848 ήδικημένων,
495 1763 581 1830 ούτω
600 1770 770 1829 ποιεῖσθαι
788 1765 850 1846 τήν
865 1765 1038 1847 τιμωρίαν,
1056 1757 1110 1825 καί

102 1875 181 1948 τοὺς
202 1874 414 1956 βοηθοῦντας
434 1867 490 1938 καί
508 1872 586 1946 τούς
603 1867 919 1952 συνεξεταζομένους
936 1868 1018 1951 μετὰ
1035 1867 1111 1932 τού-

103 1999 179 2060 του,
206 1977 250 2060 μή
279 1976 487 2059 συνηγόρους
513 1977 619 2059 μόνον
642 1973 724 2040 ἀλλὰ
746 1971 803 2040 καὶ
824 1974 1023 2058 δοκιμαστὰς
1044 1983 1111 2038 τῶν

103 2080 470 2170 τούτμδπεπραγμένων
491 2074 735 2164 ὑπολαμβάνετ’
760 2075 854 2146 εἶναι.
945 2148 947 2152 ,
990 2107 993 2113 “

7 2239 8 2242 ¹
53 2205 91 2247 ινδ
192 2189 237 2254 Ec
261 2183 322 2272 μὲν
348 2189 465 2252 τοίνυν
492 2181 518 2252 ὦ
541 2187 661 2270 ἀνδρες
681 2181 852 2270 Ἀθηναῖοι
874 2185 1034 2270 σώφρονα
1056 2181 1112 2250 καὶ

105 2292 238 2379 μέτριον
266 2294 349 2377 πρὸς
375 2293 477 2358 τάλλα
502 2293 714 2378 παρεσχηκὼς
741 2290 860 2358 ἑαυτὸν
886 2292 1030 2370 Μειδίας
1056 2287 1113 2356 καὶ

105 2399 230 2485 μηδένα
252 2410 319 2464 τῶν
341 2399 452 2464 ἄλλων
472 2403 615 2464 πολιτῶν
637 2397 811 2482 ἠδικηκώς,
834 2399 881 2474 είς
901 2395 951 2481 ἔμ’
973 2396 1112 2480 ἀσελγής

105 2508 210 2590 μόνον
242 2503 328 2570 οὕτω
355 2501 410 2569 καὶ
436 2505 545 2587 βίαιος
571 2502 732 2587 ἐγεγόνει,
764 2513 896 2588 πρῶτον
923 2499 985 2586 μὲν
1011 2499 1108 2586 ἔγωγ’

106 2607 241 2697 ἀτύχημ’
264 2608 307 2675 ἀν
329 2610 472 2695 ἐμαυτοῦ
494 2607 591 2674 τοῦθ’
613 2608 775 2694 ήγούμην,
798 2605 896 2675 ἔπειτ’
918 2607 1112 2692 ἐφοβούμην

105 2716 158 2803 δν,
180 2717 225 2803 μὴ
248 2718 307 2781 τὸν
329 2715 433 2783 ἀλλον
451 2713 571 2782 ἑαυτοῦ
588 2717 664 2799 βίον
682 2709 780 2792 ούτος
798 2712 931 2799 μέτριον
949 2715 1113 2780 δεικνύων

106 2820 161 2892 καὶ
188 2823 446 2907 φιλάνθρωπον,
479 2821 714 2904 διακρούσηται
742 2821 848 2908 τούτῳ
874 2820 912 2885 τὸ
940 2821 1037 2903 δίκην
1064 2815 1112 2886 ὧν

56 2947 94 2989 ωε
108 2923 157 3014 ἔμ’
181 2927 297 3012 ύβρικε
320 2928 448 2994 δοῦναι.
483 2924 562 2994 νυνὶ
585 2924 622 2992 δέ
644 2923 776 2992 τοσαῦτ’
803 2924 904 3009 ἐστὶν,
926 2923 947 2990 δ
969 2930 1113 3004 πολλοὺς

107 3035 200 3120 ὑμῶν
217 3033 363 3118 ἠδίκηκε,
381 3029 437 3098 καί
454 3041 600 3114 τοιαῦτα,
619 3033 701 3098 ὥστε
719 3033 840 3098 τούτου
859 3027 920 3116 μέν
937 3039 998 3098 τοῦ
1015 3030 1113 3110 δέους

108 3140 326 3224 ἀπήλλαγμαι,
349 3140 519 3223 φοβοῦμαι
541 3134 578 3204 δὲ
600 3138 701 3203 πάλιν
718 3137 927 3220 τούναντίον,
950 3138 1006 3221 μή,
1029 3136 1113 3204 ἐπει·

108 3247 171 3312 δδν
197 3245 304 3312 πολλὰ
329 3240 386 3312 καὶ,
412 3237 495 3310 δείν’
521 3242 652 3327 ἑτέρους
674 3241 815 3327 ἀκούηθ’
841 3241 898 3309 ὑπ’
925 3243 1028 3309 αὐτοῦ
1045 3249 1162 3310 'us-⁶⁶²

108 3354 286 3435 πονθότας,
308 3351 459 3426 τοιοῦτός
480 3372 530 3426 τις
549 3349 630 3434 ύμίν
648 3351 804 3434 λογισμὸς
822 3348 944 3434 ἑμπέση
963 3353 1020 3432 „vi
1035 3343 1112 3428 ούν;

108 3459 150 3524 σύ
174 3452 331 3540 δεινότερ’
354 3453 375 3540 ή
398 3464 465 3520 τῶν
487 3456 597 3520 ἀλλων
620 3445 667 3532 εἷς
689 3453 824 3532 ἕκαστος
841 3455 1018 3532 πεπονθὼς
1035 3455 1114 3538 ἀγα-

108 3562 279 3640 νακτεῐςςί(
305 3561 413 3627 πάντα
439 3557 500 3645 μὲν
528 3561 569 3644 δή
596 3560 636 3625 τὰ
657 3561 763 3648 τούτῳ
785 3558 1012 3644 πεπραγμένα,
1040 3555 1110 3626 οὔτ’

109 3665 150 3734 ἀν
182 3667 248 3748 ἐγὼ
278 3667 444 3751 δυναίμην
474 3666 557 3750 πρὸς
588 3665 673 3750 ὑμᾶς
699 3668 819 3749 είπείν,
851 3660 921 3732 οὔτ’
952 3663 993 3730 ἀν
1020 3665 1115 3751 ὑμεῖς
