2644 4182
195 190 239 254 36
519 194 578 246 XX.
602 191 884 245 ΔΗΜΟΣΘΕΝΟΤΣ

195 349 422 435 ἀναγνώσεται
452 353 490 419 τὸ
521 352 717 438 ἐπίγραμμα.
764 351 828 434 έγόι
857 348 888 417 δ’
919 350 1064 437 ήγοῦμαι
1091 361 1213 418 τοῦτον

195 458 255 523 τδυ
277 460 380 542 λόγον
402 453 429 524 ὦ
453 459 572 542 ἀνδρες
591 451 766 542 Ἀθηναῖοι
788 457 871 522 κατὰ
894 443 998 522 πόλλ’
1013 456 1212 542 ἀσύμφορον

143 579 182 620 1¹⁸
195 558 282 628 εἶναι
305 572 345 650 τῇ
368 565 461 629 πόλει
482 561 651 646 λέγεσθαι,
674 564 758 648 πρὸς
777 559 814 627 δὲ
833 559 888 627 καὶ
906 557 987 629 οὐδὲ
1006 563 1146 628 δίκαιον.
1183 565 1215 629 εί

195 665 257 754 μέν
278 669 342 753 γὰρ
366 665 522 747 ἀναξίους
545 663 635 734 ελναί
654 691 704 745 τις
726 671 826 753 φήσει
849 666 1022 745 κάκείνους
1039 674 1212 751 τιμᾶσθαι,

194 777 245 852 τίς
267 775 373 856 ἀξιος,
396 774 529 858 εἰπάτω,
552 776 585 840 εί
605 777 686 859 μήτε
708 786 777 840 τῶν
799 773 971 859 προτέρων
994 771 1111 858 μηδεὶς
1131 777 1212 859 μήτε

194 891 262 946 τῶν
286 879 448 963 ὑστέραν·
474 881 506 946 εί
527 877 564 946 δέ
587 877 715 964 μηδένα
738 882 850 966 φήσει,
874 882 1147 964 συναχθεσθείην
1170 878 1213 946 ἀν

194 988 298 1069 έγαγε
321 995 361 1072 τη
384 988 490 1068 πόλει,
514 987 547 1052 εί
567 983 684 1070 μηδεὶς
706 984 743 1051 έν
766 986 888 1051 ἅπαντι
905 992 951 1073 τςό
969 987 1079 1074 χρόνφ
1098 983 1208 1069 γέγον’

195 1091 283 1170 ἀξιος
318 1085 356 1157 εὖ
385 1097 517 1157 παθεῖν.
563 1088 620 1156 καὶ
649 1090 716 1175 μήν
743 1096 778 1157 εί
800 1086 832 1174 γ’
864 1090 1039 1175 ὁμολογῶν
1066 1089 1214 1168 ἐκείνους

195 1192 282 1263 εἶναι
309 1198 515 1274 σπουδαίους
542 1196 585 1281 μή
609 1198 825 1282 τετυχηκότας
848 1197 948 1276 δείξει
970 1197 1127 1281 μηδενός,
1156 1207 1214 1282 τῆς

193 1304 321 1380 πόλεως
349 1303 393 1380 ὡς
423 1301 603 1388 ἀχαρίστου
632 1304 741 1386 δήπου
768 1312 952 1387 κατηγορεί.
998 1304 1068 1368 έστι
1094 1296 1124 1366 δ’
1151 1301 1213 1388 οὐχ

194 1407 283 1475 οὕτω
306 1401 398 1474 ταῦτ’
419 1410 549 1493 έχοντα,
573 1405 646 1473 οὐδ’
670 1407 787 1491 ὀλίγου
808 1409 891 1490 δεῖν,
914 1401 988 1473 ἀλλ’
1011 1406 1146 1473 έπειδάν
1163 1431 1214 1487 τις

196 1509 288 1599 οἶμαι
317 1525 513 1599 κακουργῶν
543 1511 597 1578 έπὶ
623 1513 668 1598 μή
695 1517 906 1598 προσήκοντα
934 1513 1108 1598 πράγματα
1133 1517 1214 1591 τοὺς

143 1639 182 1680 11⁴
196 1623 318 1704 λόγους
340 1618 521 1706 μεταφέρῃ,
545 1620 717 1705 δυσχερεῖς
735 1619 862 1704 ἀνάγκη
881 1623 1074 1706 φαίνεσθαι.
1111 1621 1156 1697 ὡς
1175 1619 1213 1687 δὲ

195 1725 340 1811 τάληθές
357 1722 387 1791 τ’
408 1728 474 1811 ἔχει
492 1722 548 1791 καλ
567 1726 698 1792 δίκαιόν
717 1723 786 1790 έστι
804 1722 925 1807 λέγειν,
944 1723 1008 1808 ἐγὼ
1027 1727 1109 1811 πρὸς
1127 1726 1214 1811 ὑμᾶς

196 1831 270 1918 ἐρῶ.
316 1827 403 1916 ήσαν
426 1826 453 1896 ὦ
477 1832 597 1915 ἀνδρες
623 1827 797 1914 Ἀθηναῖοι
820 1827 938 1897 πολλοὶ
960 1842 1028 1896 τῶν
1050 1835 1215 1917 πρότερον

197 1938 387 2020 σπουδαίοι,
410 1934 465 2002 καὶ
488 1936 509 2022 ἡ
531 1938 627 2013 πόλις
649 1935 745 2021 ήμῶν
763 1937 856 2020 ἐτίμα
875 1934 929 2002 καὶ
947 1939 1020 2002 τότε
1038 1940 1117 2015 τοὺς
1134 1937 1216 2022 ἀγα-

195 2044 295 2120 θούς·
326 2044 365 2108 αί
384 2041 498 2128 μέντοι
519 2040 611 2126 τιμαὶ
633 2040 689 2108 καὶ
713 2044 843 2124 [τάλλα]
868 2044 975 2109 πάντα
997 2044 1037 2108 τδ
1059 2041 1121 2130 μὲν
1142 2045 1212 2112 τότ’

195 2146 239 2234 ήν
262 2147 315 2216 έπλ
337 2159 408 2226 τοῖς
429 2142 495 2213 τότ’
518 2150 645 2231 ἔθεσιν,
667 2149 707 2213 τά
727 2145 764 2214 δέ
781 2157 846 2214 νῦν
865 2146 919 2214 ἐπὶ
936 2159 1007 2226 τοῖς
1024 2158 1098 2215 νῦν.
1130 2153 1216 2236 πρὸς

196 2251 260 2323 οὖν
291 2257 327 2322 τί
354 2263 453 2320 τοῦτο
480 2252 581 2337 λόγους
615 2254 666 2319 ὅτι
694 2251 833 2340 φήσαιμ’
865 2253 908 2320 ἀν
938 2249 1034 2338 ἔγωγ’
1065 2254 1216 2334 ἐκείνους

197 2363 259 2430 οὐκ
280 2357 356 2428 ἐσθ’
378 2361 456 2427 ὅτου
480 2361 569 2444 παρά
592 2368 650 2443 τής
672 2363 800 2437 πόλεως
818 2358 859 2425 οὐ
876 2371 990 2444 τνχείν
1008 2356 1057 2428 ὧν
1075 2360 1215 2446 ἐβουλή-

145 2486 183 2529 ιιτ
196 2474 317 2553 θησαν.
363 2470 430 2533 τίνι
458 2467 628 2552 χρώμενος
654 2468 833 2554 τεκμηρίφς
865 2466 916 2531 ὅτι
938 2467 1120 2554 Λυσιμάχῳ
1148 2468 1215 2533 δω-

196 2574 306 2660 ρειάν,
332 2571 383 2639 ἑνὶ
405 2584 473 2639 τῶν
495 2574 569 2637 τότε
593 2575 777 2657 χρησίμων,
800 2569 917 2637 ἑκατὸν
939 2567 1001 2654 μὲν
1024 2571 1061 2638 έν
1083 2571 1216 2661 Εὐβοίᾳ

196 2678 327 2764 πλέθρα
358 2688 419 2763 γῆς
445 2675 694 2761 πεφυτευμένης
721 2678 861 2760 ἔδοσαν,
893 2675 1011 2743 ἑκατὸν
1038 2675 1075 2743 δὲ
1101 2683 1214 2764 ψιλῆς,

197 2788 245 2853 ἔτι
269 2783 300 2850 δ’
323 2783 487 2872 ἀργυρίου
510 2793 594 2869 μνᾶς
616 2781 744 2866 ἑκατόν,
768 2781 823 2848 καὶ
840 2784 997 2867 τέτταρας
1013 2793 1071 2867 τής
1089 2782 1216 2870 ἡμέρας

197 2891 352 2978 δραχμάς.
388 2888 444 2956 καὶ
466 2891 595 2956 τούτων
617 2885 762 2974 ψήφισμ’
786 2883 852 2955 ἔστ’
875 2885 1097 2974 Ἀλκιβιάδου,
1120 2889 1157 2954 έν
1176 2881 1278 2977 ςδιεθε
1311 2887 1313 2978 ή

196 3007 300 3065 ταῦτα
322 2995 511 3082 γέγραπται.
548 2999 621 3061 τότε
644 2992 705 3081 μέν
726 2996 791 3082 γδιρ
814 2995 834 3079 ή
853 2998 949 3072 πόλις
966 2995 1061 3080 ήμῶν
1078 2993 1134 3061 καὶ
1151 3003 1215 3080 γῆς

196 3104 336 3190 ηὐπόρει
354 3099 409 3169 καὶ
427 3102 614 3189 χρημάτων,
632 3110 698 3167 νῦν
717 3098 747 3166 δ’
766 3101 955 3186 εὐπορήσει·
975 3102 1029 3166 δεί
1043 3101 1107 3186 γὰρ
1123 3100 1213 3168 οὕτω

181 3209 307 3295 Ιλέγειν
329 3207 384 3276 καὶ
406 3209 452 3294 μή
473 3211 693 3292 βλασφημείν.
729 3211 837 3274 καίτοι
859 3203 923 3272 τίν’
947 3207 1008 3273 οὐκ
1030 3205 1073 3272 ἀν
1096 3213 1214 3273 οίεσθε

197 3325 262 3382 νῦν
279 3317 318 3383 τδ
335 3318 449 3402 τρίτον
468 3312 567 3401 μέρος
584 3313 713 3380 τούτων
730 3311 805 3379 ἀντὶ
823 3323 880 3399 τῆς
897 3313 1044 3391 ἀτελείας
1060 3311 1213 3394 ἕλέσθαι;

199 3422 249 3486 ὅτι
275 3425 392 3489 τοίνυν
419 3420 529 3505 ’ἀληθή
557 3417 659 3505 λέγω,
686 3417 770 3504 λαβέ
793 3442 849 3504 μοι
871 3421 909 3486 τὸ
931 3421 1087 3504 ψήφισμα
1109 3424 1214 3488 τουτί.
1311 3477 1312 3486 ,
