2590 3900
161 208 228 273 260
463 213 561 266 XXIV.
583 210 863 266 ΔΗΜΟΣΘΕΝΟΤΣ

108 388 146 429 ιιι
159 373 255 449 κόύει
277 379 398 436 τοῦτον
420 372 479 437 τὸν
502 370 568 436 ἕνα.
606 369 787 455 γενομένης
809 366 847 436 δέ
868 371 988 453 ταύτης
1005 377 1064 454 τῆς
1082 369 1172 436 ἀπει-

160 480 218 558 λῆς
242 482 389 558 χαλεπῶς
412 476 556 560 ένεγκὼν
579 477 598 543 ό
621 475 885 562 ἑτερόφθαλμος,
907 473 964 541 καὶ
985 474 1174 560 ἡγούμενος

160 579 304 664 ἀβίωτον
331 583 418 670 αύτῷ
449 577 562 664 [εἶναι]
591 583 650 650 τὸν
674 585 750 666 βίον
772 591 871 648 τοῦτο
894 583 1054 664 παθόντι,
1082 581 1172 665 λέγε-

158 709 213 753 ται
239 690 401 771 τολμήσαι
426 690 532 772 νόμον
560 691 776 772 εἰσενεγκεῖν,
804 687 863 753 έύν
884 709 934 764 τις
956 685 1016 753 ἕνα
1038 689 1173 773 ἔχοντος

159 791 338 877 ὀφθαλμὸν
367 792 505 880 έκκόύη,
538 794 637 878 ἄμφω
664 793 863 870 ἀντεκκόψαι
889 803 1086 878 παρασχεῖν,
1116 794 1173 858 ἵνα

158 905 198 982 τή
218 903 272 984 ῖση
292 907 450 986 συμφορᾷ
469 898 652 985 ἀμφότεροι
668 911 821 984 χρῶνται.
853 895 910 964 καὶ
927 907 1048 965 τοῦτον
1066 901 1172 983 μόνον

158 1001 311 1086 λέγονται
338 1003 466 1089 Λοκροὶ
493 1003 619 1071 θέσθαι
645 1007 705 1072 τὸν
732 1008 838 1088 νόμον
865 1003 903 1071 έν
929 1011 1025 1070 πλεῖν
1051 1003 1072 1087 ή
1101 1005 1173 1070 δια·

107 1128 145 1168 ιω
158 1112 286 1187 κοσίοις
317 1112 434 1176 έτεσιν.
479 1112 516 1178 οί
545 1106 582 1177 δέ
613 1108 691 1196 παρ’
721 1110 801 1195 ἡμῖν
834 1109 971 1197 ῥήτορες
997 1105 1024 1175 δι
1052 1110 1173 1193 ἄνδρες

157 1215 323 1298 δικασταί,
352 1227 486 1302 πρῶτον
513 1212 574 1301 μέν
602 1217 675 1283 ὅσοι
702 1225 803 1301 μήνες
830 1225 950 1302 μικροῦ
979 1215 1093 1282 δέουσι
1114 1239 1171 1282 νο-

157 1325 314 1404 μοθετεῖν
336 1322 377 1387 τὰ
399 1321 513 1399 αὑτοῖς
530 1321 756 1408 συμφέροντα,
780 1319 879 1388 ἔπειτ’
901 1319 997 1388 αὐτοὶ
1015 1318 1172 1406 μὲντοὺς

158 1427 291 1504 ἰδιώτας
322 1429 369 1504 είς
401 1429 439 1493 τὸ
472 1430 701 1514 δεσμωτήριον
733 1429 874 1512 ἄγουσιν
906 1428 987 1493 ὅταν
1014 1429 1172 1512 ἄρχωσιν,

157 1525 211 1616 ἐφ’
237 1530 366 1610 ἑαυτοῖς
394 1530 424 1600 δ’
452 1533 513 1599 οὐκ
540 1539 669 1599 οῖονται
697 1535 769 1599 δεῖν
796 1533 896 1599 ταύτὸ
925 1535 1056 1599 δίκαιον
1077 1530 1167 1599 τοῦτ’

157 1632 257 1704 εἶναι·
298 1640 408 1704 ἔπειτα
439 1641 518 1716 τοὺς
549 1634 610 1724 μέν
641 1647 701 1706 τοῦ
733 1641 893 1716 Σόλωνος
923 1641 1047 1724 νόμους
1078 1642 1158 1717 τοὺς
1172 1651 1224 1700 ⁷45

156 1742 256 1810 πάλαι
284 1742 604 1829 δεδοκιμασμένους,
632 1744 691 1822 οὓς
713 1745 750 1811 οί
768 1747 930 1830 πρόγονοι
952 1747 1086 1828 ἔθεντο,
1113 1747 1170 1811 λύ-

157 1866 255 1914 ουσιν
278 1849 388 1933 αὐτοί,
416 1862 486 1927 τοῖς
509 1844 540 1916 δ’
566 1848 710 1934 ἑαυτῶν,
739 1849 798 1927 ούς
821 1848 869 1916 ἐπ’
897 1850 1009 1937 ἀδικίᾳ
1030 1860 1089 1934 τῆς
1111 1853 1170 1916 πό-

105 1974 142 2013 ιιο
156 1961 239 2031 λειος
261 1953 407 2037 τιθέασι,
432 1963 579 2040 χρῆσθαι
601 1955 686 2041 ὑμᾶς
709 1962 837 2023 οίονται
860 1957 941 2021 δεῖν.
986 1957 1019 2022 εί
1039 1950 1102 2022 οὖν
1125 1958 1168 2042 μή

155 2063 386 2144 τιμωρήσεσθε
408 2063 558 2146 τούτους,
582 2062 645 2128 οίκι
667 2061 709 2128 ἂν
731 2062 861 2147 φθόνοι
883 2064 921 2128 τὸ
943 2067 1073 2146 πλῆθος
1093 2064 1169 2130 τού-

155 2189 226 2243 τοις
248 2178 318 2244 τοῖς
340 2169 474 2252 θηρίοις
497 2169 669 2234 δουλεῦον.
716 2162 754 2233 εὖ
779 2161 810 2233 δ’
836 2174 905 2233 ίστε
929 2162 955 2233 ὦ
978 2168 1097 2252 ἄνδρες
1120 2170 1169 2234 δι-

155 2276 288 2357 κασταί,
321 2272 372 2337 ότι
399 2272 458 2339 έδν
485 2268 545 2356 μὲν
573 2269 695 2358 σφόδρ’
727 2272 921 2358 ὀργίζησθε,
947 2267 1048 2356 ήττον
1074 2273 1168 2339 ἀσελ-

154 2387 334 2461 γανοῦσιν,
361 2376 403 2443 ἂν
429 2375 465 2444 δὲ
489 2379 550 2462 μὴ,
576 2381 722 2456 πολλοὺς
743 2382 822 2457 τούς
844 2379 993 2462 ἀσελγεῖς
1014 2379 1168 2464 εὑρήσετε

154 2481 211 2550 καὶ
242 2486 320 2560 τοὺς
353 2483 547 2569 ὑβρίζοντας
574 2484 659 2569 ὑμᾶς
686 2481 739 2550 ἐπὶ
764 2493 805 2571 τη
832 2493 893 2550 τοῦ
919 2490 1168 2570 φιλοτιμεῖσθαι

155 2591 330 2676 προφάσει.

104 2716 142 2756 ιιι
236 2695 309 2763 Ἵνα
338 2691 375 2762 δὲ
401 2693 458 2760 καὶ
484 2693 560 2781 περὶ
587 2695 718 2762 ἐκείνου
744 2701 825 2764 εῖπω
848 2706 909 2763 τοῦ
931 2698 1038 2781 νόμον
1061 2692 1088 2762 ὦ
1110 2699 1167 2763 δίν-

155 2803 232 2888 δρες
253 2803 417 2884 δικασταί,
440 2792 466 2888 ᾧ
486 2801 596 2867 ἀκούω
615 2802 747 2886 μέλλειν
764 2803 1005 2887 παραδείγματι
1021 2811 1167 2888 χρῆσθαι

154 2916 275 2974 τοῦτον
304 2905 358 2973 καὶ
386 2909 508 2990 φήσειν
532 2907 724 2974 ἀκόλουθον
747 2908 836 2996 αὐτῷ
859 2907 1051 2992 τεθηκέναι,
1079 2900 1166 2997 ένῷ

154 3016 205 3080 ένι
237 3008 340 3097 ,οὐδὲ
368 3014 460 3096 δήσω
488 3011 677 3098 Ἀθηναίων
705 3013 843 3097 οὐδένα,
874 3012 911 3092 δς
938 3011 980 3079 ἂν
1008 3012 1167 3098 ἐγγυητὰς

154 3130 243 3201 τρεῖς
265 3125 408 3204 καθιστῇ
431 3121 469 3184 τὸ
492 3119 573 3184 αύτὸ
597 3119 690 3196 τέλος
712 3124 905 3203 τελοῦντας,
926 3121 1014 3204 πλήν
1036 3119 1095 3186 έοίν
1118 3144 1168 3198 τις

156 3221 210 3289 ἐπὶ
237 3227 402 3310 προδοσίᾳ
429 3235 486 3310 τῆς
509 3227 634 3302 πόλεως
656 3224 677 3309 ή
701 3223 755 3292 έπὶ
776 3227 952 3292 καταλύσει
974 3235 1035 3291 τοῦ
1058 3227 1167 3311 δήμου

155 3329 283 3394 συνιὼν
315 3329 400 3420 ἁλῷ,
432 3331 452 3415 ἢ
484 3331 577 3408 τέλος
608 3333 788 3418 πριάμενος
819 3331 840 3417 ή
872 3332 1117 3417 ἐγγυησάμενος
1144 3331 1165 3417 ή

157 3431 299 3516 ἐκλέγων
326 3437 370 3520 μή
398 3437 600 3523 καταβόληίί,
628 3437 792 3504 ἀκούσατέ
816 3462 882 3523 μου
909 3436 963 3504 καὶ
990 3436 1067 3523 περὶ
1090 3439 1166 3504 τού-

105 3548 142 3586 145
157 3557 225 3598 του.
271 3539 312 3603 ού
339 3543 402 3623 γὰρ
430 3540 494 3627 ἐρῶ
522 3543 572 3608 ὅτι
600 3543 699 3621 αὐτὸς
722 3538 922 3628 Ἀνδροτίων
948 3540 1029 3629 ήγεν
1056 3547 1104 3622 είς
1127 3545 1165 3612 τό
