2644 4182
283 261 302 315 εί

253 413 255 422 ι
259 307 283 396 ‘A

494 429 592 479 ΠΡΟΣ
611 429 812 483 ααΠυοιΗα.
1140 427 1158 492 λ

147 582 236 656 τοῦτ’
268 585 483 671 ἀφελώμεθας
517 590 687 671 μηδαμῶς·
729 588 805 654 οὔτε
834 589 898 673 γάρ
925 589 1031 666 ἀλλως
1058 592 1161 656 καλὸν

118 688 226 756 now
258 689 499 777 ὑμίν-πρέπον.
545 703 614 770 πῶς
641 693 704 777 γάρ
732 693 794 759 οὐκ
822 695 959 778 αίσχρὸν
987 690 1013 760 ὦ
1041 696 1161 780 ἀνδρες

144 790 332 880 Ἀθηναῖοι,
360 797 442 863 κατὰ
469 794 530 883 μὲν
557 800 618 882 τὴν
644 798 771 882 ἀγοράν
799 799 957 877 ἀψευδεῖν
979 802 1084 884 νόμον
1107 825 1160 884 γε·

147 904 316 988 γράφθαι,
350 900 403 986 ἐφ’
431 894 481 980 οἷς
508 903 610 969 οὐδέν
638 903 706 970 ἐστι
735 906 879 992 δημοσίᾳ
905 907 1027 990 βλάβος
1055 911 1089 972 εί
1111 930 1161 984 τις
1188 935 1190 940 ·

147 1009 315 1090 ψεύδεται,
340 1009 376 1072 ἐν
400 1005 436 1074 δὲ
458 1017 505 1095 τῷ
528 1017 630 1098 κοινῷ
651 1008 695 1093 μὴ
716 1017 859 1094 χρῆσθαι
877 1021 923 1099 τῷ
942 1014 1033 1099 νόμφ
1052 1014 1159 1100 τούτῳ

147 1114 209 1197 τὴν
236 1116 335 1180 πόλιν
362 1115 424 1198 τὴν
447 1115 551 1198 αὐτὴν
574 1114 771 1193 ἐπιτάξασαν
794 1127 863 1192 τοῖς
887 1117 1046 1200 ίδιόταις,
1076 1118 1160 1184 άλλδ

147 1223 227 1297 τοὺς
251 1219 382 1303 ἀγαθόν
403 1244 435 1284 τι
458 1223 676 1305 πεποιηκότας
699 1219 907 1305 ἐξαπατῆσαι,
929 1220 985 1288 καὶ
1005 1218 1096 1289 ταῦτ’
1118 1223 1160 1289 οὐ

106 1342 134 1382 1⁰
148 1326 269 1410 μικράν
289 1329 406 1409 ζημίαν
425 1325 585 1410 ὀφλήσειν
603 1324 804 1410 μέλλουσανς
830 1327 952 1412 οὐγὰρ
971 1329 1002 1393 εί
1018 1330 1063 1414 μὴ
1081 1333 1159 1414 χρή-

148 1427 222 1516 ματ’
253 1431 430 1512 ἀπόλλυτε,
463 1433 569 1515 μόνον
602 1430 774 1514 σκεπτέον,
808 1431 891 1498 ἀλλά
918 1431 973 1498 καὶ
1001 1436 1032 1499 εί
1058 1435 1159 1514 δόξαν

147 1539 304 1622 χρηστήν,
327 1534 402 1620 περὶ
420 1531 461 1620 ἧς
479 1542 605 1620 μᾶλλον
624 1534 817 1616 σπουδάζετ’
838 1538 858 1622 ἣ
878 1538 953 1624 περὶ
972 1541 1158 1625 χρημάτων,

147 1640 203 1708 καί
226 1643 267 1709 οὐ
289 1645 395 1726 μόνον
418 1642 521 1725 ὑμεῖς,
546 1643 628 1708 ἀλλὰ
650 1642 705 1709 καὶ
727 1644 763 1709 οί
777 1648 946 1728 πρόγονοι.
982 1651 1159 1732 τεκμηριον

148 1747 200 1814 δέ·
223 1752 371 1833 χρηματα
393 1744 455 1832 μὲν
477 1750 540 1830 γάρ
559 1749 695 1814 πλεῖστά
712 1771 792 1814 ποτε
810 1751 1019 1834 κτησάμενοι,
1042 1748 1146 1818 πάνθ’
1160 1766 1210 1817 46⁰

147 1855 214 1920 ὑπὸ
237 1857 426 1938 φιλοτιμίας
449 1854 636 1938 ἀνήλωσαν,
660 1852 742 1937 ὑπὲρ
767 1853 803 1922 δὲ
828 1857 925 1940 δόξης
948 1856 1070 1924 οὐδένα
1092 1859 1159 1924 πό·

147 1983 227 2026 ποτε
253 1962 415 2028 κίνδυνον
443 1959 633 2044 ἐξέστησαν,
661 1961 744 2027 ἀλλά
771 1960 827 2028 καὶ
853 1964 912 2040 τὰς
935 1963 1021 2040 ίδίας
1044 1962 1159 2041 οὐσίας

147 2069 468 2147 προσαναλίσκοντες
487 2066 664 2132 διετέλουν.
696 2077 760 2133 νῦν
778 2071 895 2134 τοίνυν
913 2062 1012 2146 οὗτος
1025 2068 1043 2135 ὁ
1057 2071 1159 2154 νόμος

147 2171 272 2255 ταύτην
303 2170 377 2238 ἀντὶ
404 2177 505 2256 καλῆς
532 2175 672 2256 αἰσχράν
699 2183 738 2259 τῇ
766 2177 860 2240 πόλει
887 2176 1072 2259 περιάπτει,
1104 2175 1158 2242 καὶ

149 2278 225 2343 οὔτε
253 2289 320 2343 τῶν
347 2280 523 2363 προγόνων
552 2276 629 2344 οὔθ’
656 2279 750 2363 ὑμῶν
777 2277 880 2358 ἀξίαν.
925 2284 1000 2365 τρία
1027 2283 1091 2366 γάρ
1119 2285 1159 2348 τὰ

147 2378 273 2468 μέγιστ’
294 2383 406 2469 ὀνείδη
428 2394 551 2467 κτᾶται,
575 2387 767 2469 φθονεροὺς
784 2384 943 2463 ἀπίστους
961 2387 1159 2473 ἀχαρίστους

148 2484 234 2554 εἶναι
257 2490 379 2556 δοκείν.

58 2625 60 2631 ·
108 2612 133 2652 11
228 2593 299 2660 Ὅτι
326 2598 443 2662 τοίνυν
469 2594 541 2662 οὐδ’
570 2595 660 2662 ἐστίν
688 2597 772 2675 ὅλως
796 2594 822 2662 ὦ
846 2600 965 2680 ἀνδρες
984 2595 1158 2682 Ἀθηναῖοι

147 2711 208 2767 τοῦ
221 2702 330 2784 ἤθους
342 2711 403 2768 τοῦ
416 2700 579 2787 ὑμετέρου
592 2705 710 2784 κύριον
723 2712 859 2786 ποιῆσαι
872 2713 1027 2771 τοιοῦτον
1039 2707 1157 2788 νόμον,

147 2805 203 2872 καὶ
229 2817 328 2872 τοῦτο
355 2810 552 2893 πειράσομαι
578 2809 682 2888 δείξαι
706 2809 761 2874 διά
784 2809 949 2893 βραχέων,
977 2809 1068 2876 ἕντι
1090 2823 1158 2876 τῶν

147 2916 310 2997 πρότερον
334 2913 572 2999 πεπραγμένων
594 2923 634 3000 τῇ
656 2917 751 2980 πόλει
774 2915 963 2992 διεξελθών.
1004 2914 1157 2999 λέγονται

148 3017 292 3103 χρήμαθ’
310 3020 346 3085 οί
356 3021 532 3104 τριάκοντα
547 3022 766 3087 δανείσασθαι
780 3023 868 3106 παρά
884 3024 1156 3107 Λακεδαιμονίων

148 3121 200 3189 ἐπὶ
223 3127 301 3201 τοὺς
324 3125 364 3209 ἐμ
388 3130 546 3210 Πειραιεῖ.
587 3125 700 3210 ἐπειδὴ
726 3124 756 3191 δ’
782 3126 920 3211 ἡπόλις
944 3130 990 3206 είς
1012 3129 1049 3194 ἓν
1072 3124 1157 3212 ἦλθε

147 3228 203 3295 καὶ
229 3231 269 3295 τὰ
296 3225 457 3314 πράγματ’
483 3230 591 3296 έκελνα
614 3229 768 3315 κατέστη,
796 3231 950 3317 πρέσβεις
971 3233 1158 3317 πέμψαντες

111 3336 184 3400 1201‘
203 3337 462 3419 Λακεδαιμόνιοι
489 3337 529 3400 τὰ
557 3339 704 3420 χρήματα
727 3335 817 3403 ταῦτ’
845 3335 1002 3423 ἀπῄτουν.
1048 3343 1158 3423 λόγων

149 3437 185 3506 δέ
211 3440 419 3526 γιγνομένων
445 3440 589 3508 καὶτῶν
612 3439 673 3526 μέν
694 3445 773 3520 τοὺς
796 3442 1055 3528 δανεισαμένους
1077 3445 1157 3510 ἀπο-

149 3547 267 3612 δοῦναι
284 3550 489 3614 κελευόντων
507 3549 585 3624 τοὺς
604 3547 637 3625 ἐξ
655 3549 788 3631 άστεοος,
812 3560 879 3614 τῶν
898 3545 935 3615 δὲ
953 3558 1051 3616 τοῦτο
1069 3563 1158 3636 πρῶ-

147 3674 207 3716 τον
234 3651 378 3736 ὑπάρξαι
405 3661 463 3735 της
489 3651 646 3734 ὁμονοίας
673 3665 811 3738 σημεῖον
836 3653 1035 3739 ἀξιούντων,
1062 3665 1157 3742 κοινῇ

147 3757 304 3823 διαλῦσαι
326 3759 367 3821 τὰ
386 3760 543 3837 χρήματα,
568 3757 651 3834 φασδ
669 3760 728 3822 τὸν
747 3760 855 3842 δῆμον
873 3757 1008 3824 ἑλέσθαι
1027 3778 1156 3826 συνεισ-
