2612 3918
495 149 590 200 RATA
608 147 770 200 ΜΒΙΔΙΟΤ.
1073 145 1136 208 115

126 306 218 390 ὑμεῖς
242 277 318 389 ἐστ’,
342 307 404 372 οὐκ
427 305 555 392 ἀνέστη.
594 305 648 373 καὶ
671 309 738 392 μήν
761 310 792 373 εί
813 303 874 391 μέν
896 303 1001 392 μηδὲν
1023 306 1135 391 ήδικη-

126 414 219 489 κότος
241 411 352 495 ἡγεῖτο
374 415 436 498 τήν
459 414 629 498 προβολήν
651 421 870 497 γενενῆσθαι,
895 406 962 478 τότ’
988 413 1054 478 ἔδει
1076 415 1135 478 τόν

126 540 162 601 γε
185 521 287 603 φίλον
309 519 418 604 δήπου
442 531 611 584 συνειπεῖν
634 517 689 586 καὶ
712 523 894 604 βοηθῆσαι·
920 521 950 584 εἰ
971 514 1008 584 δέ
1030 529 1182 584 κατα-681

125 627 227 707 χνοῦς
249 625 377 691 ἀδικεῖν
402 627 500 706 [τότε]
527 626 582 691 διδ
604 620 697 691 ταῦτ’
720 627 780 711 οὐχ
802 625 980 708 ὑπήκουσε,
1003 634 1067 690 νῦν
1090 619 1135 707 δ’,

127 729 176 794 ὅτι
198 730 463 814 προσκέκρουκεν
486 729 570 815 ἐμοὶ,
598 732 654 797 δια
676 741 778 797 ταῦτα
803 733 948 812 [τοῦτον]
974 730 1134 815 ἐξαιτήσε·

73 853 112 894 ενι
125 857 193 918 ται,
221 835 302 921 ὑμῖν
330 835 405 922 οὐχὶ
432 842 539 914 καλῶς
568 840 632 922 ἔχει
656 840 871 923 χαρίσασθαι·
900 838 944 921 μή
967 839 1029 922 γὰρ
1052 839 1134 902 ἔστω

125 940 239 1028 μηδεὶς
262 943 298 1010 ἐν
322 945 525 1030 δημοκρατίᾳ
547 949 754 1030 τηλικοῦτος,
781 945 863 1010 ὥστε
886 945 1052 1010 συνειπὼν
1075 943 1135 1008 τὸν

126 1045 186 1133 μὲν
207 1049 384 1135 ὑβρίσθαι,
407 1052 467 1115 τὸν
489 1047 526 1116 δὲ
549 1052 593 1136 μή
618 1052 737 1117 δοῦναι
760 1052 857 1136 δίκην
878 1060 1021 1134 ποιῆσαι.
1061 1042 1130 1114 ἀλλ’

127 1155 157 1219 εί
173 1166 280 1233 κακῶς
298 1152 354 1240 ἐμὲ
372 1157 487 1239 βούλει
505 1166 614 1222 ποιεῖν
630 1157 794 1240 Εὔβουλε,
813 1157 858 1234 ὡς
875 1158 978 1239 ἔγωγε
996 1156 1040 1240 μδ
1058 1157 1136 1231 τοὺς

125 1263 228 1338 θεοὺς
251 1259 312 1326 ούκ
335 1256 400 1326 οἶδ’
425 1259 503 1327 ἀνθ’
530 1262 619 1344 ὅτου,
644 1262 786 1327 δύνασαι
809 1257 870 1345 μὲν
891 1260 946 1328 καλ
968 1261 1135 1346 πολιτεύῃ,

125 1367 208 1432 κατά
234 1368 312 1452 τοὺς
340 1369 464 1451 νόμους
492 1364 522 1433 θ’
550 1367 666 1450 ήντινα
694 1369 809 1450 βούλει
831 1365 907 1452 παρ’
935 1367 1015 1452 ἐμοῦ
1039 1368 1136 1450 δίκην

126 1473 286 1556 λάμβανε,
311 1466 359 1539 ὧν
383 1467 413 1538 δ’
439 1472 503 1557 ἐγὼ
526 1475 615 1555 παρὰ
637 1475 716 1552 τοὺς
738 1476 863 1559 νόμους
884 1473 1068 1558 ὑβρίσθην,
1091 1473 1136 1556 μή

127 1573 159 1663 μ’
186 1578 332 1663 ἀφαιροῦ
360 1580 421 1662 τήν
448 1583 617 1664 τιμωρίαν.
663 1583 695 1646 εί
721 1578 751 1646 δ’
778 1579 911 1664 ἀπορεῖς
938 1578 1070 1655 ἐκείνως
1096 1601 1135 1661 με

126 1694 233 1760 κακῶς
250 1694 396 1769 ποιήσαι,
420 1690 470 1769 είη
491 1683 532 1751 ἀν
550 1683 605 1752 καὶ
623 1695 720 1752 τοῦτο
741 1696 878 1769 σημεῖον
896 1693 953 1770 της
971 1683 1050 1769 ἐμῆς
1068 1682 1135 1749 ἐπι-

126 1794 255 1870 εικείας,
275 1792 307 1855 εί
322 1792 401 1867 τοὺς
419 1791 541 1868 ἄλλους
559 1791 682 1878 ῥηιδίως
700 1795 835 1876 κρίνων,
856 1785 912 1874 ἐμέ
931 1785 1035 1875 μηδὲν
1053 1792 1136 1874 ἔχεις

12 1943 14 1950 ›
127 1893 178 1980 ἐφ’
206 1896 270 1985 ὑτρι
292 1907 391 1963 τοῦτο
414 1899 570 1981 ποιήσεις.

76 2019 114 2059 2⁰⁸
217 2001 393 2088 Πέπυσμαι
419 2002 613 2070 τοίνυνκαὶ
638 2004 842 2088 Φιλιππίδην
864 2000 919 2068 καὶ
942 2007 1135 2089 Μνησαρχί-

128 2109 190 2193 δην
213 2106 267 2173 καλ
291 2111 453 2193 Διότιμον
475 2112 534 2176 τὸν
555 2108 749 2194 Εὐωνυμέα,
773 2106 827 2175 καὶ
850 2109 1023 2187 τοιούτους
1045 2112 1135 2187 τινὰς
1165 2176 1166 2180 ,

126 2218 307 2291 πλουσίους
329 2213 384 2280 καὶ
406 2216 641 2300 τριηράρχους,
670 2215 898 2299 ἐξαιτήσεσθαι
920 2212 975 2280 καὶ
999 2218 1135 2300 λιπαρή-

128 2339 199 2387 σειν
222 2314 298 2406 παρ’
322 2320 416 2406 ὑμῶν
439 2321 552 2404 αὐτόν,
575 2321 688 2399 αὑτοῖς
711 2320 885 2400 ἀξιοῦντας
908 2322 1051 2404 δοθήναι
1073 2321 1135 2404 τήν

127 2429 224 2513 χάριν
251 2427 381 2511 ταύτην.
428 2424 502 2509 περὶ
530 2420 578 2492 ὧν
607 2424 707 2494 οὐδὲν
734 2427 776 2492 ἀν
801 2433 925 2511 είποιμι
948 2428 1030 2512 πρὸς
1051 2427 1136 2511 ὑμᾶς

128 2537 281 2618 φλαῦρον
304 2531 381 2617 ἐγώ·
404 2531 458 2599 καὶ
481 2535 544 2619 γαρ
567 2532 610 2599 ἀν
632 2538 826 2619 μαινοίμην·
852 2530 923 2598 ἀλλ’
951 2531 971 2598 ἀ
993 2539 1135 2618 θεωρεῖν

128 2639 226 2724 ὑμᾶς,
254 2638 335 2704 ὅταν
358 2633 451 2706 οὑτοι
475 2638 630 2723 δέωνται,
659 2637 786 2706 δεῖκαὶ
810 2641 1014 2722 λοχίζεσθαι,
1042 2639 1131 2706 ταῦτ’

77 2762 114 2802 2⁰⁹
128 2744 200 2830 ἐρῶ.
247 2740 443 2829 ἐνθυμεῖσθ’
474 2741 500 2810 ὑ
528 2747 647 2831 ἄνδρες
675 2747 840 2827 δικασταί,
869 2747 900 2810 εἰ
925 2741 1088 2828 γένοινθ’,
1117 2745 1135 2812 ὃ

128 2852 171 2934 μή
194 2845 315 2934 γίνοιτ’
337 2848 411 2917 οὐδ’
434 2853 534 2930 ἐσται,
559 2846 652 2918 οὑτοι
670 2853 780 2938 κύριοι
798 2859 856 2936 της
873 2854 1039 2928 πολιτείας
1056 2854 1136 2936 μετὰ

129 2958 275 3022 Μειδίου
305 2956 361 3023 καὶ
391 2969 458 3022 τῶν
491 2957 616 3041 ὁμοίων
638 2959 760 3047 τούτω,
791 2960 850 3023 καί
872 2980 922 3035 τις
950 2957 1044 3040 ὑμῶν
1069 2969 1136 3023 τῶν

12 3121 16 3142 ,
129 3067 261 3128 πολλῶν
286 3060 341 3129 καὶ
370 3063 555 3147 δημοτικῶν
579 3060 733 3147 ἁμαρτὼν
756 3069 803 3139 είς
824 3087 899 3129 τινα
922 3063 1065 3143 τούτων,
1092 3067 1135 3147 μή

128 3165 259 3234 τοιαῦθ’
283 3161 336 3235 ola
354 3169 499 3246 Μειδίας
521 3170 568 3246 είς
591 3165 656 3253 ἔμ’,
680 3167 751 3234 ἀλλ’
774 3167 888 3236 ὁτιοῦν
906 3170 998 3251 ἀλλο,
1022 3169 1070 3245 εἰς
1088 3169 1136 3233 δι-

129 3276 307 3359 καστήριον
330 3275 428 3340 εἰσίοι
450 3272 708 3360 πεπληρωμένον
731 3273 767 3340 ἐκ
789 3275 928 3357 τούτων,
951 3277 1041 3351 τίνος
1060 3292 1135 3357 συγ-

129 3381 262 3466 γνώμης
287 3379 308 3464 ή
336 3382 427 3457 τίνος
454 3382 556 3464 λόγου
578 3390 691 3464 τυχεῖν
714 3377 755 3443 ἀν
778 3386 905 3458 οῖεσθες
933 3381 1016 3465 ταχύ
1038 3374 1069 3464 γ’
1096 3379 1138 3444 ἀν

130 3481 324 3572 χαρίσαιντ’,
349 3486 390 3552 ού
413 3486 491 3571 χοίρς
515 3485 535 3570 ή
560 3483 714 3568 δεηθέντι
738 3509 784 3574 τρι
801 3497 868 3551 τῶν
886 3491 1019 3552 πολλῶν
1036 3507 1134 3569 προο-

942 3588 978 3644 Β*
