2612 3918
165 159 228 225 122
472 163 558 215 xxn.
581 161 861 215 ΔΗΜΟΣΘΕΝΟΤΣ

162 331 269 389 θεντο·’
288 323 330 400 ὡς
352 324 385 388 δέ
405 348 493 405 τινες,
516 325 560 389 ότι
583 326 615 388 οῖ
630 326 663 400 λξ
685 325 779 405 μόνον
797 321 985 404 θεσμοθέται.
1019 314 1097 403 ἡσαν
1115 318 1171 401 γὰρ

158 425 192 499 έξ
215 422 406 506 θεσμοθέται,
429 425 461 487 οῖ
480 422 530 485 καλ
551 421 618 504 περλ
639 421 812 503 ἑταιρήσεως
831 421 1007 493 δικάζοντες.
1042 411 1118 499 ἡσαν
1138 415 1170 478 δέ

163 519 213 582 καλ
235 520 317 584 άλλοι
338 528 425 604 τρεῖς,
448 515 490 595 είς
511 520 679 601 ἐπώνυμος,
700 519 729 594 ἐξ
754 511 792 581 οό
813 516 863 580 καλ
886 514 902 579 ό
925 515 1060 589 ένιαοτὸς
1082 513 1171 592 [ἐπάν

163 619 270 698 ννμος]
294 616 468 700 ὠνομάζετο,
491 619 626 699 δεύτερος
649 613 666 678 ὸ
688 616 835 698 βασιλεύς,
858 611 874 676 ό
897 613 932 676 τὸ
950 623 1009 675 τῶν
1027 609 1170 694 ὀρφανῶν

163 714 214 778 καλ
235 715 375 798 ἀσεβειῶν
399 717 535 794 διοικῶν,
556 716 653 797 τρίτος
676 711 692 775 ό
714 710 908 793 πολέμαρχος,
931 707 948 772 ὸ
971 719 1029 772 τῶν
1051 713 1169 788 πολεμι-

137 825 149 864 ³
163 822 225 874 κῶν
242 813 476 894 ἐπιμελούμενος.
509 812 540 874 οῖ
556 809 587 873 δέ
605 809 785 891 θεσμοθέται
800 807 937 872 ένιαντὸν
952 807 1045 887 μόνον
1058 799 1224 888 ἡρχον,689

163 909 219 990 πρὸ
239 919 290 990 τῆς
308 909 398 992 ἀρχῆς
415 907 584 992 κρινόμενοι
601 907 667 989 περί
684 917 737 970 τοῦ
755 905 954 988 προλαβόντος
968 902 1076 977 παντὸς
1091 905 1170 984 βίον.

163 1006 212 1069 καὶ
235 1008 262 1068 ελ
283 1003 337 1087 μὸν
359 1005 526 1088 εὑρέθησαν
549 1005 582 1068 έν
605 1014 678 1066 πᾶσι
699 1004 819 1082 δίκαιοι,
840 995 931 1085 ἡρχον
954 1000 1006 1064 τὸν
1024 1000 1170 1063 ένιαντόν.

163 1097 224 1165 εἶτα
246 1105 335 1166 πάλιν
358 1103 428 1184 μετὰ
449 1104 502 1167 τὸν
524 1100 661 1165 ἐνιαυτὸν
683 1101 845 1182 ἐκρίνοντο,
869 1099 896 1162 εί
917 1104 1012 1172 καλῶς
1034 1097 1067 1160 έν
1089 1098 1170 1185 αότρῖ

162 1193 269 1282 ἡρξαν·
293 1199 343 1262 καλ
365 1201 392 1262 εί
414 1201 534 1274 δικαίας
556 1198 706 1279 ὤφθησαν
728 1195 883 1279 άρξαντες,
904 1196 1112 1277 προσετίθεντο
1134 1207 1170 1282 τῇ

162 1300 256 1384 βονλὴ
279 1307 337 1360 τῶν
358 1293 593 1380 Ἀρειοπαχιτῶν,
615 1294 665 1357 καλ
683 1292 732 1356 διὸ
749 1304 837 1357 τοῦτο
855 1291 909 1374 οὸχ
927 1292 1088 1356 ὑπέπιπτεν
1106 1292 1153 1374 όιρι

162 1402 242 1482 θμρῖ.
278 1397 305 1457 εἰ
327 1393 359 1456 δέ
377 1394 428 1475 μὴ,
445 1395 641 1477 ίξεβάλλοντο.
676 1393 757 1473 τρίτη
776 1391 916 1473 διαφορά,
939 1390 983 1453 ότι
1000 1387 1019 1470 ἡ
1039 1387 1093 1471 μέν
1110 1401 1168 1453 τῶιΙ

161 1494 362 1556 πεντακοσίων
384 1487 449 1554 κατ’
474 1491 609 1554 ένιαντὸν
633 1488 789 1570 διεδέχετο,
814 1485 834 1568 ἡ
858 1485 889 1551 δέ
911 1498 971 1550 τῶν
991 1483 1171 1572 Ἀρειοπαχι·

162 1600 221 1652 τῶν
244 1584 282 1672 ἡν
305 1588 474 1671 άδιάδοχος·
497 1588 524 1650 εἰ
545 1587 585 1668 μὴ
608 1587 663 1670 χοίρ
685 1609 729 1659 τις
747 1587 855 1668 ἥμαρτε
874 1586 1014 1668 μεγάλας,
1037 1586 1093 1649 οδκ
1110 1586 1170 1662 έξε-

135 1688 290 1768 4βάλλετο.
335 1686 436 1766 έπειδὴ
464 1683 496 1747 δέ
524 1683 560 1747 οό
587 1683 737 1766 πρόκειται
760 1680 833 1764 ἡμῖν
854 1682 921 1765 περλ
942 1692 995 1763 τῆς
1017 1681 1050 1745 έν
1070 1678 1170 1771 Ἀρείῳ

161 1785 246 1872 πάχιμ
273 1787 399 1866 βουλῆς,
426 1781 498 1844 οἰλλόι
522 1779 589 1863 περλ
611 1790 662 1860 τῆς
686 1789 743 1842 τῶν
765 1781 980 1859 πεντακοσίων,
1008 1778 1169 1862 όιναχκαῖον

162 1887 272 1963 μαθεῖν
295 1877 373 1960 ἡμᾶς
394 1888 458 1952 πῶς
480 1872 577 1961 ἦρχεν.
613 1874 708 1938 ἰστέον
727 1875 771 1939 ότι
789 1876 844 1939 οὐκ
862 1877 1011 1957 ἕψὴφιζον
1030 1878 1062 1941 οἱ
1078 1874 1169 1959 Ἀθη-

162 1985 241 2041 ναῖοι
263 1977 334 2050 τοὺς
355 1987 452 2058 μῆνας
474 1975 548 2038 κατὰ
566 1974 618 2037 τὸν
636 1970 759 2053 ἡλιακὸν
779 1974 900 2056 δρόμον,
922 1973 963 2049 οὸς
980 1971 1075 2056 ἡμεῖς,
1097 1974 1170 2036 αἰλλόι

161 2073 235 2136 κατὰ
259 2074 310 2137 τὸν
334 2073 515 2152 σεληνιακόν.
560 2070 633 2133 κατὰ
655 2071 711 2153 γὰρ
733 2070 785 2134 τὸν
807 2068 930 2151 ἡλιακὸν
952 2071 1008 2154 έχει
1031 2071 1047 2134 ὸ
1070 2071 1169 2136 ένιαν-

161 2171 211 2244 τὸς
233 2166 343 2250 ἡμέρας
365 2170 533 2250 τριακοσίας
556 2167 697 2248 ἑξήκοντα
715 2168 810 2248 πέντε,
832 2167 903 2231 ὥστε
921 2170 1077 2250 συμβαίνει
1094 2169 1169 2252 έχειν

161 2269 213 2332 τὸν
236 2278 316 2350 μῆνα
338 2263 448 2348 ἡμέρας
470 2266 627 2346 τριάκοντα
649 2265 699 2327 καλ
720 2267 818 2348 τρίτον
840 2265 891 2328 καλ
911 2265 1085 2328 δωδέκατον.
1122 2269 1170 2330 δε-

161 2367 246 2440 κάκις
277 2364 333 2447 χόιρ
364 2364 520 2445 τριάκοντα
552 2364 718 2446 τριακόσια,
750 2364 796 2437 δίς
827 2364 984 2444 τριάκοντα
1015 2364 1169 2444 ἑξήκοντα·

161 2463 249 2528 λοιπὰ
275 2460 369 2525 πέντε.
413 2461 446 2523 τὸ
473 2462 572 2542 τρίτον
598 2471 658 2522 τῶν
685 2463 799 2524 δώδεκα
825 2461 961 2545 τέσσαρα·
993 2462 1080 2542 λοιπὴ
1108 2466 1170 2544 μία.

135 2559 312 2636 ὅδωδέκατα
339 2556 371 2621 δέ
398 2569 450 2639 τῆς
473 2569 542 2639 μιᾶς
565 2559 679 2622 δώδεκά
699 2559 767 2622 ἔστι.
811 2559 885 2622 κατὰ
909 2557 940 2621 δέ
962 2558 1013 2622 τὸν
1036 2566 1171 2640 σεληνια-

162 2657 216 2721 κὸν
239 2657 349 2739 δρόμον
373 2654 390 2718 ὸ
409 2656 543 2729 ένιαντὸς
562 2655 618 2737 έχει
635 2659 802 2739 τριακοσίας
820 2658 1003 2736 πεντήκοντα
1020 2656 1170 2740 τέσσαρας,

163 2756 234 2818 ὥστε
261 2755 417 2836 συμβαίνει
444 2753 496 2815 τὸν
523 2763 603 2834 μῖχνα
629 2753 704 2837 ἔχειν
730 2751 840 2837 ἡμέρας
867 2754 1045 2818 εἰκοσιεννέα
1069 2757 1170 2837 ἡμισν.

163 2852 279 2926 δεκάκις
301 2851 357 2935 χδιρ
380 2851 471 2912 εἴκοσι
495 2851 639 2931 διακόσια,
663 2851 709 2925 δίς
728 2853 820 2914 εἴκοσι
837 2853 1061 2935 τεσσαράκοντα,
1084 2855 1170 2917 δεκά-

163 2975 209 3024 κις
235 2947 321 3012 έννέα
348 2948 560 3028 ἐννενήκοντα,
587 2948 634 3023 δὸς
656 2947 743 3012 έννέα
766 2950 926 3029 δεκαοκτώ,
953 2950 1002 3013 καλ
1024 2951 1057 3014 τὸ
1079 2953 1169 3034 ἡμισν

163 3057 221 3111 τῶν
245 3047 359 3109 δώδεκα
381 3043 419 3120 ἕξ.
456 3045 527 3108 ὥστε
550 3043 626 3127 ὸμοῦ
649 3041 725 3109 είναι
746 3044 856 3130 ἡμέρας
878 3049 1045 3130 τριακοσίας
1058 3051 1170 3129 «πεντή-

163 3168 253 3209 κοντα
275 3142 429 3225 τέσσαρας,
456 3142 668 3205 ὑπολείπεσθαι
689 3143 721 3206 δέ
744 3144 817 3206 κατὰ
840 3144 891 3208 τὸν
913 3141 1036 3224 ἡλιακὸν
1059 3147 1171 3229 δρόμον

162 3240 274 3324 ἡμέρας
292 3239 407 3320 ἕνδεκα,
430 3240 466 3314 ὸλς
486 3237 642 3320 Ἀθηναῖοι
660 3241 733 3304 κατὰ
751 3243 876 3324 τριετίαν
895 3243 1073 3324 σννάχοντες
1090 3244 1171 3308 ἐποί-

136 3353 220 3403 σοον
237 3337 289 3400 τὸν
306 3337 465 3420 ίμβόλιμον
485 3347 565 3419 μῖχνα
582 3339 738 3422 τριάκοντα
755 3350 844 3423 τριῶν
861 3337 987 3421 ἡμερῶν.
1013 3339 1071 3422 έχει
1086 3352 1226 3424 χοῶν590

164 3431 180 3496 ό
204 3433 337 3508 ένιαντὸς
359 3434 432 3496 κατὰ
455 3435 506 3498 τὸν
534 3436 707 3516 σεληνιακὸν
733 3437 843 3520 δρόμον
871 3439 1037 3520 τριακοσίας
1064 3441 1171 3520 πεντὴ-

163 3551 254 3592 κοντα
276 3527 415 3610 τέσσαρας
437 3528 557 3614 ἡμέρας.
593 3532 643 3597 καλ
665 3533 718 3614 τὰς
740 3532 794 3615 μὸν
818 3530 976 3618 δ’ἡμέρας
998 3533 1124 3600 έκάλονν
1142 3539 1174 3600 οί

7 3737 8 3740 ¹
32 3785 169 3852 Α
