2612 3918
158 169 222 236 130
466 171 552 226 xm
574 173 853 226 ΔΗΜΟΣΘΕΝΟΤΣ

156 334 244 399 ὅλων
267 337 433 418 σωτηρίαν
456 345 588 420 πρῶτον
606 333 766 421 ὑπάρχειν
785 336 839 400 δεῖ
853 333 1163 420 παρεσκευασμένην

52 489 53 492 ¹
156 447 201 528 τῷ
230 441 331 528 ῦήμφ.
378 435 474 518 οὗτος
501 443 618 507 τοίνυν
641 443 688 518 είς
710 435 799 506 τοῦτ’
826 440 967 524 έλήλυθε
990 449 1051 506 τοῦ
1073 444 1165 525 νομί-

157 550 223 625 ζειν
245 546 334 636 αὑτῷ
357 545 413 612 καὶ
435 545 544 630 λέγειν
566 545 622 613 καὶ
646 547 790 632 γράφειν
813 546 932 628 ἐξεῖναι
952 555 1019 612 πᾶν
1037 547 1055 612 ό
1074 570 1105 612 τι
1124 546 1166 612 ἀν

155 653 329 736 βούληται,
361 654 445 718 ὥστε
477 655 735 736 βεβουλευκυίας
766 649 826 739 μὲν
855 647 947 719 τᾶλλ’
977 651 1018 718 ὃν
1043 655 1168 739 τρόπον

156 757 249 842 ὑμεῖς
268 758 403 826 ἀκούετε
421 767 479 843 τῆς
497 762 631 844 βουλῆς,
650 760 692 826 οὐ
710 758 931 844 πεποιημένης
949 754 987 825 ἀὲ
1004 759 1063 836 τὰς
1078 763 1167 845 τριή-

81 870 84 877 ’
156 887 237 950 ρεις,
260 863 428 950 γέγραφεν
452 865 572 931 δοῦναι
594 867 655 949 τήν
679 865 830 952 δωρειάν.

116 991 142 1032 ιι
245 969 311 1035 Καὶ
333 965 433 1037 ταῦθ’
454 972 499 1049 ὡς
522 968 583 1056 μὲν
602 972 642 1039 οὐ
662 973 750 1057 παρὰ
767 973 827 1038 τὸν
845 974 951 1058 νόμον
969 971 1070 1055 ἐστίν,
1093 970 1163 1038 οὔτ’

156 1074 199 1142 ἀν
222 1071 320 1155 οὗτος
342 1080 411 1162 ἔχοι
435 1077 543 1161 λέγειν
566 1076 643 1144 οὔθ’
665 1077 760 1164 ὑμεῖς
777 1081 978 1162 πεισθείητε·
1003 1078 1113 1144 ἀκούοι
1132 1076 1162 1144 θ’

157 1181 259 1247 αὐτὸν
286 1193 439 1250 τοιοῦτον
466 1183 555 1270 έρεῖν
581 1181 645 1250 τιν’
672 1183 708 1250 έν
735 1183 816 1268 ὑμῖν
844 1187 960 1267 λόγον,
988 1185 1033 1262 ὡς
1060 1185 1122 1270 οὐχ
1145 1184 1166 1268 ή

156 1290 261 1372 βουλή
284 1287 395 1373 γέγον’
418 1292 505 1356 αίτία
528 1299 588 1356 τοῦ
611 1292 655 1375 μή
679 1297 881 1375 πεποιῆσθαι
901 1292 959 1369 τάς
976 1299 1068 1373 ναῦς,
1093 1286 1163 1357 ἀλλ’

157 1393 175 1461 ὁ
194 1405 261 1460 τῶν
280 1407 537 1483 τριηροποιικῶν
555 1400 671 1482 ταμίας
689 1397 836 1482 ἀποθράς
854 1395 947 1484 ᾤχετ’
965 1401 1049 1483 ἔχων
1065 1393 1163 1463 πένθ’

156 1499 369 1586 ἡμιτάλαντα,
392 1500 446 1568 καί
469 1503 506 1568 τὸ
530 1501 651 1588 πρᾶγμ’
678 1502 828 1588 ἀτύχημα
851 1502 1066 1588 συμβέβηκεν.
1102 1503 1166 1587 ἐγὼ

157 1603 193 1673 δὲ
213 1619 346 1693 πρῶτον
365 1605 426 1693 μέν
445 1609 526 1676 αὐτὸ
545 1617 643 1675 τοῦτο
662 1610 833 1694 θαυμάζω,
856 1612 888 1675 εί
905 1619 1094 1694 στεφανοῦν
1113 1609 1164 1676 ἐπὶ

155 1725 224 1791 τοῖς
256 1713 473 1800 ἠτυχημένοις
504 1714 599 1800 ήξιόυ
626 1717 688 1799 τήν
715 1718 856 1800 βουλήν·
887 1727 955 1781 τῶν
982 1721 1165 1801 κατορθου-

155 1821 266 1906 μένων
291 1823 356 1906 γάρ
383 1820 479 1905 ἔγωγ’
510 1821 662 1906 ἡγούμην
690 1823 798 1905 ἔργων
826 1823 883 1899 τὰς
909 1823 1062 1900 τοιαύτας
1090 1823 1165 1908 ὡρί-

156 1931 238 1992 σθαι
260 1927 368 2010 τιμάςῑ
398 1930 516 1994 ἔπειτα
531 1925 653 1993 κάκεῖν’
680 1930 727 1992 ἔτι
750 1929 913 2013 βούλομαι
936 1929 1061 2014 φράσαι
1084 1931 1166 2014 πρὸς

116 2054 142 2094 ιε
155 2034 248 2118 ὑμᾶς.
286 2033 326 2099 οῦ
350 2057 435 2118 φημι
459 2035 588 2100 δίκαιον
611 2028 696 2099 εἶναι
718 2032 794 2120 περὶ
815 2033 941 2117 ἀμφοῖν
959 2032 1078 2118 λέγειν,
1101 2033 1218 2101 καλόεε

155 2141 200 2216 ὡς
227 2140 268 2205 οὐ
295 2141 384 2223 παρὰ
405 2141 465 2205 τὸν
489 2143 593 2223 νόμον
615 2139 636 2223 ή
661 2142 781 2224 ἀωρειά
804 2138 1034 2224 ἀέθοται,καί
1056 2142 1101 2219 ὡς
1124 2142 1165 2207 οὐ

155 2248 210 2312 διά
232 2245 294 2330 τήν
316 2248 442 2330 βουλήν
465 2246 527 2311 οὐκ
549 2242 635 2310 είσίν
658 2246 696 2310 αί
716 2248 867 2330 τριήρεις.
904 2247 935 2310 εί
953 2242 1014 2330 μέν
1032 2248 1095 2329 γάρ
1114 2249 1163 2313 θι-

156 2354 252 2418 ῦόναι
269 2350 324 2417 καί
342 2353 386 2437 μή
405 2349 610 2436 ποιησαμένη
629 2355 798 2437 προσήκει,
816 2355 851 2415 τί
865 2359 963 2416 τοῦτο
979 2353 1033 2417 ἀεῖ
1044 2352 1162 2437 λέγειν,

156 2457 199 2524 δι’
226 2460 340 2525 όντινα
364 2453 479 2543 δήποτ’
505 2458 546 2523 οὐ
569 2462 776 2543 πεποίηνται;
800 2459 832 2523 εί
854 2454 884 2537 δ’
910 2457 972 2522 οὐκ
995 2455 1109 2542 ἔξεστι,
1131 2463 1168 2524 τί

155 2571 290 2650 μᾶλλον,
315 2564 357 2632 ἀν
380 2566 434 2631 διά
457 2565 516 2630 τὸν
538 2562 621 2630 δεῖν’
643 2563 663 2648 ή
687 2566 746 2630 τὸν
769 2561 851 2629 δεῖν’
873 2561 1018 2649 ἐπιδείξῃ
1041 2565 1085 2649 μή
1109 2587 1164 2631 πε-

116 2672 348 2757 ιοποιημένας,
376 2672 484 2757 ἐκείνη
511 2680 655 2754 προσῆκε
683 2673 810 2753 λαβεῖν;
839 2666 940 2755 χωρίς
968 2666 1005 2735 δὲ
1034 2671 1162 2737 τούτων

155 2781 265 2862 ἔμοιγε
293 2779 451 2844 δοκοῦσιν
474 2777 601 2860 αἵρεσιν
626 2775 706 2860 ὑμῖν
730 2777 765 2841 οί
784 2784 931 2840 τοιοῦτοι
954 2777 1048 2858 λόγοι
1072 2779 1162 2842 διδό-

154 2879 353 2967 ναι,,πότερ’
379 2889 491 2949 οίεσθε
515 2885 587 2952 δεῖν
609 2884 793 2967 προφάσεις
815 2881 868 2948 καλ
888 2886 1009 2966 λόγους
1027 2882 1162 2950 ἀκούειν

154 3002 230 3056 τῶν
248 2991 454 3056 ἀδικούντων
477 2988 560 3073 ὑμᾶς
583 2987 603 3072 ή
626 2998 709 3066 ναῦς
731 2994 919 3073 κεκτῆσθαι.
965 2991 996 3053 εί
1016 2985 1077 3074 μέν
1098 2993 1162 3077 γάρ

155 3098 275 3163 τούτου
303 3092 394 3162 ταῦτ’
426 3094 642 3176 ἀποδέξεσθε,
676 3097 766 3160 ἔσται
795 3095 897 3178 δῆλον
925 3094 1065 3173 άπάσαις
1091 3108 1163 3175 ταῖς

154 3207 301 3288 βουλαῖς,
320 3203 370 3268 ὅτι
390 3203 443 3266 δεῖ
458 3204 626 3287 πρόφασιν
644 3203 793 3284 πιθανήν
812 3198 958 3286 ἐξευρεῖν
971 3203 1053 3287 πρὸς
1066 3202 1161 3288 ὑμᾶς,

156 3308 229 3394 οὐχὶ
255 3311 399 3393 τριήρεις
425 3310 642 3390 ποιήσασθαι·
672 3306 708 3373 ἐκ
736 3303 772 3372 δέ
796 3307 917 3372 τούτου
938 3309 979 3373 τοὶ
1001 3303 1062 3393 μέν
1084 3313 1159 3394 χρή-

116 3411 227 3496 ιοματ’
255 3413 516 3496 ἀναλωθήσεται,
539 3422 621 3490 ναῦς
644 3411 675 3478 δ’
702 3413 763 3498 οὐχ
786 3413 871 3493 ἕξετε
893 3413 994 3498 ὑμεῖς.
1034 3413 1093 3480 έάν
1116 3410 1160 3497 δ’,

156 3519 199 3592 ὡς
222 3517 240 3582 ὁ
258 3520 360 3602 νόμος
378 3517 465 3602 λέγει
483 3517 537 3584 καί
557 3520 610 3583 δεῖ
624 3522 703 3597 τοὺς
721 3519 940 3604 ὀμωμοκότας,
964 3532 1088 3606 πικρῶς
1105 3521 1159 3592 καὶ
