2590 3900
176 167 241 234 256
479 169 576 224 mv.
598 169 878 224 ωικοεοωαουε

172 329 212 394 τά
236 328 476 414 ἐπιτηδεύματα
499 331 539 394 τὰ
562 329 598 395 έν
620 337 659 414 τῇ
682 328 807 416 ἡλικίας
832 329 916 396 ἀλλὰ
934 327 989 396 καὶ
1007 330 1064 400 διά
1082 341 1187 397 ταῦτα

173 434 331 502 δεδέσθαι
354 435 442 522 αὐτῷ
467 434 526 519 οὐχ
550 429 650 518 ἦττον
672 436 846 520 προσήκει,
869 434 889 519 ἦ
914 431 957 502 δι’
985 435 1067 520 άπερ
1090 435 1187 520 ύφεί·

172 547 256 609 λετο.
293 541 314 626 ἢ
337 541 387 607 δτι
410 539 514 628 είσῄει
538 543 585 618 είς
607 541 669 624 την
687 541 814 624 ἀγοράν
832 541 894 608 οὐκ
913 541 987 620 έξδν
1005 541 1106 629 αὐτῷ,
1129 539 1185 606 καὶ

173 647 208 714 έκ
235 649 355 732 ταύτης
382 649 461 724 τοὺς
483 649 667 730 σωφρόνως
690 649 889 730 βεβιωκότας
912 647 1011 724 αὐτὸς
1033 642 1114 730 ἦγεν
1137 650 1185 724 είς

172 755 209 818 τὸ
229 755 470 839 δεσμωτήριονς
492 751 574 818 ἀλλὰ
593 753 801 830 Μελάνωπος
819 754 933 820 δεινδν
950 754 992 836 νὴ
1012 751 1070 818 Δί’
1093 752 1184 819 ἐστὶν

120 879 158 920 ιιι
172 861 204 924 εί
224 860 431 944 δεθήσεσθαι
449 869 513 925 νῦν
532 860 676 942 ἔμελλεν.
709 858 792 924 ἀλλὰ
810 856 885 943 περὶ
904 854 965 944 μέν
983 869 1044 926 τοῦ
1061 861 1184 943 πατρὸς

172 965 276 1032 αὐτοῦ
299 963 399 1032 οὐδὲν
421 963 463 1030 διν
485 969 640 1048 φλαῦρον
663 969 798 1048 εἴποιμι,
822 961 895 1030 οὐδ’
921 967 953 1030 εί
973 966 1062 1030 πάνυ
1085 963 1179 1034 πόλλ’

169 1073 234 1155 ’έχω
258 1069 332 1157 περὶ
355 1076 477 1152 κλοπῆς
500 1069 620 1152 λέγειν,
644 1067 717 1134 ἀλλ’
741 1072 824 1135 έστω
843 1093 900 1154 μοι
919 1068 1043 1148 ἐκεῖνός
1061 1095 1098 1155 γε
1117 1095 1183 1138 τοι·

172 1188 284 1261 οῦτος,
308 1169 381 1243 οἷον
404 1175 446 1242 διν
473 1177 678 1260 Τιμοκράτης
700 1175 802 1242 αύτδν
826 1175 1070 1260 ἐγκωμιάσειεν.
1107 1175 1179 1242 ἀλλ’

171 1285 203 1348 εί
227 1292 372 1368 χρηστοῦ
398 1285 522 1367 πατρὸς
548 1283 595 1348 ὢν
622 1284 769 1366 πονηρὸς
795 1280 851 1348 καὶ
878 1280 1016 1367 κλέπτης
1042 1278 1100 1367 ἦν,
1128 1285 1182 1350 καλ

170 1391 352 1470 προδοσίας
378 1383 409 1471 γ’
435 1387 537 1465 ἁλοὺς
563 1392 638 1472 τρία
663 1379 793 1454 τάλαντ’
819 1387 982 1470 ἀπέτεισε,
1009 1386 1064 1454 καὶ
1087 1389 1182 1455 συνέ-

172 1495 256 1578 δρου
278 1493 461 1580 γενομένου
479 1495 605 1577 κλοπὴν
623 1494 729 1561 αὐτοῦ
747 1495 784 1559 τὸ
804 1495 1017 1578 δικαστήριον
1034 1495 1181 1579 κατέγνω

170 1600 226 1666 καὶ
259 1602 479 1667 δεκαπλάσιον
511 1599 675 1683 ἀπέτεισε,
712 1597 767 1666 καὶ
799 1595 1100 1684 παρεπρεσβεύσατ’
1135 1604 1182 1680 είς

170 1712 357 1791 Αἴγυπτον,
382 1705 437 1772 καλ
460 1708 538 1783 τοὺς
561 1706 728 1790 ἀδελφοὺς
749 1709 829 1783 τοὺς
851 1704 972 1774 ἑαυτοῦ
994 1706 1117 1790 ἠδίκει,
1140 1709 1181 1773 ού

170 1814 317 1901 τοσούτφ
340 1818 467 1897 μᾶλλον
490 1813 592 1880 αὐτὸν
615 1814 680 1878 ἔδει
706 1811 881 1894 δεδέσθαι,
907 1814 938 1878 εί
959 1811 1013 1878 καὶ
1037 1825 1181 1898 χρηστοῦ

170 1920 293 2005 πατρὸς
323 1918 371 1984 ἀν
397 1929 547 1995 τοιοῦτος
573 1914 631 2001 ἧνς
664 1914 756 2004 οἶμαι
784 1919 847 2002 γὰρ
875 1912 986 2002 ἔγωγ’,
1018 1925 1116 2002 είπερ
1137 1930 1181 2008 τβ

172 2027 244 2091 ὄντι
270 2026 410 2110 χρηστὸς
432 2021 475 2108 ἦν
496 2025 611 2109 Λάχης
634 2022 690 2090 καὶ
712 2026 904 2109 φιλόπολις,
931 2017 987 2089 ὑπ’
1013 2025 1118 2090 αὐτοῦ
1140 2025 1181 2092 ἀν

172 2131 301 2197 ἐκείνου
328 2133 471 2214 δεθῆναι
498 2131 615 2214 αὐτόν,
647 2133 801 2197 τοιοῦτόν
827 2128 858 2214 γ’
886 2132 967 2196 ὄντα
993 2128 1049 2196 καὶ
1077 2131 1181 2209 οὕτως

171 2240 320 2323 αἰσχροῖς
347 2237 512 2303 ὀνείδεσιν
539 2231 770 2322 περιβάλλοντ’
797 2235 935 2302 ἐκεῖνον.
980 2237 1034 2302 καλ
1061 2248 1180 2303 τοῦτον

120 2364 158 2406 ιω
171 2341 232 2428 μὲν
253 2344 294 2427 δὴ
314 2343 471 2427 ἐάσωμεν,
496 2341 685 2428 Γλαυκέτην
705 2339 741 2408 δὲ
761 2344 968 2428 σκεψώμεθα.
1004 2342 1066 2427 οὐχ
1085 2338 1181 2421 οὗτός

170 2449 261 2515 ἐστιν
288 2448 306 2516 ό
333 2461 465 2532 πρῶτον
494 2445 556 2534 μὲν
579 2451 626 2525 είς
649 2447 829 2515 Δεκέλειαν
852 2449 1097 2533 αὐτομολήσας,
1125 2449 1180 2516 κά-

169 2562 284 2622 κεῖθεν
303 2555 493 2641 ὁρμώμενος
510 2554 685 2622 καταθέων
702 2553 758 2621 καὶ
776 2554 890 2641 φέρων
907 2553 963 2622 καὶ
976 2556 1067 2638 ἀγων
1081 2555 1177 2640 ὑμᾶς;

170 2661 253 2728 ἀλλὰ
279 2663 399 2739 πάντες
426 2668 494 2727 ίστε
516 2669 627 2727 ταῦτα.
672 2659 728 2730 καὶ
751 2661 815 2727 ἀπὸ
838 2657 900 2745 μὲν
922 2672 989 2727 τῶν
1011 2661 1179 2748 ὑμετέρων

168 2770 298 2834 παίδων
325 2766 380 2834 καὶ
407 2765 653 2852 γυναικῶνκαὶ
675 2779 743 2834 τῶν
766 2769 878 2833 ἀλλων
898 2768 1090 2853 χρημάτων,
1119 2769 1179 2835 ὅσα

169 2876 282 2958 λάβοι,
315 2874 452 2950 δεκάτας
483 2873 552 2940 έκεί
579 2881 624 2962 τῷ
655 2873 802 2960 ἁρμοστῇ
828 2871 1016 2950 κατατιθεὶς
1043 2875 1170 2942 τούτων
1179 2886 1227 2935 741

119 3001 156 3040 ιω
170 2981 322 3064 ἀκριβῶς,
344 2981 407 3064 την
429 2979 470 3047 δέ
489 2978 519 3063 γ’
543 2980 666 3047 ἐνθάδε
686 2981 782 3062 θεόν,
804 2981 1008 3065 πρεσβευτὴς
1026 2978 1179 3070 ἀξιωθείς

170 3082 256 3152 είναι
286 3083 346 3172 ὑφ’
377 3086 486 3172 ὑμῶν,
518 3086 710 3170 ἀποστερῶν
741 3086 798 3162 τὰς
825 3085 889 3151 ἀπὸ
916 3097 983 3152 τῶν
1010 3085 1178 3170 ὑμετέρων

169 3195 336 3277 πολεμίων
359 3194 509 3270 δεκάτας;
534 3196 644 3258 ἔπειτα
666 3193 843 3276 ταμιεύσας
866 3190 902 3257 έν
925 3191 1178 3277 ἀκροπόλειτά

111 3321 113 3328 ’
171 3308 296 3382 ριστεϊα
327 3309 384 3383 τῆς
414 3302 554 3382 πόλεως,
592 3297 613 3364 δλ
645 3300 763 3381 ἔλαβεν
795 3298 859 3364 ἀπὸ
891 3309 958 3363 τῶν
990 3299 1177 3384 βαρβάρων,

171 3403 382 3488 ὑφῃρημένος
401 3403 434 3482 ἐξ
453 3405 671 3489 ἀκροπόλεως,
691 3406 750 3471 τόν
769 3427 804 3470 τε
823 3406 946 3489 δίφρον
964 3405 1022 3471 τὸν
1037 3404 1178 3489 ἀργυρό-

171 3509 257 3569 ποδα
279 3506 415 3574 καὶτὸν
438 3510 598 3593 ἀκινάκην
620 3512 680 3575 τὸν
703 3511 919 3596 Μαρδονίου,
950 3509 985 3587 ὃς
1007 3493 1066 3592 ἦγε
1089 3533 1178 3594 τρια-
