2616 3910
307 166 406 218 111202
425 165 588 219 εοεανοα
605 167 693 218 ΠΕΡΙ
710 166 787 218 νου
804 165 1012 218 ονονευοε.
1098 160 1163 226 487

120 340 146 380 2⁷
249 324 319 390 Ούκ
342 325 451 408 ἀγνοῶ
473 329 591 391 τοίνυν
614 321 640 390 ὦ
663 325 783 409 ἄνδρες
801 323 989 408 Ἀθηναῖοι,
1014 324 1065 390 δτι
1088 326 1166 388 Βοι-

161 431 240 507 ωτὸς
262 429 377 497 οὑτοσὶ
400 432 530 497 δίκαιον
548 427 609 514 μέν
628 427 729 496 οὐδὲν
746 430 810 510 ἔξει
829 428 949 513 λέγειν,
972 428 1041 512 ἥξει
1061 421 1092 492 δ’
1113 424 1167 494 ἐπὶ

160 532 255 600 τοῦθ’
278 536 361 622 ἅπερ
383 535 434 601 ἀεὶ
457 535 555 620 λέγει,
579 536 624 612 ὡς
646 533 792 620 ἔπηρίαζ’
816 534 834 601 ὁ
856 537 963 619 πατὴρ
985 534 1074 620 αὐτῷ
1097 553 1166 598 πει-

160 643 302 725 θόμενος
323 640 379 707 ὑπ’
406 641 503 726 ἐμοῦ,
526 641 614 721 ἀξιοῖ
634 639 665 707 δ’
692 641 792 718 αὐτὸς
814 639 859 717 ὡς
882 641 923 724 δὴ
945 640 1168 725 πρεσβύτερος

162 746 234 827 [ὢν]
258 740 394 830 τοῦνομ’
416 750 503 831 ἔχειν
525 747 563 811 τὸ
583 754 645 812 τοῦ
662 746 745 831 πρὸς
762 746 886 831 πατρὸς
903 747 1048 811 πάππου.
1084 746 1168 829 πρὸς

86 899 88 904 -
162 852 200 934 δὴ
223 849 313 917 ταῦτ’
336 852 477 919 ἀκοῦσαι
499 850 630 935 βέλτιον
652 851 738 936 ὑμᾶς
757 850 888 936 βραχέα.
926 850 989 934 ἐγὼ
1008 851 1071 936 γδρ
1090 845 1168 916 οῖδα

159 967 294 1041 τοῦτον,
320 956 367 1023 ὅτ’
396 960 488 1024 οὔπω
512 958 676 1041 συγγενὴς
697 952 741 1040 ἦν
764 957 852 1042 ἐμοί,
880 956 969 1040 δρῦν
991 957 1102 1040 ὥσπερ
1124 955 1168 1021 δν
1219 999 1221 1004 -

160 1063 260 1128 ἄλλον
281 1057 344 1130 τιν’
366 1064 498 1146 οὑτωσί,
521 1063 686 1145 νεώτερον
704 1057 773 1129 ὄντ’
795 1063 877 1146 ἔμοῦ
894 1061 948 1128 καὶ
968 1052 1089 1151 συχνῷ,
1113 1059 1163 1128 δσ’

161 1168 191 1246 ἐξ
215 1170 332 1251 ὅψεως,
355 1169 396 1234 οὐ
419 1170 485 1254 μὴν
508 1171 715 1252 ἰσχυρίζομαι
736 1169 857 1255 τούτφ·
879 1164 936 1233 καὶ
955 1169 1019 1252 γὰρ
1037 1170 1167 1252 εύηθες.

120 1292 146 1332 28
161 1272 230 1338 ἀλλ’
257 1280 291 1339 εί
309 1297 359 1352 τις
381 1277 490 1359 ἔροιτο
513 1277 663 1340 Βοιωτὸν
684 1278 830 1356 τουτονί,
856 1269 903 1338 ὅτ’
930 1272 966 1338 ἔν
984 1269 1168 1341 Ἱπποθων-

160 1382 225 1444 τίδι
257 1385 346 1465 φυλῇ
378 1380 530 1464 χορεύειν
561 1379 688 1463 ἠξίους,
721 1380 814 1445 οὔπω
845 1388 906 1444 τοῦ
933 1382 1055 1464 πατρὸς
1082 1375 1168 1445 εἶναι

160 1486 298 1568 φάσκων
324 1486 397 1561 υίὸς
423 1493 484 1550 τοῦ
511 1485 609 1567 ἐμοῦ,
639 1488 676 1550 τί
699 1487 823 1551 σαυτὸν
850 1487 937 1569 ἔχειν
965 1485 1099 1562 δικαίως
1126 1483 1168 1551 ἂν

159 1596 254 1676 θείης
283 1593 402 1675 ὅνομας
435 1592 466 1656 εί
491 1592 555 1672 γὰρ
582 1594 796 1674 Μαντίθεον,
830 1590 891 1657 οὐκ
918 1589 960 1655 δν
987 1592 1043 1656 διδ
1069 1592 1168 1658 τοῦτό

159 1721 197 1782 γε
224 1701 325 1782 φαίης
352 1697 403 1761 ὅτι
428 1696 651 1780 πρεσβύτερος
675 1691 707 1762 εί
728 1695 818 1782 ἐμοῦ.
863 1695 986 1781 δςγδρ
1009 1692 1089 1762 ούδέ
1111 1705 1169 1781 της

66 1861 71 1872 .
160 1809 268 1888 φυλῆς
289 1804 362 1868 τότε
384 1819 440 1868 σοι
461 1803 641 1886 προσήκειν
661 1801 746 1885 ἡγοῦ
764 1811 822 1886 τῆς
840 1801 928 1885 ἐμῆς,
951 1814 1020 1879 πῶς
1038 1801 1081 1867 δν
1097 1812 1159 1869 τοῦ
1171 1811 1241 1864 100³

121 1926 146 1965 2⁹
160 1933 198 1992 γε
220 1910 353 1975 πάππου
373 1906 500 1992 τούμοῦ
517 1907 751 1991 ἡμφεσβήτειςς
775 1909 823 1973 ἔτι
842 1904 872 1973 δ’
891 1902 917 1974 ὦ
937 1909 1056 1992 ἄνδρες
1071 1903 1169 1993 Ἀθη-

159 2027 249 2080 ναῖοι
275 2015 334 2079 τὸν
361 2009 423 2098 μὲν
448 2024 517 2078 τῦν
544 2011 627 2078 ἐτῶν
653 2016 777 2099 χρόνον
805 2012 917 2091 οὐδεὶς
945 2010 1038 2080 οἶδεν
1059 2013 1169 2098 ὑμῶν·

161 2121 224 2202 ἐγὼ
248 2116 308 2204 μέν
330 2121 394 2205 γὰρ
418 2118 490 2205 ἐμοὶ
513 2116 655 2203 πλείον’,
679 2114 776 2196 οὗτος
797 2117 828 2185 δ’
850 2117 955 2207 ἑαυτῷ
975 2121 1087 2204 φήσει·
1110 2120 1170 2184 τὸν

161 2222 197 2290 δὲ
220 2234 280 2291 τοῦ
298 2227 429 2291 δικαίου
448 2227 550 2308 λόγον
568 2225 688 2301 πάντες
706 2225 895 2291 ἐπίστασθε.
931 2228 1000 2292 ἔστι
1019 2223 1048 2291 δ’
1072 2219 1170 2303 οὗτος

159 2334 222 2409 τίς;
252 2326 310 2414 ἀφ’
336 2324 378 2395 ού
404 2330 524 2404 παῖδας
552 2327 727 2414 ἐποιήσατο
743 2330 892 2420 τούτους
914 2328 933 2395 ὁ
955 2331 1077 2414 πατήρ,
1105 2328 1169 2395 ἀπὸ
1300 2399 1301 2406 χ

160 2437 282 2500 τούτου
304 2432 359 2500 καὶ
381 2436 584 2517 νομίζεσθαι.
623 2437 785 2519 πρότερον
807 2438 924 2500 τοίνυν
947 2429 997 2519 ἔμ’
1021 2436 1069 2511 είς
1091 2437 1170 2512 τοὺς
1300 2421 1301 2465 ’

161 2543 305 2625 δημότας
327 2539 487 2624 ἐνέγραφε
506 2543 714 2624 Μαντίθεον,
737 2538 817 2626 πρὶν
840 2542 1028 2623 εἰσαγαγεῖν
1049 2549 1169 2606 τοῦτον
1299 2605 1300 2610 ,

160 2649 207 2723 είς
233 2648 312 2722 τοῦς
340 2646 513 2730 φράτερας.
559 2639 636 2710 ὥστ’
663 2646 704 2711 οὐ
730 2654 776 2733 τῷ
803 2649 912 2734 χρόνφ
937 2648 1058 2730 μόνον,
1086 2646 1170 2712 ἀλλὰ

159 2750 215 2816 καὶ
237 2759 283 2838 τῷ
306 2752 422 2838 δικαίςο
446 2753 622 2835 πρεσβεῦον
642 2747 746 2836 ἔχοιμ’
769 2749 811 2817 διν
830 2750 893 2834 ἐγὼ
911 2753 1059 2835 τοῦνομα
1076 2749 1166 2818 τοῦτ’
1298 2755 1299 2778 ’

119 2876 147 2916 ⁸⁰
160 2860 302 2936 εἰκότως.
347 2853 424 2923 είεν.
470 2859 501 2923 εί
525 2859 563 2922 δέ
584 2861 634 2934 τίς
656 2854 687 2923 α’
714 2852 813 2941 ἔροιτ’
839 2858 934 2941 ,,είπέ
954 2881 1010 2942 μοι
1032 2856 1169 2941 Βοιωτέ,

158 2965 267 3028 πόθεν
285 2971 349 3028 νῦν
364 2958 599 3048 Ἀκαμαντίδος
618 2969 725 3048 φυλῆς
742 2963 882 3047 γέγονας
900 2962 956 3030 καὶ
973 2976 1040 3030 τῦν
1055 2967 1170 3051 δήμων

161 3072 316 3154 Θορίκιος
346 3066 402 3133 καὶ
432 3069 505 3146 υίὸς
531 3072 701 3151 Μαντίου,
734 3068 789 3136 καὶ
820 3071 858 3135 τὸ
890 3069 989 3155 μέρος
1015 3082 1082 3136 τῦν
1109 3066 1165 3137 ὑπ’

160 3174 289 3240 ἐκείνου
312 3173 604 3258 καταλειφθέντων
627 3177 749 3259 ἔχεις;“
794 3171 896 3241 οὐδὲν
919 3173 961 3239 δν
985 3171 1056 3240 ἄλλ’
1082 3178 1170 3260 ἔχοις

160 3282 276 3363 εἰπεῖν,
299 3282 385 3363 πλην
408 3281 459 3345 ὅτι
481 3275 564 3364 κᾶμέ
589 3283 652 3358 ζῶν
675 3279 850 3362 ἐποιήσατο
868 3284 1029 3356 Μαντίας.
1066 3283 1101 3345 τί
1120 3305 1169 3346 τε·

159 3387 310 3470 κμήριον,
334 3391 367 3451 εί
384 3408 435 3461 τις
457 3382 572 3468 ἔροιτ’,
594 3384 614 3468 ἦ
638 3385 821 3470 μαρτύριόν
840 3386 938 3466 [ἐστί]
960 3403 1015 3450 σοι
1031 3388 1168 3464 τούτους
1295 3461 1297 3554 η

1294 3557 1296 3614 ί

1295 3649 1296 3711 λ

159 3492 206 3566 είς
233 3493 311 3566 τοὺς
338 3491 502 3577 φράτεράς
529 3487 562 3574 μ’
590 3493 758 3573 εἰσήγαγε,
787 3493 925 3574 φησειας
953 3490 1003 3556 ίίν.
1048 3495 1083 3556 τί
1105 3485 1168 3557 οὖν
