2590 3900
410 145 494 201 KAT’
513 136 831 199 ΑΡΙΣΤΟΙἛΙΤΟΝΟΣ
849 148 879 198 Δ.
1086 145 1151 210 289

126 303 415 392 Ἀριστογείτονος
441 307 566 390 τόλμαν
593 303 647 370 καὶ
676 305 913 390 ἀναισχυντίαν
940 307 1068 390 λαβών,
1096 304 1151 372 καλ

130 412 415 496 διαλογισάμενος
432 407 530 476 ταῦθ’
549 412 630 497 άπερ
650 405 758 494 οὗτος,
777 413 828 477 ὅτι
847 413 950 492 ἔξεστι
968 410 1023 476 καὶ
1042 409 1151 495 λέγειν

129 515 187 583 καὶ
218 528 332 583 ποιεῖν
355 515 449 601 μέχρι
471 516 594 592 παντὸς
618 518 636 582 ὅ
659 541 691 582 τι
714 515 756 582 ἀν
778 519 942 604 βούληταί
960 541 1010 592 τις
1034 517 1070 582 ἐν
1094 518 1151 602 δη-

130 625 311 708 μοκρατία,
331 624 434 706 άνπερ
453 631 513 687 τοῦ
531 625 626 700 ποῖός
643 647 693 700 τις
711 619 798 689 εἶναι
817 623 905 702 δόξει
923 632 1026 689 ταῦτα
1044 632 1152 687 ποιων

130 728 340 813 ὀλιγωρήσῃ,
377 725 434 794 καὶ
466 726 577 805 οὐδεὶς
609 723 659 795 ἐπ’
695 728 809 796 οὐδενὶ
841 741 908 795 τῶν
941 728 1152 813 ἀδικημάτων

88 854 115 896 ω
129 834 241 912 εὐθὺς
266 833 454 900 ἀποκτενεῖ·
478 836 509 900 εί
530 843 634 900 ταῦτα
657 834 850 920 διανοηθεὶς
874 835 891 902 ὁ
913 836 956 920 μη
977 835 1087 918 λαχὼν
1105 841 1151 923 τῷ

130 943 284 1026 λαχόντι,
307 938 363 1005 καλ
383 939 402 1006 ὑ
420 941 464 1025 μὴ
483 939 731 1026 χειροτονηθείς
749 949 795 1030 τῷ
812 940 1093 1026 χειροτονηθέντι,
1118 939 1151 1020 ἐξ

130 1053 210 1112 ἴσον
241 1048 352 1130 ζητοίη
381 1041 467 1112 εἶναι
493 1045 549 1112 καὶ
576 1059 643 1112 τῶν
666 1047 777 1112 αὐτῶν
799 1045 961 1132 μετέχειν,
989 1045 1044 1112 καλ
1068 1047 1153 1124 δλως

130 1153 176 1237 μὴ
196 1151 288 1235 νέος,
309 1153 353 1236 μὴ
372 1152 594 1236 πρεσβύτερος
611 1153 652 1218 τὰ
669 1155 880 1237 προσήκοντα
898 1153 1047 1237 πράττοι,
1070 1151 1153 1218 ἀλλά

128 1267 199 1324 πᾶν
222 1259 264 1324 τὸ
288 1256 487 1342 τεταγμένον
511 1257 665 1336 ἐξελάσας
688 1258 824 1336 ἕκαστος
846 1259 883 1324 έκ
900 1267 961 1324 τοῦ
978 1261 1067 1342 βίον,
1090 1259 1152 1342 την
1228 1322 1230 1328 ,

130 1363 259 1432 ἑαυτοῦ
286 1365 448 1448 βούλησιν
475 1366 598 1448 νόμον,
627 1364 746 1450 ἀρχὴν,
774 1359 877 1430 πάνθ’
909 1365 1153 1449 ὑπολαμβάνοι·

131 1472 165 1536 εί
181 1478 289 1535 ταῦτα
307 1481 471 1554 ποιοῖμεν,
490 1465 557 1536 ἔστ’
579 1473 627 1536 ἔτι
645 1471 707 1553 την
724 1472 823 1536 πόλιν
841 1473 1024 1549 οίκεῖσθαι;
1047 1472 1082 1535 τί
1099 1467 1138 1534 δέ
1141 1496 1149 1546 3

132 1579 214 1652 τοὺς
243 1577 368 1660 νόμους
392 1579 530 1660 κνρίονς
553 1571 653 1655 οἴνοις
682 1581 790 1661 πόσην
814 1573 845 1642 δ’
872 1574 914 1641 ἀν
937 1582 1051 1643 οίεσθε
1073 1579 1151 1659 βίαν

133 1679 190 1747 καλ
223 1681 324 1768 ὑβριν
354 1678 410 1746 καὶ
441 1685 653 1767 παρανομίαν
679 1682 716 1748 έν
743 1682 853 1768 άπάση
881 1690 920 1768 τῇ
948 1684 1042 1747 πόλει
1068 1679 1147 1747 καθ’

135 1785 279 1872 ἑκάστην
306 1789 367 1872 την
393 1786 520 1872 ἡμέραν
547 1791 725 1871 γίγνεσθαι
751 1787 807 1854 καὶ
834 1791 1049 1872 βλασφημίαν
1077 1786 1152 1854 ἀντὶ

95 1903 193 1976 εττης
221 1902 286 1958 νῦν
313 1893 478 1978 εὐφημίας
500 1890 555 1958 καλ
578 1893 712 1973 τάξεως;
741 1891 796 1959 καὶ
818 1896 855 1959 τί
874 1895 928 1960 δεῖ
948 1892 1071 1977 λέγειν,
1100 1895 1151 1959 ὅτι

134 2011 206 2076 τοῖς
233 2001 349 2084 νόμοις
376 2000 504 2065 ἅπαντα
532 2010 701 2082 κοσμεῖται
727 1998 782 2066 καλ
810 2009 855 2088 τῷ
882 2000 1013 2077 τούτοις
1038 2003 1151 2065 πείθε-

136 2113 234 2184 σθαη
276 2098 348 2170 ἀλλ’
382 2105 476 2188 ὑμεῖς
508 2103 603 2171 αὑτοὶ
635 2106 769 2172 πάντων
802 2108 876 2193 άρτι
906 2105 1142 2192 κληρουμένων
1153 2119 1204 2169 778

132 2207 338 2295 Ἀθηναίων,
371 2209 427 2277 καὶ
457 2211 592 2277 πάντων
621 2205 660 2277 εὑ
687 2207 752 2278 οἶδ’
784 2213 835 2278 ὅτι
861 2212 1077 2297 βουλομένων
1104 2214 1151 2289 είς

136 2326 236 2382 τοῦτο
257 2321 370 2400 λαχεῖν
388 2318 425 2382 τὸ
446 2318 670 2403 δικαστήριον,
691 2322 787 2403 μόνοι
807 2313 953 2399 δικάζεθ’
974 2317 1062 2403 ημῖν.
1095 2319 1151 2384 διὰ

136 2427 183 2502 τίς
209 2423 260 2488 ότι
283 2420 424 2507 ἐλάχετε,
448 2419 507 2490 εἶτ’
530 2423 799 2511 ἀπεκληρώθητε·
821 2434 924 2490 ταῦτα
948 2421 979 2490 δ’
1002 2425 1038 2492 οί
1052 2427 1151 2509 νόμοι

138 2529 304 2613 λέγουσιν.
347 2525 412 2595 εἶθ’
438 2528 533 2614 ὑμεῖς
555 2529 649 2597 αύτολ
672 2531 754 2596 κατὰ
776 2532 855 2607 τοὺς
877 2534 1002 2614 νόμους
1025 2532 1150 2613 είσελη-

137 2637 294 2717 λυθότες,
321 2636 381 2700 τὸν
408 2636 497 2719 παρὰ
519 2638 598 2712 τοὺς
620 2638 744 2720 νόμους
767 2635 875 2720 λέγειν
897 2634 918 2720 ἢ
941 2636 1096 2720 πράττειν
1117 2659 1150 2701 τι

137 2743 334 2827 βιαζόμενον
357 2742 515 2823 λαβόντες
537 2740 694 2825 ἀφησετε;
718 2739 772 2806 καὶ
796 2740 907 2819 οὐδεὶς
930 2741 1024 2825 ὑμῶν
1046 2742 1148 2825 χολὴν
1207 2737 1208 2740 “

138 2845 211 2912 οὐδ’
236 2847 340 2930 όργην
362 2847 447 2930 ἔχων
470 2845 697 2930 εὑρεθήσεται,
721 2842 773 2929 ἐφ’
796 2838 846 2923 οἷς
869 2846 886 2913 ὁ
909 2849 1072 2931 βδελυρὸς
1093 2845 1148 2912 καὶ

100 2967 125 3008 28
138 2951 277 3036 ἀναιδὴς
295 2950 410 3018 οὑτοσὶ
429 2952 586 3035 βιάζεταις
611 2951 658 3036 ὃς,
682 2948 707 3018 ὦ
727 2953 910 3037 μιαρώτατε
928 2953 1073 3038 πάντων,
1097 2978 1149 3020 κε-

137 3057 308 3143 κλειμένης
327 3073 380 3123 σοι
398 3068 456 3142 τῆς
473 3061 658 3142 παρρησίας
677 3057 717 3123 οὑ
736 3060 901 3141 κιγκλίσιν
919 3055 998 3125 οὐδὲ
1014 3061 1148 3145 θύραις,

138 3161 159 3227 δ
185 3163 239 3230 καλ
266 3163 498 3248 παρανοίξειεν
525 3165 566 3228 άν
590 3188 655 3247 τις,
683 3164 765 3230 ἀλλὰ
788 3165 960 3241 τοσούτοις
982 3164 1037 3230 καλ
1059 3172 1148 3251 τηλι-

137 3271 269 3348 κούτοις
292 3270 472 3354 ὀφλήμασι,
494 3268 550 3334 καὶ
573 3272 701 3336 τούτων
721 3271 810 3355 παρά
828 3279 867 3355 τῇ
886 3276 955 3356 θεῷ
974 3271 1147 3356 κειμένων,

138 3379 184 3454 είς
210 3379 247 3442 τὸ
277 3375 370 3452 ἐντὸς
395 3377 524 3441 τούτων
552 3377 647 3461 βιάζη
670 3374 723 3441 καλ
747 3375 913 3462 προσέρχη
936 3379 1018 3461 πρὸς
1040 3375 1146 3462 ταῦτ’,

138 3477 195 3564 ἀφ’
229 3475 276 3546 ὧν
308 3481 553 3547 ἀπελαύνουσίν
584 3478 614 3546 σ’
646 3481 682 3545 οί
710 3483 820 3565 νόμοι·
854 3480 1147 3566 ἀπεσχοινισμένος

189 3594 312 3636 Βτκοενιτ.
333 3595 384 3638 Vol.
398 3596 428 3637 11.
954 3593 987 3640 19
