2938 4180
492 173 575 224 τιν’
593 171 903 225 εειεεοκειεοεε.
1136 168 1201 234 205

183 331 348 398 ὁντινοῦν
369 333 487 418 καιρὸν
509 335 640 416 παρείη,
663 333 837 416 δεδήλωκε.
876 335 1045 398 Φιλίππου
1066 331 1130 414 γὰρ
1154 332 1202 408 είς

183 439 395 522 Μαρώνειαν
422 438 580 514 ἐλθόντος
608 441 751 522 έπεμήεν
778 438 860 522 πρὸς
883 437 986 503 αὐτὸν
1006 431 1201 502 Ἀπολλωνί·

183 544 264 626 δην,
298 546 426 619 πίστεις
458 546 539 620 δοὺς
571 542 701 632 ίκείνηοΥ
718 541 773 609 καὶ
801 542 985 628 Παμμένει·
1017 539 1072 608 καὶ
1099 543 1131 607 εί
1156 541 1201 625 μή

182 661 318 736 κρατῶν
341 658 400 733 της
419 649 528 733 χώρας
547 646 736 731 Ἀμάδοκος,
761 647 877 714 ἀπεῖπε
898 653 1051 735 Φιλίππῳ
1070 647 1113 731 μή
1133 646 1201 711 έπι-

182 758 332 839 βαίνειν,
368 749 469 819 οὐδὲν
498 751 540 817 διν
567 748 611 837 ήν
638 752 675 820 έν
702 752 789 841 μέσφ
817 757 973 838 πολεμεῖν
999 752 1084 837 ἡμᾶς
1110 752 1193 835 πρὸς
1202 763 1253 814 082

182 863 403 946 Καρδιανοὺς
439 860 503 944 ήδη
534 856 590 925 καὶ
621 859 885 944 Κερσοβλέπτην.
937 856 994 925 καὶ
1025 860 1076 940 ὅτι
1106 852 1198 924 ταῦτ’

184 967 296 1054 ἀληθῆ
321 964 427 1048 λέγω,
451 961 530 1050 λαβὲ
553 966 615 1048 τήν
638 965 789 1050 Χάρητος
812 964 997 1048 ἐπιστολήν.

592 1177 793 1230 ΕΠΙΣΤΟΛΗ.

135 1301 172 1340 1⁸4
278 1289 393 1350 Ταῦτα
420 1281 533 1368 μέντοι
562 1284 616 1349 δελ
635 1281 884 1369 σκοπουμένους
907 1283 1057 1348 ἀπιστεῖν
1079 1279 1134 1347 καὶ
1156 1282 1200 1366 μή

185 1397 418 1474 τετυφῶσθαι,
450 1387 526 1473 μηδ’
559 1388 603 1465 ὡς
635 1387 789 1473 εὐεργέτῃ
820 1385 994 1472 προσέχειν
1021 1390 1081 1453 τὸν
1108 1397 1200 1453 νοῦν.

187 1495 229 1561 ού
250 1498 316 1580 γὰρ
341 1491 389 1562 ὧν
412 1495 674 1577 ἀναγκαζόμενος
692 1497 791 1578 φίλος
810 1489 899 1559 εἶναί
914 1512 997 1578 φησι
1016 1498 1201 1576 φενακίζων

187 1601 288 1684 ὑμᾶς,
311 1602 410 1688 χάριν
434 1598 502 1666 ἐστὶ
526 1601 657 1665 δίκαιον
680 1600 829 1684 ὀφείλειν
851 1598 1099 1684 Κερσοβλέπτη,
1125 1595 1197 1666 οὐδ’

189 1702 236 1772 ὧν
259 1705 348 1792 μίκρ’
377 1707 564 1773 ἀναλίσκων
588 1708 658 1792 ίδίρι
680 1704 735 1770 καὶ
758 1717 828 1782 τοῖς
845 1716 1041 1790 στρατηγοῖς
1059 1703 1114 1771 καὶ
1132 1715 1201 1784 τοῖς

189 1813 359 1898 ῥήτορσιν,
383 1814 576 1898 Χαρίδημος
594 1813 824 1896 διαπράττεται
843 1813 926 1896 πρὸς
942 1811 1027 1895 ὑμᾶς
1045 1810 1201 1888 ἐπαίνους

189 1917 309 1985 ἑαυτοῦ
337 1920 542 2006 γράφεσθαι·
574 1915 645 1983 ἀλλ’
678 1912 740 2000 ὧν,
771 1917 895 2002 ὁσαχοῦ
922 1919 1037 1998 κύριος
1062 1916 1201 2000 γέγονεν

188 2034 248 2090 τοῦ
265 2027 422 2110 πράττειν
441 2025 460 2090 ό
477 2047 510 2088 τι
527 2025 692 2107 βούλεται,
714 2033 885 2108 πανταχοῦ
902 2035 1011 2100 κακῶς
1029 2022 1202 2107 ἐπιχειρῶν

189 2129 273 2214 ήμῶς
294 2141 405 2197 ποιεῖν
423 2135 588 2216 φαίνεται,
611 2129 739 2193 τούτων
757 2131 844 2194 πολὺ
863 2134 989 2213 μᾶλλον
1011 2129 1202 2212 ὀργίζεσθαι

142 2251 177 2291 ῑδῠ
190 2241 356 2321 προσήκει.
402 2237 438 2303 οί
461 2232 522 2320 μὲν
549 2239 665 2302 τοίνυν
690 2237 785 2300 άλλοι
808 2236 942 2317 πάντες,
971 2236 1044 2300 ὅσοι
1066 2259 1098 2300 τι
1120 2233 1198 2320 παρ’

190 2341 283 2425 ὑμῶν
310 2341 467 2426 εὕρηνται
488 2341 633 2421 πώποτε,
664 2337 716 2424 ἐφ’
744 2332 795 2417 οἷς
818 2335 856 2404 εὖ
878 2343 1096 2423 πεποιήκασιν
1117 2342 1203 2427 ὑμᾶς

190 2451 392 2533 τετίμηνται,
421 2441 518 2524 οὗτος
545 2443 575 2511 δ’
602 2438 651 2522 εἷς
678 2445 833 2511 ἁπάντων
860 2457 927 2511 τῶν
955 2447 1066 2511 ἀλλων
1089 2451 1201 2531 μόνος,

192 2552 243 2638 ἐφ’
266 2548 317 2632 οἷς
339 2553 496 2639 ἐγχειρῶν
520 2553 561 2618 οὐ
585 2553 764 2636 δεδύνηται
787 2561 922 2635 ποιήσαι
942 2563 1057 2629 κακῶς.
1094 2557 1202 2620 καίτοι

190 2661 397 2747 τῶτοιούτφ
420 2661 457 2724 τὸ
482 2661 585 2741 δίκης,
608 2659 652 2742 ἣν
675 2658 778 2723 ἔδωκε
798 2659 933 2734 δικαίως
951 2655 1003 2740 ἀν,
1028 2658 1201 2741 ἀφεῖσθαι,

192 2767 314 2851 μεγάλη
343 2767 464 2852 δωρειὰ
490 2761 567 2849 παρ’
594 2765 688 2848 ὑμῶν
715 2759 767 2848 ήν.
813 2762 883 2828 ἀλλ’
912 2763 953 2828 οὐ
979 2773 1083 2830 ταῦτα
1111 2768 1205 2831 δοκεί

192 2882 260 2949 τοῖς
277 2873 446 2959 ῥήτορσιν,
469 2871 552 2937 ἀλλὰ
571 2874 717 2955 πολίτης,
741 2867 924 2953 εὐεργέτης,
948 2872 1119 2953 στεφάνοι,
1138 2871 1202 2936 διο

194 2977 292 3062 ρειαλ,
316 2974 361 3044 δι’
388 2976 409 3043 ἀ
431 2978 562 3053 τούτοις
585 2978 655 3062 ίδίρι
678 2977 826 3042 δίδωσιν.
872 2976 909 3040 οί
929 2969 959 3040 δ’
986 2977 1080 3041 ἀλλοι
1102 2998 1202 3061 πεφε-

148 3095 183 3136 ¹8⁶
194 3085 384 3169 νακισμένοι
401 3084 554 3166 κάθησθε
575 3083 615 3147 τά
633 3082 807 3166 πράγματα
825 3081 1060 3165 θαυμάζοντες.
1096 3084 1133 3148 τδ
1152 3106 1203 3148 τε-

196 3190 345 3257 λενταῐον
363 3186 400 3254 δὲ
418 3187 496 3254 νυνὶ
514 3186 577 3254 κάν
594 3190 744 3272 φύλακας
757 3186 960 3271 κατέστησαν
974 3187 1060 3272 ὑμᾶς
1073 3188 1204 3254 ἐκείνου

196 3292 249 3358 διδ
277 3305 337 3362 τοῦ
364 3295 656 3379 προβουλεύματος
681 3295 819 3375 τούτου,
851 3295 883 3358 εί
908 3294 951 3377 μή
980 3295 1041 3376 τήν
1067 3296 1202 3379 γραφήν

197 3395 406 3488 ἐποιησάμεθ’
426 3401 520 3486 ἡμεῖς
537 3403 687 3485 ταυτηνί,
704 3397 760 3467 καὶ
778 3401 816 3465 τὸ
834 3409 895 3466 τοῦ
913 3402 1130 3484 μισθοφόρον
1148 3399 1202 3466 καὶ

197 3508 439 3589 θεραπεύοντος
467 3507 595 3572 ἐκεῖνον
622 3509 722 3589 ἔργον
748 3505 769 3588 ή
796 3507 891 3582 πόλις
917 3503 960 3570 ἀν
987 3503 1201 3587 διεπράττετ’,
