2612 3918
491 178 586 229 ΚΑΤΑ
603 177 765 230 ΜΕΙΔΙΟΤ,
1085 175 1128 239 99

122 341 222 412 οὑτος
242 336 380 413 οὐδενός
398 333 462 402 ἐστ’
486 339 586 420 άξιος,
609 341 654 423 μή
671 342 707 403 τί
720 361 758 421 γε
777 349 843 402 τῶν
862 339 972 404 ἄλλων
990 337 1132 421 ἡγεμών.

124 440 208 507 ἀλλὰ
230 454 296 507 τῶν
320 444 441 526 λόγων·
465 442 501 508 ἐν
525 435 575 520 οἷς
597 452 693 528 κοινῇ
715 439 776 528 μὲν
798 440 900 508 οὐδὲν
918 439 1041 508 πώποτ’
1063 436 1127 508 εἶπ’

72 571 108 612 ιιι
124 547 270 632 ἀγαθόν,
292 560 401 626 κακῶς
424 543 454 614 δ’
482 551 551 635 ίδίηι
573 550 698 626 πάντας
720 548 921 634 ἀνθρώπους
943 548 1040 631 λέγει.
1079 547 1132 632 γέ-

124 677 206 730 νους
223 655 332 720 εἵνεκα
350 656 391 739 νὴ
408 658 488 720 Δία·
507 653 562 721 καὶ
579 658 628 732 τίς
648 655 709 722 οὐκ
728 650 819 721 οἶδεν
837 655 932 740 ὑμῶν
950 657 1006 732 τάς
1024 654 1183 736 &noo-56³

125 762 256 844 ρητους,
279 762 388 844 ὥσπερ
412 761 449 828 έν
471 764 649 849 τραγῳδίᾳ,
672 764 730 837 τὰς
750 763 871 828 τούτου
889 763 1003 844 γονάς,
1029 751 1055 848 ᾦ
1075 756 1128 824 δύ’

125 865 343 933 ἐναντιώτατα
372 866 577 952 συμβέβηκεν
606 862 733 949 [εἶναι]·
769 867 790 953 ἡ
817 864 879 951 μὲν
905 867 968 951 γάρ
993 866 1037 943 ὡς
1055 864 1132 948 άλη-

125 976 195 1048 θῶς
222 975 343 1057 μήτηρ,
370 971 391 1057 ἡ
418 970 549 1038 τεκοῦσ’
576 973 694 1056 αὐτόν,
721 977 876 1039 πλεῖστον
899 972 1053 1038 ἁπάντων
1076 970 1131 1036 άν-

125 1078 271 1162 θράπων
299 1075 364 1164 εἶχε
392 1087 490 1163 νοῦν,
518 1078 539 1164 ἡ
568 1076 604 1145 δὲ
632 1081 777 1145 δοκοῦσα
804 1078 858 1145 καὶ
881 1077 1131 1163 ὑποβαλλομένη

125 1195 239 1249 πασῶν
266 1179 309 1267 ἦν
337 1185 539 1269 ἀνοητοτάτη
566 1196 743 1269 γυναικῶν.
789 1194 926 1270 σημεῖον
950 1185 1000 1251 δέ·
1026 1184 1047 1268 ἡ
1071 1179 1131 1268 μέν

125 1292 188 1374 γὰρ
212 1287 342 1356 ἀπέδοτ’
369 1290 473 1367 εὐθὺς
495 1293 688 1376 γενόμενον,
709 1291 731 1377 ἡ
755 1288 786 1358 δ’
812 1290 886 1370 ἐξὸν
909 1290 991 1377 αῦτη
1014 1293 1130 1374 βελτίω

72 1400 287 1482 ισοπρίασδαι
314 1405 371 1481 τῆς
393 1396 494 1480 αὐτῆς
515 1405 610 1481 τιμῆς
631 1406 752 1464 τοῦτον
774 1397 946 1482 ἠγόρασεν.
990 1395 1045 1462 καὶ
1067 1398 1130 1480 γάρ

124 1526 175 1569 τοι
208 1504 262 1569 διά
293 1512 391 1569 τοῦτο
423 1515 490 1570 τῶν
522 1502 563 1568 οὐ
589 1506 825 1588 προσηκόντων
853 1503 991 1586 ἀγαθῶν
1017 1504 1131 1588 κύριος

124 1611 278 1693 γεγονώς,
297 1608 351 1676 καὶ
368 1610 525 1695 πατρίδος
538 1610 720 1695 τετυχηκὼς
738 1609 758 1693 ἣ
777 1613 892 1694 νόμοις
910 1621 976 1675 τῶν
994 1608 1130 1674 ἁπασῶν

124 1718 252 1781 πόλεων
279 1712 407 1800 μάλιστ’
435 1717 599 1780 οἰκεῖσθαι
623 1717 728 1798 δοκεῖ,
757 1713 867 1781 οὐδέν’
894 1711 986 1800 οἶμαι
1006 1718 1131 1801 τρόπον

125 1819 240 1907 φέρειν
272 1817 351 1886 οὐδὲ
382 1826 526 1906 χρῆσθαι
557 1821 687 1898 τούτοις
715 1821 868 1904 δύναται,
901 1821 984 1887 ἀλλὰ
1009 1821 1046 1887 τό
1073 1829 1130 1904 της

124 1927 256 2011 φύσεως
279 1926 414 2010 άληθῶς
436 1926 606 2011 βάρβαρον
629 1924 684 1992 καὶ
706 1932 800 2004 θεοῖς
823 1927 945 2013 ἐχθρὸν
968 1926 1054 1994 ἕλκει
1076 1926 1129 1993 καὶ

124 2035 278 2117 βιάζεται,
297 2031 351 2098 καὶ
366 2034 514 2117 φανερὸν
531 2043 621 2097 ποιεί
637 2044 706 2110 τοῖς
723 2043 888 2118 παροῦσιν
906 2035 1015 2120 ὥσπερ
1034 2033 1129 2100 άλλο-

123 2144 243 2225 τρίοις,
266 2139 346 2225 ὅπερ
370 2142 475 2223 ἔστιν,
498 2139 600 2205 αὐτόν
622 2139 802 2225 χρώμενον.

71 2266 109 2307 ιιι
216 2246 392 2312 Τοσούτων
416 2247 532 2311 τοίνυν
554 2243 609 2310 καὶ
631 2247 793 2311 τοιούτων
816 2248 922 2313 όντων
944 2246 965 2312 δ
986 2254 1031 2335 τῷ
1054 2246 1128 2330 βδε-

124 2354 213 2438 λυρῷ
231 2353 338 2442 τούτῳ
356 2349 411 2418 καὶ
430 2351 562 2417 ἀναιδεῖ
577 2353 742 2435 βεβίωται,
761 2354 848 2418 ἔνιοί
862 2375 919 2437 μοι
937 2355 1129 2437 προσιόντες

124 2452 150 2522 ὦ
172 2459 292 2543 ἄνδρες
315 2455 465 2524 δικασταὶ
486 2468 554 2523 τῶν
571 2456 751 2541 χρωμένων
769 2458 868 2545 αὐτῷ,
890 2468 1129 2543 παραινοῦντες

123 2564 350 2650 ἀπαλλαγῆναι
369 2562 423 2630 καὶ
436 2569 640 2648 καθυφεῖναι
653 2566 714 2630 τὸν
728 2563 839 2648 άγῶνα
852 2567 997 2648 τουτονί,
1016 2563 1128 2649 ἐπειδη

122 2694 162 2755 με
185 2672 229 2755 μη
252 2673 413 2754 πείθοιεν,
436 2669 481 2747 ὡς
503 2666 564 2754 μὲν
584 2669 625 2736 ού
643 2669 750 2735 πολλά
767 2666 822 2735 καὶ
842 2671 934 2735 δεινά
951 2675 1128 2755 πεποίηκεν

123 2776 251 2858 οὑτοσί,
279 2776 334 2843 καὶ
363 2778 459 2861 δίκην
482 2775 640 2859 ἡντινοῦν
663 2772 705 2839 δν
730 2777 803 2858 δοίη
828 2777 962 2853 δικαίως
983 2788 1051 2843 τῶν
1073 2802 1126 2844 πε-

122 2882 333 2975 πραγμένων,
361 2882 422 2950 οὐκ
448 2881 594 2966 έτόλμων
617 2880 739 2965 λέγειν,
768 2880 820 2947 ἐπὶ
842 2891 944 2948 ταῦτα
968 2881 999 2949 δ’
1026 2884 1128 2967 άπην»

122 3014 188 3056 των
215 2989 260 3067 ὡς
287 2990 440 3072 ,ἥλωκεν
465 2990 530 3072 ἤδη
558 2985 612 3053 καὶ
635 2989 888 3073 κατεψήφισται·
923 2993 1014 3068 τίνος
1035 2994 1127 3076 τιμη-

123 3113 193 3162 σειν
225 3096 314 3185 αὐτῷ
341 3096 529 3182 προσδοκᾷς
555 3095 593 3159 τὸ
622 3096 847 3180 δικαστηριονς
881 3093 941 3180 ούχ
970 3096 1050 3183 δρᾷς
1076 3097 1127 3162 ὅτι

121 3209 256 3270 πλουτεῖ
280 3201 335 3268 καὶ
361 3204 572 3287 τριηραρχίας
599 3199 668 3285 έρεί
693 3199 747 3264 καλ
774 3204 983 3286 λητουργίας;
1013 3205 1126 3269 σκόπει

122 3309 162 3393 δὴ
186 3310 229 3393 μὴ
252 3309 382 3384 τούτοις
406 3307 507 3372 αὑτὸν
531 3307 746 3390 ἐξαιτήσηται,
769 3304 823 3371 καὶ
842 3306 963 3372 ἐλάττω
983 3311 1069 3373 πολὺ
1086 3317 1126 3394 τῇ

71 3433 107 3473 ιιι
120 3418 214 3481 πόλει
240 3410 396 3490 καταθεὶς
421 3410 442 3496 ἢ
470 3413 532 3477 ὅσα
559 3428 613 3477 σοι
641 3412 759 3478 δίδωσι
781 3413 1017 3498 καταγελάση.“
1062 3414 1126 3497 ἐγὼ

119 3518 157 3587 δέ
187 3532 320 3602 πρῶτον
352 3516 412 3605 μὲν
444 3516 545 3586 οὐδὲν
574 3515 710 3604 άγεννὲς
737 3519 830 3604 ὑμῶν
859 3520 1126 3604 καταγιγνώσκω,

928 3626 964 3678 ⁷*

12 3869 172 3881 -Ἥ-
