2644 4182
168 153 212 217 10
483 155 543 208 XX.
568 152 849 207 ΔΗΜΟΣΘΕΝΟΤΣ

166 325 296 380 τούτων
314 312 375 401 μὲν
394 313 581 397 οὐδετέρων
600 312 711 392 οὐδεὶς
723 316 778 381 διά
791 317 851 381 τὸν
865 316 970 398 νόμον
983 313 1065 400 ἡμῖν
1077 330 1180 398 προσ·

127 437 153 476 ¹⁰
168 418 259 486 ἐσται
290 422 440 506 χορηγός.
486 420 569 486 ἀλλά
601 421 643 504 νή
672 415 730 486 Δί’
762 423 810 498 είς
838 421 896 498 τὰς
923 431 990 486 τῶν
1018 421 1180 502 μετοίκων

167 529 365 612 λῃτουργιάς
397 527 539 592 είσποιεῖ
565 528 717 604 πολλούς.
764 522 836 592 ἀλλ’
867 525 926 592 έάν
953 525 1044 611 δείξῃ
1071 525 1179 608 πέντε,

167 630 231 714 ἐγὼ
258 637 373 716 ληρεῖν
396 631 556 716 ὁμολογῶ.
601 634 698 716 θήσω
721 636 837 698 τοίνυν
860 630 924 716 ἐγὼ
948 632 992 717 μή
1016 641 1170 698 τοιοῦτον
1180 647 1233 695 εει

167 732 253 803 εἶναι
273 746 385 820 τοῦτο,
410 736 492 803 ἀλλὰ
511 735 651 803 καὶτῶν
670 741 832 822 μετοίκων
850 741 1006 814 πλείονας
1023 735 1043 821 ἢ
1061 737 1179 803 ποσοί·

165 865 259 927 τους,
288 841 330 908 ἀν
358 844 377 909 ὁ
399 845 503 926 νόμος
524 849 618 928 τεθῇ,
641 847 720 920 τοὺς
742 848 1009 930 λῃτουργοῦντας
1032 844 1179 926 ἔσεσθαι,

165 947 221 1016 καλ
239 960 306 1014 τῶν
324 954 470 1016 πολιτῶν
488 946 603 1033 μηδέν’
622 949 658 1016 έκ
674 951 886 1034 τριηραρχίας
898 948 1058 1032 ὑπάρξειν
1072 947 1178 1032 ἀτελή.

165 1057 365 1140 σκεψώμεθα
393 1056 434 1139 δή
461 1058 498 1120 τί
519 1064 618 1121 τοῦτο
641 1065 680 1140 τῃ
702 1058 812 1137 πόλει,
839 1055 898 1120 έὰν
921 1055 1062 1132 ἅπαντες
1084 1048 1178 1120 οὗτοι

166 1166 386 1246 λῃτουργῶσι·
423 1164 607 1246 φανήσεται
634 1162 698 1245 γάρ
723 1157 801 1228 οὐδὲ
823 1166 950 1228 πολλοῦ
974 1163 1027 1228 δεῖ
1047 1171 1104 1246 τής
1125 1184 1178 1244 γε·

124 1285 151 1326 21
166 1266 351 1351 νησομένης
373 1267 468 1348 ἀξιον
490 1269 657 1352 αἰσχύνης.
705 1269 766 1352 ὅρα
790 1265 821 1332 θ’
848 1268 979 1334 οὑτωσί.
1025 1266 1089 1334 ecel
1111 1277 1179 1332 τῶν

166 1372 271 1453 ξένων
294 1373 432 1456 ἀτελεῖς,
461 1373 541 1439 δέκα
562 1376 672 1457 θήσω·
705 1371 761 1439 καὶ
783 1373 828 1459 μὰ
850 1377 929 1451 τοὺς
951 1377 1069 1457 θεοὺς,
1097 1374 1178 1457 ὅπερ

165 1474 260 1545 είττον
284 1479 414 1563 ἀρτίως,
437 1480 499 1545 οὐκ
522 1475 614 1564 οἶμαι
637 1478 726 1546 πέντ’
753 1475 847 1546 εἶναι.
884 1477 940 1546 καὶ
962 1481 1028 1564 μήν
1050 1491 1118 1547 τῶν
1140 1503 1177 1563 γε

165 1590 311 1652 πολιτῶν
338 1585 399 1652 οὐκ
422 1583 486 1650 εἰσὶ
509 1579 600 1650 πέντ’
626 1584 647 1670 ή
670 1583 713 1664 ἒξ.
759 1585 885 1652 οὐκοῦν
908 1585 1104 1671 ἀμφοτέρων
1127 1585 1176 1650 εἰν

164 1692 308 1757 καίάεκα.
353 1693 544 1775 ποιήσωμεν
572 1691 694 1768 αὐτοὺς
720 1697 860 1774 εἴκοσιν,
888 1693 920 1757 εί
941 1687 979 1757 δὲ
1001 1692 1177 1775 βούλεσθε,

165 1797 351 1879 τριάκοντα.
396 1800 495 1862 πόσοι
519 1797 560 1881 ἀή
583 1791 656 1863 ποτ’
683 1796 769 1863 εἰσὶν
792 1797 828 1863 οί
846 1794 917 1864 κατ’
945 1797 1099 1864 ἐνιαυτὸν
1120 1799 1178 1874 τὰς

165 1900 359 1983 ἐγκυκλίους
394 1906 593 1986 λῃτουργίας
628 1907 906 1988 λῃτουργοῦντες,
949 1901 1086 1988 χορηγοὶ
1123 1901 1176 1968 καλ

165 2011 405 2092 γυμνασίαρχοι
433 2005 488 2072 καὶ
514 2007 713 2093 ἑστιάτορες;
752 2008 897 2094 ἑξήκοντ’
924 2016 1004 2087 λ’σως
1026 2008 1046 2092 ή
1071 2018 1176 2096 μικρῷ

125 2129 152 2170 τε
165 2116 300 2190 πλείους
323 2114 509 2197 σύμπαντες
528 2108 629 2180 οὗτοι.
667 2113 710 2180 ἵν’
734 2111 797 2181 οὖν
814 2114 979 2201 τριάκοντ’
1001 2117 1177 2197 ἄνθρωποι

165 2223 299 2297 πλείους
323 2222 412 2302 παρὰ
434 2220 541 2285 πάντα
564 2222 623 2288 τὸν
645 2225 769 2306 χρόνον
792 2225 1064 2307 λῃτουργήσωσιν
1087 2222 1177 2306 ἡμῖν,

164 2328 243 2403 τοὺς
274 2326 420 2403 ἅπαντας
450 2327 594 2403 ἀπίστως
620 2329 703 2412 πρὸς
730 2327 814 2411 ήμίις
841 2329 963 2405 αὐτοὺς
991 2329 1176 2412 ἀιαθωμεν;

166 2429 237 2497 ἀλλ’
255 2437 351 2514 ἴσμεν
370 2431 476 2498 έκεῖνο
494 2433 613 2516 ἀήπον,
633 2434 684 2498 ὅτι
698 2437 985 2518 λῃτουργήσουσιν
998 2430 1059 2517 μὲν
1073 2435 1177 2518 άνπερ

165 2536 186 2619 ἡ
209 2541 305 2614 πόλις
327 2529 349 2623 ᾗ
371 2536 490 2603 πολλοὶ
512 2535 567 2603 καὶ
591 2539 652 2605 οὐκ
676 2539 919 2623 ἐπιλείψουσιν,
947 2535 985 2606 εὖ
1009 2536 1045 2605 δέ
1068 2551 1177 2607 ποιεῖν

164 2641 249 2727 ἡμᾶς
276 2641 387 2720 οὐδεὶς
410 2644 578 2729 ἐθελήσει,
607 2649 686 2722 τοὺς
708 2649 871 2730 πρότερον
893 2649 1096 2729 ποιήσαντας
1118 2645 1176 2712 ἐὰν

124 2765 151 2805 2⁸
164 2747 385 2833 ήθικημένους
408 2752 473 2836 λθῃ.
511 2745 587 2816 είεν.
624 2752 657 2816 εί
678 2748 715 2817 δὲ
734 2750 775 2834 δή
793 2753 835 2817 τά
852 2751 981 2837 μάλιστ’
1004 2750 1177 2820 ἐπέλειπον

164 2854 200 2921 οί
224 2867 378 2939 χορηγεῖν
407 2848 477 2922 οἷοί
499 2879 550 2939 τε,
577 2858 661 2940 πρὸς
685 2859 768 2934 Διὸς
794 2860 936 2942 πότερον
962 2870 1112 2943 κρεῖττον
1134 2855 1177 2944 ήν
1305 2843 1308 2857 ’

164 2963 211 3037 είς
233 2960 426 3027 συντέλειαν
449 2962 584 3045 ἀγαγεῖν
607 2965 666 3040 τὰς
690 2967 848 3047 χορηγίας
870 2965 980 3049 ὥσπερ
1002 2967 1060 3042 τὰς
1087 2989 1176 3050 τριη-

164 3069 312 3153 ραρχίας,
336 3065 356 3151 ἢ
379 3071 457 3144 τοὺς
476 3067 647 3153 εὐεργέτας
666 3066 851 3152 ἀφελέσθαι
868 3072 908 3136 τά
927 3070 1087 3148 ἀοθέντα;
1112 3071 1176 3155 ἐγὼ

163 3167 225 3256 μὲν
248 3172 355 3239 έκεῖνο
379 3169 478 3256 οἶμαι.
516 3181 580 3239 νῦν
604 3172 665 3259 μέν
687 3199 725 3257 γε
748 3177 808 3241 τὸν
825 3180 959 3261 χρόνον,
983 3177 1024 3244 ὃν
1042 3175 1084 3242 ἀν
1102 3177 1177 3244 τού-

162 3301 231 3343 των
260 3278 395 3356 ἕκαστος
417 3284 599 3366 λῃτουργῃ,
629 3281 747 3347 δίδωσι
770 3282 831 3366 τήν
854 3283 1042 3348 ἀνάπαυσιν
1065 3283 1177 3361 αὐτοῖς

163 3386 285 3468 μόνον,
315 3386 395 3468 μετά
422 3395 525 3451 ταῦτα
553 3380 584 3452 θ’
610 3385 713 3452 οὐδὲν
740 3391 877 3455 έλαττον
904 3387 1040 3466 ἕκαστος
1067 3390 1177 3455 αὐτῶν

164 3488 341 3555 ἀναλώσει·
365 3492 438 3556 τότε
457 3488 488 3556 θ’
506 3489 548 3555 ἂν
566 3501 684 3575 μικρᾶς
704 3495 893 3570 συντελείας
906 3491 969 3559 ἀπὸ
984 3506 1051 3560 τῶν
1064 3494 1228 3576 ὑπαρλοι
