2938 4180
270 163 333 230 138
576 171 662 223 xxn.
686 171 964 225 οεαοεσααονε

268 325 438 412 κειμένους
464 331 589 414 νόμους
614 330 670 396 καὶ
696 329 733 398 τὸ
762 331 926 417 εὐορκεῖν·
958 335 989 398 εἰ
1014 333 1078 416 γάρ
1106 332 1269 418 άπονηφι·

268 439 361 499 εἴσθε
386 435 507 501 τούτου
530 448 681 520 φανερῶς
705 437 809 515 οὕτως
831 441 920 522 παρά
941 442 1019 516 τοὺς
1040 442 1164 524 νόμους
1187 440 1274 524 εἰρη-

267 541 372 620 κότος,
396 540 506 620 δόξετε
529 552 630 608 πᾶσιν
649 544 689 608 τά
706 546 855 629 χρήματα
873 539 964 610 ταῦτ’
985 543 1058 611 ἀντὶ
1077 557 1143 610 τῶν
1161 546 1276 628 νόμων

267 643 322 711 καί
343 655 401 730 της
423 648 576 732 εὐορκίας
599 645 752 734 ᾑρῆσθαι.
790 649 811 715 δ
834 648 906 715 οὐδ’
934 648 976 716 δν
998 653 1030 716 εἰ
1050 647 1127 732 παρ’
1154 648 1275 717 ἑαυτοῦ

269 751 343 835 δοίη
366 775 416 830 τις
438 752 531 838 ὑμῖν,
562 758 676 838 λαβεῖν
698 754 807 838 άξιον,
835 757 880 841 μή
902 752 987 838 τόγ’
1015 751 1067 838 ἐφ’
1093 744 1119 844 ᾧ
1144 754 1275 839 ἑτέρους

229 871 254 914 ⁴⁶
268 858 481 941 εἰσπράττειν.
527 855 611 926 ὥσθ’
642 861 722 927 ὅταν
754 869 856 927 ταῦτα
885 861 978 948 λέγη,
1011 860 1180 946 μέμνησθε
1207 874 1275 928 τῶν

268 963 376 1049 ὅρκων
402 962 457 1030 καὶ
484 966 546 1051 την
573 967 706 1051 γραφὴν
729 965 947 1052 ἐνθυμεῖσθε,
976 968 1027 1035 ότι
1049 976 1113 1033 νῦν
1136 967 1177 1033 οὐ
1199 965 1274 1049 περὶ

267 1069 414 1151 πράξεως
445 1073 613 1158 εἰσφορῶν
645 1071 750 1154 ἐστίν,
782 1066 854 1138 ἀλλ’
885 1075 917 1139 εἰ
946 1075 1000 1139 δελ
1026 1075 1162 1159 κυρίους
1188 1069 1275 1140 εἶναι

267 1179 345 1253 τοὺς
371 1180 503 1261 νόμους.
548 1175 603 1242 καὶ
630 1175 855 1264 περὶτούτων
878 1173 953 1264 μέν,
982 1177 1021 1245 δν
1043 1182 1168 1265 τρόπον
1190 1179 1275 1264 ὑμᾶς

268 1281 404 1366 ἀπάγων
435 1284 498 1351 άπὸ
526 1292 586 1350 τοῦ
612 1286 718 1368 νόμον
746 1286 1017 1369 παρακρούεσθαι
1045 1287 1187 1369 ζητήσει,
1219 1285 1275 1352 καὶ

267 1386 288 1453 δ
306 1391 389 1474 πρὸς
405 1388 504 1455 ταῦθ’
522 1390 606 1476 ὑμᾶς
625 1391 894 1475 μνημονεύοντας
912 1391 956 1476 μὴ
974 1389 1155 1478 ’πιτρέπειν
1173 1409 1273 1478 προσ-

267 1497 352 1578 ήκει,
380 1496 485 1561 πολλὰ
514 1494 621 1579 λέγειν
648 1498 733 1580 ἔχων
755 1498 817 1578 ἔτι,
850 1494 904 1562 καὶ
931 1494 1029 1561 ταῦθ’
1061 1498 1157 1562 ίκανά
1190 1494 1275 1565 εἶναι

267 1595 425 1685 νομίζειν,
449 1601 543 1667 έάσω.

227 1720 254 1764 4²
356 1707 526 1792 Βούλομαι
558 1703 594 1774 δέ
627 1705 680 1774 καὶ
712 1709 752 1773 τά
784 1709 1005 1794 πολιτεύματα
1037 1708 1183 1788 ἐξετάσαι
1215 1721 1275 1778 τοῦ

267 1817 371 1879 καλοῦ
401 1812 554 1896 κάγαθοῦ
585 1815 720 1897 τούτου,
753 1811 797 1879 δι’
829 1808 877 1879 ὧν
909 1813 971 1879 ούκ
1000 1811 1073 1879 ἔσθ’
1105 1816 1123 1880 ό
1150 1840 1181 1881 τι
1207 1828 1274 1883 τῶν

268 1919 467 1998 δεινοτάτων
498 1919 640 1986 ἐλλιπὼν
672 1922 868 2004 φανησεται·
900 1917 955 1985 καὶ
982 1920 1046 2002 γδιρ
1074 1920 1192 2007 ἀναιδῆ
1220 1922 1294 1990 καλΙ

267 2028 400 2110 θρασὺν
426 2023 480 2091 καί
508 2024 649 2110 κλέπτην
674 2023 728 2091 καὶ
751 2025 968 2110 ύπερηφανον
990 2024 1045 2092 καί
1068 2028 1174 2092 πάντα
1197 2034 1272 2112 μᾶλ-

269 2134 328 2195 λον
346 2129 367 2213 ἢ
386 2129 423 2196 έν
441 2134 644 2218 δημοκρατία
660 2125 870 2196 πολιτεύεσθ’
888 2129 1074 2216 έπιτηδειον
1088 2128 1156 2198 ὅντ’
1173 2135 1275 2202 αὐτὸν

269 2234 372 2315 δείξω,
417 2235 471 2302 καί
494 2233 724 2322 πρῶτονμὲν,
750 2231 803 2320 ἐφ’
829 2228 855 2325 ᾧ
878 2236 1033 2322 μέγιστον
1056 2252 1190 2324 φρονεῖ,
1213 2243 1275 2326 την

268 2349 334 2408 τῶν
351 2343 527 2428 χρημάτων
545 2342 716 2429 εἴσπραξιν
734 2342 937 2427 ἐξετάσωμεν
956 2342 1068 2426 αὐτοῦ,
1088 2345 1131 2430 μη
1146 2355 1185 2432 τῇ
1198 2349 1273 2413 τού-

267 2471 328 2514 του
349 2448 565 2534 προσέχοντες
587 2449 759 2536 άλαζονείηι
780 2449 839 2514 τὸν
861 2458 955 2531 νοῦν,
979 2449 1062 2515 ἀλλὰ
1081 2453 1118 2517 τὸ
1137 2451 1273 2538 πρᾶγμ’,

227 2573 254 2613 ⁴⁸
267 2547 341 2621 οἷον
354 2555 492 2639 γέγονεν
505 2564 544 2641 τη
558 2555 710 2642 ἀληθεία,
728 2565 937 2632 σκοποῦντες.
965 2549 1063 2632 οὗτος
1076 2557 1274 2643 Εὐκτήμονα

269 2655 377 2745 φήσας
394 2662 452 2738 τὰς
465 2661 622 2747 ὑμετέρας
636 2664 722 2745 ἔχειν
736 2660 903 2746 εἰσφοράς,
922 2659 976 2726 καὶ
990 2660 1078 2727 τοῦτ’
1097 2661 1274 2747 ἐξελέγξειν

267 2767 288 2852 ἢ
302 2760 384 2852 παρ’
392 2766 495 2834 αὑτοῦ
505 2769 706 2852 καταθήσειν
714 2765 950 2851 ὑποσχόμενος,
964 2769 1149 2845 καταλύσας
1160 2774 1264 2854 ψηφί-
1274 2782 1325 2832 σσε

268 2891 366 2957 σματι
382 2874 553 2958 κληρωτὴν
571 2872 675 2958 ἀρχὴν
694 2870 747 2938 ἐπὶ
765 2881 805 2957 τῇ
823 2873 987 2958 προφάσει
1005 2873 1119 2960 ταύτη,
1142 2873 1195 2940 ἐπὶ
1213 2878 1274 2960 την

269 2977 438 3058 εἴσπραξιν
464 2977 600 3063 παρέδυ.
647 2979 849 3065 δημηγορίας
877 2975 906 3043 δ’
934 2976 986 3044 έπὶ
1008 2979 1138 3057 τούτοις
1159 2985 1273 3048 ποιού-

269 3091 381 3171 μενος,
404 3085 449 3162 ὡς
471 3087 539 3150 ἔστι
562 3096 664 3169 τριῶν
686 3085 825 3169 αἵρεσις,
848 3083 869 3167 ἢ
892 3087 1107 3150 κατακόπτειν
1128 3087 1168 3151 τδ
1190 3107 1273 3173 πομ-

268 3201 358 3274 πεῖα,
386 3191 414 3275 ἢἸ
430 3191 529 3256 πάλιν
552 3188 733 3274 εἰσφέρειν,
761 3189 782 3274 ἢ
805 3192 882 3267 τοὺς
905 3189 1100 3273 ὀφείλοντας
1122 3193 1273 3277 εἰσπράτ-

231 3318 354 3380 ιε’τειν,
382 3295 589 3383 αἰρουμένων
612 3299 744 3373 εἰκότως
766 3295 860 3378 ὑμῶν
883 3298 960 3373 τοὺς
987 3295 1181 3380 ὀφείλοντας
1207 3301 1273 3365 εἰσ·

267 3406 439 3488 πράττειν,
475 3413 546 3479 ταῖς
582 3401 799 3488 ὑποσχέσεσιν
834 3399 993 3487 κατέχων,
1033 3400 1087 3468 καὶ
1123 3404 1179 3469 διά
1213 3405 1274 3470 τὸν

267 3511 387 3597 καιρὸν
415 3509 450 3596 ὃς
477 3505 519 3598 ην
545 3507 610 3580 τότ’
634 3511 722 3593 ἔχων
745 3507 910 3590 ἐξουσίαν,
939 3518 1007 3584 τοῖς
1030 3504 1096 3592 μέν·
1112 3507 1274 3593 κειμένοις
