2612 3918
165 165 208 232 το
480 171 553 222 xx1.
575 144 855 224 ΔΗιιοΣοεαοὺει

208 523 332 614 ὑβρίση,
355 525 437 609 μέχρι
459 524 498 587 ἀν
520 524 642 612 ἐκτείση.

123 661 150 704 ιε
248 641 392 711 Ἀκούεί
419 641 445 711 ὦ
473 646 593 730 ἀνδρες
614 642 789 728 Ἀθηναῖοι
815 653 877 711 τοῦ
902 649 1009 731 νόμου
1035 655 1093 731 τῆς
1119 670 1176 730 φι-

163 753 392 836 λανθρωπίας,
421 751 457 829 δς
485 747 564 817 οὐδὲ
586 753 664 828 τοὺς
688 752 831 828 δούλους
853 751 1048 837 ὑβρίζεσθαι
1071 751 1233 831 ἀξιολοοο
1298 795 1299 808 τ

162 859 199 921 τί
218 851 280 922 οὖν
302 858 385 942 πρὸς
406 863 512 934 θεῶν;
541 862 576 922 εί
591 879 641 934 τις
659 857 706 933 είς
724 859 803 933 τοὺς
821 857 1012 942 βαρβάρους
1031 857 1175 940 ἐνεγκὼν

162 964 222 1027 τὸν
253 965 359 1047 νόμον
389 971 525 1046 τοῦτον,
557 955 635 1047 παρ’
665 955 713 1028 ὧν
742 963 782 1027 τά
810 957 992 1047 ἀνδράποδ’
1023 965 1071 1040 είς
1096 966 1175 1040 τοὺς

113 1059 117 1074 '
155 1065 317 1153 Ἕλληνας
347 1073 526 1154 κομίζεται,
558 1066 704 1133 ἐπαινῶν
734 1066 820 1152 ὑμᾶς
850 1065 906 1133 καὶ
938 1067 1069 1148 διεξιὼν
1098 1067 1175 1154 περὶ

122 1191 149 1233 ιο
162 1182 219 1255 τῆς
250 1175 377 1251 πόλεως
408 1180 495 1241 είποι
526 1173 610 1258 πρὸς
641 1173 762 1250 αὐτοὺς
794 1173 845 1238 ὄτι
876 1171 989 1257 ,,είσὶν
1018 1173 1175 1259 Ἕλληνές

161 1301 249 1356 τινες
271 1279 461 1364 ἅνθρωποι,
491 1277 597 1354 οὑτως
619 1279 736 1364 ἥμεροι
759 1277 813 1344 καὶ
837 1281 1074 1365 φιλάνθρωποι
1096 1283 1175 1359 τοὺς

160 1386 314 1468 τρόπους,
338 1385 421 1450 ὥστε
444 1381 539 1451 πόλλ’
565 1381 624 1469 ὑφ’
649 1383 744 1470 ὑμῶν
767 1384 971 1470 ἠδικημένοι,
995 1384 1050 1452 καὶ
1073 1387 1175 1471 φύσει

160 1498 218 1574 τῆς
249 1492 331 1576 πρὸς
362 1489 447 1575 ὑμᾶς
476 1492 600 1575 ἔχθρας
627 1489 739 1566 αὐτοῖς
766 1488 979 1576 ὑπαρχούσης
1006 1502 1175 1577 πατρικῆς,

161 1595 249 1682 ὅμως
280 1589 353 1662 οὐδ’
385 1595 474 1661 ὑσων
505 1593 547 1661 ἀν
575 1595 675 1679 τιμὴν
701 1594 901 1672 καταθέντες
929 1597 1072 1674 δούλους
1098 1601 1175 1682 κτή-

161 1717 299 1786 σωνται,
327 1697 406 1767 οὐδὲ
433 1700 573 1776 τούτους
598 1700 747 1786 ὑβρίζειν
769 1699 935 1784 ἀξιοῦσιν,
963 1701 1045 1767 ἀλλά
1067 1705 1174 1788 νόμον

162 1808 306 1894 δημοσίᾳ
331 1807 392 1872 τὸν
413 1815 517 1871 ταῦτα
539 1805 734 1872 κωλύσοντα
755 1806 924 1872 τέθεινται
946 1811 1095 1890 τουτονί,
1122 1811 1174 1876 καί

160 1917 288 1992 πολλοὺς
319 1913 378 1996 ἤδη
409 1915 601 1997 παραβάντας
633 1914 685 1978 τὸν
716 1915 810 1997 νόμον
841 1925 947 1979 τοῦτον
978 1915 1173 1997 ἐζημιώκασιν

121 2019 315 2110 ιοθανάτμ,“
340 2019 372 2083 εί
391 2011 481 2082 ταῦτ’
508 2017 686 2084 ἀκούσειαν
708 2017 764 2084 καὶ
786 2029 921 2085 συνεῖεν
942 2018 978 2084 oc
997 2020 1172 2104 βάρβαροι,

161 2124 223 2192 οὑκ
245 2123 288 2190 ἀν
310 2128 424 2190 οίεσθε
448 2124 592 2211 δημοσίᾳ
613 2124 739 2201 πάντας
758 2124 843 2208 ὑμᾶς
861 2122 1043 2208 προξένους
1061 2124 1173 2191 αὑτων

160 2234 380 2315 ποιήσασθαι;
403 2229 462 2292 τὸν
485 2232 601 2294 τοίνυν
625 2216 666 2294 οὐ
688 2231 776 2314 παρά
798 2239 868 2306 τοῖς
887 2226 1044 2312 Ἓλλησιν
1066 2233 1172 2315 μόνον

161 2337 402 2422 εὐδοκιμοῦντα
423 2336 540 2418 νόμον,
563 2332 720 2400 ἀλλὰκαὶ
740 2335 830 2416 παρὰ
847 2346 917 2411 τοῖς
934 2335 1116 2420 βαρβάροις
1133 2331 1172 2402 εὑ

161 2440 291 2523 δόξαντ’
322 2440 365 2506 άν
392 2441 494 2525 ἔχειν,
521 2440 694 2505 σκοπεῖσθ’
724 2439 743 2506 δ
770 2441 920 2525 παραβάς
946 2440 1064 2524 ἥντινα
1091 2442 1176 2520 δοὺς

161 2550 258 2633 δίκην
281 2547 376 2627 ἀξίαν
399 2549 489 2612 ἔσται
513 2547 673 2624 δεδωκώς.

121 2670 147 2714 ιι
249 2655 295 2719 El
324 2649 385 2737 μὲν
416 2654 532 2718 τοίνυν
562 2647 588 2716 ὑ
616 2652 735 2736 ἀνδρες
758 2645 932 2734 Ἀθηναῖοι
958 2650 1003 2736 μὴ
1030 2654 1174 2738 χορηγὸς

161 2757 210 2824 ὢν
224 2756 322 2824 ταῦτ’
344 2757 544 2834 ἐπεπόνθειν
565 2757 630 2822 ὑπὸ
650 2757 807 2841 Μειδίου,
831 2755 932 2841 ὑβριν
954 2755 996 2821 ἀν
1013 2780 1063 2835 τις
1079 2757 1173 2824 κατέ·

160 2888 229 2947 γνω
257 2874 326 2929 τῶν
351 2862 593 2948 πεπραγμένων
619 2862 722 2951 αὐτῷ·
752 2872 817 2928 νῦν
845 2860 885 2927 δέ
905 2885 962 2947 μοι
985 2863 1086 2946 δοκεῖ,
1108 2861 1172 2929 κάν

161 2969 316 3054 ἀσέβειαν
334 2970 365 3034 εί
381 2969 654 3052 καταγιγνώσκοι,
672 2969 713 3034 τὰ
730 2969 940 3054 προσήκοντα
958 2979 1074 3034 ποιεῖν.
1102 2975 1172 3036 ίστε

160 3077 224 3159 γάρ
248 3077 357 3160 δήπου
379 3071 476 3141 τοῦθ’
499 3074 550 3140 ὅτι
572 3078 650 3152 τοὺς
672 3077 792 3160 χοροὺς
815 3074 907 3157 ὑμεῖς
930 3073 1075 3150 ἅπαντας
1096 3075 1172 3140 τού-

161 3204 240 3258 τους
261 3179 317 3246 καλ
339 3183 417 3258 τοὺς
439 3179 567 3264 ὕμνους
589 3188 635 3270 τῷ
657 3186 728 3269 θεῷ
750 3190 885 3262 ποιεῖτε,
907 3178 949 3246 ού
967 3181 1072 3264 μόνον
1090 3181 1172 3246 κατά

161 3289 240 3362 τοὺς
261 3289 386 3370 νόμους
408 3289 487 3363 τοὺς
508 3283 669 3371 περὶτῶν
686 3288 891 3369 Διονυσίων,
914 3283 1072 3350 ἀλλὰκαὶ
1090 3287 1172 3352 κατά

162 3392 220 3468 τάς
242 3396 407 3476 μαντείας,
431 3391 468 3458 ἐν
492 3383 544 3468 αἷς
567 3390 708 3468 άπάσαις
731 3389 941 3477 ἀνηρημένον
960 3389 1113 3475 εὑρήσετε
1131 3400 1171 3478 τη

162 3498 267 3580 πόλει,
285 3495 406 3582 ὁμοίως
420 3496 456 3563 ἐκ
470 3500 617 3580 Δελφῶν
629 3496 684 3562 καλ
699 3496 735 3563 ἐκ
749 3498 930 3581 Δωδώνης,
949 3499 1070 3581 χορούς
1084 3497 1171 3563 ίστά-

208 341 267 394 τῶν
284 333 410 414 ψήφων,
429 331 606 394 ἀποτεισάτω
625 334 718 413 χιλίας
736 332 867 415 δραχμάς
884 338 925 420 τῷ
944 332 1085 420 δημοσίῳ.
1122 331 1177 396 έάν
1296 329 1297 336 ¹

209 425 241 491 δά
264 428 407 512 ἀργυρίου
431 437 543 514 τιμηθῇ
562 439 614 509 της
633 429 757 510 ὑβρεως,
781 429 925 510 δεδέσθω,
946 429 999 493 ίδιν
1017 429 1176 512 ἐλεύθερον
1297 478 1298 534 ,
