2612 3918
164 179 208 240 96
305 147 316 162 '
478 181 550 233 xx1.
573 165 853 234 Δομοεοευοντ

164 338 258 423 ὑμῶν
289 335 345 424 ἐμὲ
371 337 471 405 ταῦθ’
503 338 639 423 ἑόρακεν
665 349 840 419 ποιοῦντας
873 340 935 406 οὑιι
948 331 1066 423 ιἔστιν,
1099 331 1174 406 ἀλλ’

165 437 259 509 οὑτοι
286 439 329 510 δι’
355 447 481 530 ἔχθραν
508 445 774 522 καταψεύδονταί
797 468 877 529 μου,
904 446 1176 529 καταύευδομαρ·

163 551 361 634 τυροῦμυι,“
378 551 418 615 τά
431 559 581 616 τοιαῦτα·
598 551 705 638 τούτῳ
720 547 751 614 δ’
769 550 852 615 αὑτὰ
865 549 1022 616 τάναντία
1035 551 1175 615 τούτων.

113 675 151 733 m
164 656 290 732 πάντας
315 657 378 740 γὰρ
405 654 491 739 ὑμᾶς
518 654 641 721 είδὲναι
664 657 785 739 νομίζω
807 657 867 722 τὸν
888 659 1014 741 τρόπον
1035 653 1089 721 καὶ
1112 656 1177 738 τήν

165 757 338 844 ἀσέλγειαν
365 758 421 826 καί
447 761 509 844 τήν
535 760 769 844 ὑπερηφανίαν
792 769 853 826 τοῦ
876 764 967 845 βίου,
995 757 1051 828 καί
1072 762 1177 826 πάλαι

164 867 347 950 θαυμάζειν
365 864 475 943 ένίους
493 862 594 951 οἶμαι,
615 860 662 932 ὧν
681 864 777 932 αὑτοὶ
795 862 856 951 μέν
875 873 996 948 ίσασιν,
1016 866 1077 932 οὑκ
1096 867 1176 950 ἀκη-

164 973 261 1036 κόασι
284 967 321 1037 δέ
342 980 406 1037 νῦν
430 971 518 1056 ἐμοῦ.
555 973 699 1048 πολλοὺς
717 968 754 1037 δέ
771 982 840 1037 τῶν
858 974 1076 1038 πεπονθότων
1094 969 1175 1038 οὑδὲ

165 1073 267 1141 πάνθ’
298 1075 348 1142 ὑσ’
380 1077 552 1161 ἠδίκηνται
582 1087 762 1163 μαρτυρεῖν
793 1076 970 1154 ἐθέλοντας
997 1077 1080 1162 ὁρῶ,
1112 1079 1175 1161 τήν

165 1185 243 1266 βίαν
273 1179 327 1248 καὶ
356 1183 418 1267 τήν
445 1185 764 1271 φιλοπραγμοσύνην
792 1183 939 1269 ὁρῶντας
965 1183 1026 1267 τήν
1052 1185 1176 1250 τούτου
1204 1170 1206 1173 ’

165 1284 221 1353 καὶ
242 1289 304 1372 τήν
325 1287 493 1374 ἀφορμήν,
515 1289 599 1374 ήπερ
618 1290 755 1374 ἰσχυρόν
772 1300 863 1355 ποιεί
878 1287 932 1355 καί
951 1291 1097 1377 φοβερὸν
1115 1292 1175 1357 τὸν

113 1415 152 1455 ιιε
165 1394 392 1461 κατάπτυστον
413 1399 555 1460 τουτονί.
600 1395 637 1462 τὸ
659 1396 724 1480 γὰρ
748 1389 797 1460 ἐπ’
823 1393 973 1478 ἐξουσίας
995 1394 1050 1462 καί
1072 1398 1175 1462 πλού-

165 1523 227 1566 του
249 1502 396 1586 πονηρδν
419 1496 505 1566 εἶναι
530 1499 598 1581 [καὶ
615 1500 803 1585 ὑβριστήν],
825 1504 931 1586 τείηός
949 1500 1018 1567 έστι
1036 1506 1118 1586 πρὸς
1135 1505 1174 1570 τὸ

165 1602 270 1690 μηδὲν
296 1604 339 1670 δν
365 1606 398 1686 ἑξ
426 1606 604 1692 ἐπιδρομῆς
630 1612 768 1686 παθεῖν,
797 1604 867 1673 ἐπεὶ
894 1611 1116 1693 περιαιρεθείς
1138 1607 1169 1692 γ’

166 1705 263 1787 οὑτος
294 1712 334 1776 τά
361 1708 429 1776 ὅντ’
461 1719 540 1789 ἴσως
566 1708 628 1797 μέν
655 1713 717 1778 οὐκ
744 1710 786 1778 δν
812 1712 955 1798 ὑβρίζοι,
988 1715 1019 1778 εί
1045 1711 1074 1780 δ’
1106 1709 1172 1800 ἄρ’,

166 1816 339 1894 ἐλάττονος
361 1817 452 1896 άξιος
474 1821 564 1884 ἔσται
586 1828 647 1886 τοὺ
669 1820 869 1904 μικροτάτου
891 1813 969 1904 παρ’
992 1819 1085 1903 ὑμίν·
1112 1821 1173 1904 μά-

166 1945 227 2006 την
244 1924 308 2008 γὰρ
326 1925 556 2007 λοιδορήσεται
573 1923 629 1990 καὶ
646 1927 812 2009 βοήσεται,
832 1925 929 2008 δίκην
948 1922 993 2008 δ’,
1011 1922 1054 1991 δν
1070 1924 1164 1991 άσελ-
1175 1935 1232 1988 ⁶6⁰

115 2049 153 2089 ιω
165 2032 264 2112 γαίνη
295 2051 342 2110 τι,
374 2040 444 2106 τοῖς
476 2031 588 2107 άλλοις
619 2030 698 2114 ήμῑν
727 2029 761 2110 ἑξ
788 2037 865 2096 ίσου
892 2031 1001 2096 δώσει.
1046 2039 1110 2096 νῦν
1138 2029 1170 2100 δ’

167 2130 258 2219 οἶμαι
288 2135 410 2201 τούτου
440 2134 662 2220 προβέβληται
695 2137 920 2219 Πολύευκτος,
959 2137 1174 2222 Τιμοκράτης,

166 2241 350 2324 Εὐκτήμων
373 2239 392 2306 ὑ
410 2243 595 2324 κονιορτός·
616 2246 766 2307 τοιοῦτοί
779 2240 867 2318 τινές
885 2244 949 2308 είσι
967 2245 1175 2328 μισθοφόροι

164 2345 240 2432 περὶ
262 2346 378 2428 αὐτόν,
402 2344 561 2430 καὶπρὸς
583 2348 712 2424 τούτοις
734 2346 856 2434 ἑτεροι,
878 2349 1055 2433 μαρτύρων
1077 2365 1174 2415 συνε-

166 2449 264 2520 στῶτ’
291 2449 450 2538 ἑταιρεία,
477 2464 629 2538 φανερῶς
655 2451 716 2538 μὲν
743 2453 805 2519 ούκ
832 2452 1058 2539 ἐνοχλούντων
1081 2453 1174 2538 ὑμίν,

166 2567 242 2642 σιγῇ
271 2553 312 2644 δέ
342 2559 382 2622 τά
413 2559 520 2641 ψευδῆ
553 2556 646 2645 ῥᾷστ’
680 2557 909 2625 ἐπινευόντων.
955 2562 1009 2638 οὑς
1036 2562 1076 2644 μδ
1102 2565 1174 2638 τοὺς

165 2658 257 2732 θεοὺς
284 2655 373 2722 οὐδὲν
400 2654 580 2737 ὠφελεῖσθαι
600 2660 709 2740 νομίζω
731 2657 811 2740 παρὰ
833 2661 954 2722 τούτου·
986 2659 1057 2722 ἀλλὰ
1081 2661 1177 2724 δεινοί

165 2753 242 2834 τινές
260 2756 334 2816 εἰσιν
353 2747 376 2816 ὑ
394 2752 501 2837 άνδρες
516 2749 682 2836 Ἀθηναῖοι,
705 2756 886 2838 φθείρεσθαι
903 2756 977 2838 πρὸς
995 2758 1064 2832 τοὺς
1081 2763 1174 2820 πλου-

114 2853 250 2926 λίθσίους
272 2850 322 2913 καί
344 2858 480 2934 παρεῖναι
501 2850 552 2912 καί
574 2858 740 2933 μαρτυρεῖν.
777 2849 884 2915 πάντα
907 2845 944 2915 δὲ
966 2847 1056 2916 ταῦτ’
1082 2847 1174 2935 οἶμαι

167 2950 282 3040 φοβέρ’
306 2954 374 3019 ἐστι
394 2965 461 3020 τῶν
480 2954 590 3020 άλλων
608 2953 703 3038 ὑμῶν
720 2952 846 3044 ἑκάστῳ
863 2951 941 3021 καθ’
965 2955 1067 3022 αὑτὸν
1086 2957 1174 3035 ὅπως

167 3062 306 3127 δύναται
326 3062 429 3139 ζῶντι.
462 3053 564 3142 οὑπερ
583 3060 693 3126 εἵνεκα
711 3057 907 3142 συλλέγεσθ’
926 3061 1030 3146 ὑμεῖς,
1048 3055 1107 3145 ἵν’,
1126 3056 1174 3128 ὧν

166 3163 244 3233 καθ’
266 3163 314 3232 ἑν’
337 3162 427 3230 ἐστὶν
449 3163 584 3242 ἕκαστος
606 3165 701 3250 ὑμῶν
723 3164 867 3232 ἑλάττων
888 3165 909 3251 ή
933 3171 1043 3252 φίλοις
1065 3165 1175 3251 ήτοίς

167 3265 265 3338 οὑσιν
287 3269 308 3356 ή
331 3281 398 3337 τῶν
421 3272 531 3336 άλλων
552 3274 630 3354 τινί,
652 3271 781 3337 τούτων
803 3271 1014 3354 συλλεγέντες
1034 3270 1175 3340 ἑκάστου

167 3379 335 3462 κρείττους
357 3398 392 3442 τε
413 3379 577 3459 γίγνησθε
600 3373 655 3441 καὶ
677 3377 802 3458 παύητε
823 3378 885 3460 τήν
906 3377 1015 3463 ὑβριν.

117 3507 152 3546 ιιι
261 3491 349 3572 Τάχα
382 3494 499 3555 τοίνυν
530 3487 584 3556 καὶ
614 3492 764 3566 τοιοῦτός
795 3514 844 3568 τις
875 3487 944 3570 ήξει
975 3493 1058 3574 πρὸς
1089 3489 1177 3576 ὑμᾶς
