2616 3910
247 211 346 263 ΠΡΟΣ
364 210 526 261 ΒΟΙΩΤΟΝ
545 211 632 261 ΠΕΡΙ
649 210 811 261 ΠΡΟΙΚΟΣ
830 210 1024 261 ΜΗΤΡΩΙΑΣ.
1073 207 1136 272 507

130 368 374 452 ἀποτείσουσιν,
397 366 468 434 ἀλλ’
496 368 532 435 ἐκ
554 378 611 452 τῆς
634 371 738 446 οἰκίας
760 370 800 434 τὰ
823 368 884 454 έμά
907 367 979 454 ἐμοὶ
1001 369 1128 434 ἀπούύ-
1140 345 1210 430 1023

130 491 259 557 σουσιν,
282 476 326 559 ἣν
349 476 541 559 ἐξειλόμεθα
563 471 624 559 μὲν
644 485 740 560 κοινῇ
759 477 878 552 πάντες
897 478 944 552 εἰς
961 477 1022 559 τὴν
1040 479 1139 540 ἔκτει-

129 598 185 646 σιν
208 591 264 664 τῆς
287 583 433 664 προικός,
457 580 625 654 οἰκοῦντες
648 575 678 644 δ’
704 579 808 663 αὐτην
832 573 926 644 οὗτοι
947 581 1045 662 μόνοι
1068 581 1139 643 δια·
1169 596 1175 612 ·

6 747 8 758 ,
91 706 116 746 ει
130 691 291 752 τελοῦσιν.
338 685 414 750 οὔτε
441 685 504 769 γὰρ
532 683 685 769 ἁρμόττει
707 707 764 768 μοι
786 684 955 769 θυγατέρα
979 683 1140 768 ἐπίγαμον

130 793 238 874 ἔχοντι
262 794 366 856 οἰκείν
387 792 467 876 μετὰ
485 790 623 871 τούτων,
648 793 683 855 οἳ
698 790 740 855 ού
759 793 863 870 μόνον
883 789 977 856 αὐτοὶ
995 791 1141 874 ἀσελγῶς

131 899 244 978 ζῶσιν,
273 897 356 962 ἀλλά
383 893 438 962 καὶ
465 896 601 980 ὁμοίους
629 896 742 973 αὑτοῖς
770 894 901 980 ἑτέρους
927 899 1071 972 πολλοὺς
1093 897 1140 973 εἰς

129 1003 191 1085 τὴν
214 1002 323 1067 οἰκίαν
346 1004 550 1085 εἰσάγουσιν,
574 1002 650 1067 ούτε
669 1004 714 1086 μὰ
732 1004 792 1068 τὸν
811 996 869 1066 Δί’
892 999 1037 1086 ἀσφαλες
1055 998 1144 1068 εἰναί

55 1168 58 1176 .
130 1129 187 1192 μοι
209 1111 330 1192 νομίζω
354 1111 456 1192 συζῆν
476 1108 606 1184 τούτοις
625 1107 661 1172 έν
678 1117 723 1194 τῷ
743 1107 843 1196 αὐτῷ·
868 1109 953 1174 ὅπου
971 1111 1034 1193 γὰρ
1054 1110 1139 1174 οὕτω

129 1225 283 1298 φανερῶς
301 1237 358 1298 μοι
377 1214 672 1297 ἐπιβουλεύσαντες
690 1215 737 1290 εἰς
751 1213 884 1298 ’Ἀρειον
901 1215 1009 1298 τύγον
1028 1214 1142 1298 ἀγῶνα

129 1319 384 1403 κατεσκεύασαν,
407 1323 499 1395 τίνος
522 1313 617 1384 οὗτοι
640 1317 660 1402 ἢ
680 1323 885 1404 φαρμακείας
902 1317 944 1384 ἀν
963 1319 983 1404 ἢ
1001 1343 1142 1404 κακουρ-

91 1443 117 1485 aa
130 1429 204 1508 γίας
230 1426 385 1509 τοιαύτης
409 1424 490 1507 ὑμίν
514 1422 720 1508 ἀποσχέσθαι
743 1427 915 1502 θοκοῦσινς
945 1426 980 1491 οἵ
999 1449 1037 1508 γε
1059 1426 1141 1508 πρὸς

130 1541 201 1608 τοῖς
231 1533 346 1606 ἀλλοις
378 1529 513 1614 (ἀρτίως
539 1530 603 1614 γὰρ
630 1529 685 1595 καὶ
712 1540 810 1596 τοῦτο
838 1528 1067 1618 ἀνεμνήσθην)
1095 1533 1142 1608 εἰς

131 1637 296 1719 τοσαύτην
322 1635 513 1720 ὑπερβολὴν
540 1637 662 1719 τόλμης
689 1637 844 1718 ἥκουσιν,
872 1637 955 1702 ὥστε
982 1634 1037 1701 καί
1061 1640 1142 1718 Κρί-

131 1764 236 1818 τωνος
267 1745 451 1825 μαρτυρίαν
479 1739 692 1824 ἐνεβάλοντο,
725 1742 771 1817 ὡς
798 1741 938 1823 ἐώνηται
965 1743 1002 1806 τὸ
1030 1746 1142 1825 τρίτον

131 1841 208 1932 παρ’
234 1846 316 1932 ἐμοῦ
338 1844 438 1932 μέρος
460 1855 519 1930 τῆς
542 1850 659 1924 οἰκίας·
682 1847 736 1930 ἣν,
760 1848 811 1912 ότι
833 1849 959 1928 ψευδής
982 1847 1062 1931 ἐστι,
1085 1848 1142 1934 ῥηι-

131 1955 211 2030 όίως
239 1958 379 2018 εἰσεσθε.
426 1963 559 2033 πρῶτον
582 1949 728 2038 μὲνγὰρ
753 1953 813 2037 οὐχ
837 1953 922 2019 οὕτω
946 1957 1084 2038 μετρίως
1106 1958 1142 2040 ζῇ

131 2062 276 2142 Κρίτων,
302 2059 384 2123 ὥστε
407 2054 484 2140 παρ’
507 2056 622 2141 ἑτέρου
641 2061 750 2123 οἰκίαν
768 2059 939 2142 ὠνεῖσθαι,
962 2057 1033 2124 ἀλλ’
1056 2059 1142 2125 οὕτω

131 2169 319 2240 πολυτελῶς
341 2162 396 2229 καλ
420 2164 565 2247 ἀσώτως,
590 2165 674 2229 ὥστε
696 2165 779 2247 πρὸς
802 2175 871 2241 τοίς
893 2163 1013 2230 ἑαυτοῦ
1032 2163 1143 2230 καὶτὰ

130 2281 198 2336 τῶν
220 2271 331 2335 ἀλλων
354 2269 557 2334 ἀναλίσκειν·
582 2268 681 2335 ἔπειτ’
705 2270 745 2335 ού
768 2281 930 2354 μαρτυρεῖ
944 2271 1050 2360 τούτῳ
1068 2279 1143 2354 νῦν,

132 2373 204 2441 ἀλλ’
227 2374 299 2459 ἐμοὶ
322 2374 498 2440 ἀντιδικεῖ·
519 2378 570 2452 τίς
588 2377 651 2460 γὰρ
670 2376 765 2460 ὑμῶν
784 2376 845 2442 οὐκ
864 2371 966 2459 οἶδεν,
990 2376 1041 2440 ὅτι
1063 2377 1144 2462 μύρ-

131 2504 228 2566 τυρες
251 2480 313 2564 μέν
336 2483 423 2546 εἰσιν
446 2476 550 2565 οὗτοι,
575 2473 626 2558 οἷς
648 2481 692 2566 μη
715 2480 843 2566 μέτεστι
866 2489 926 2546 τοῦ
944 2482 1144 2567 πράγματος,

132 2585 207 2671 περὶ
234 2581 276 2652 οὗ
302 2586 323 2670 ἡ
352 2588 428 2672 όίκη
456 2587 563 2670 ἐστίν,
592 2587 756 2652 ἀντίδικοι
785 2582 815 2651 δ’
846 2587 882 2651 οἰ
905 2597 1145 2664 κοινωνοῦντες

131 2703 199 2758 τῶν
221 2693 439 2778 πραγμάτων,
462 2690 545 2778 ὑπὲρ
570 2689 617 2759 ὧν
640 2692 682 2759 ἀν
707 2694 879 2776 δικάζηταί
898 2715 947 2770 τις
971 2693 1096 2770 αύτοίς;
1126 2693 1143 2760 ὃ

93 2820 119 2859 τι
133 2801 280 2881 Κρίτωνι
303 2799 520 2882 συμβέβηκεν.
555 2801 603 2865 ἔτι
627 2795 663 2864 δὲ
685 2799 857 2864 τοσούτων
879 2799 973 2882 ὑμῶν
993 2795 1144 2866 όντωνίι

133 2905 253 2988 ἀνδρες
277 2903 428 2970 δικασταί
450 2902 505 2970 καὶ
529 2914 596 2970 τῶν
618 2907 730 2970 ἀλλων
755 2902 944 2988 Ἀθηναίων
973 2909 1144 2986 [πολλῶν],

132 3011 233 3089 ἄλλος
249 3007 310 3094 μὲν
328 3008 439 3088 οὐδεὶς
457 3011 544 3100 αὐτῷ
563 3009 813 3094 παραγενέσθαι
831 3011 1069 3096 μεμαρτύρηκε,
1093 3015 1146 3076 Τι-

132 3117 297 3201 μοκράτης
316 3113 354 3183 δὲ
371 3119 483 3202 μόνος,
506 3117 617 3200 ὥσπερ
636 3116 699 3181 ἀπὸ
722 3125 879 3202 μηχανῆς,
899 3127 1061 3202 μαρτυρεῖ
1076 3113 1137 3201 μὲν
1149 3127 1215 3177 1026

67 3207 74 3220 ’
134 3224 275 3307 όεκύτην
303 3221 451 3289 ἑστιᾶσαι
477 3224 584 3311 τούτῳ
612 3225 672 3289 τὸν
700 3223 780 3306 ἐμὸν
807 3220 945 3307 πατέρα,
963 3222 1148 3306 ’ἡλικιώτης

132 3329 181 3394 ὢν
212 3338 273 3395 τοῦ
307 3328 387 3394 νυνὶ
419 3329 603 3413 φεύγοντος
632 3330 694 3411 τὴν
723 3329 835 3412 δίκην,
866 3327 950 3412 φησί
977 3325 1014 3394 δὲ
1041 3325 1144 3394 πάνθ’

133 3433 248 3511 ἁπλῶς
267 3434 390 3500 εἰδέναι
410 3433 431 3500 ἀ
451 3435 492 3518 δὴ
511 3435 642 3510 τούτοις
654 3433 828 3519 συμφέρει,
846 3444 1008 3518 μαρτυρεῖ
1020 3430 1057 3498 δὲ
1070 3430 1147 3498 νυνὶ

134 3542 238 3622 μόνος
266 3544 414 3621 Κρίτωνι
445 3551 612 3619 παρεῖναι,
646 3541 701 3605 ὅτε
732 3535 809 3618 παρ’
841 3539 922 3612 ἐμοῦ
951 3540 1012 3619 τὴν
1040 3540 1149 3604 οἰκίαν
