2644 4182
175 171 196 233 2
495 172 554 224 ΚΣ
579 170 861 223 ΔΗΜΟΣΘΕΝΟΤΣ

174 335 225 398 καλ
246 337 371 421 τιμωρίφ
392 335 518 418 γράφων
540 358 584 409 τις
606 333 711 413 νόμον,
733 331 870 412 έφαίνετο
891 336 1042 413 Λεπτίνης
1064 333 1186 397 ἀκόνδυ-

174 447 240 505 υος·
264 431 338 493 ὅθεν
360 430 434 512 πρός
458 428 562 509 αύτδν,
584 424 646 491 ἀλλ’
673 429 710 492 ού
732 425 796 492 κατ’
823 429 916 494 αύτοῶ
939 427 955 493 δ
979 431 1073 512 λόγος.
1110 428 1130 511 ἡ
1155 429 1187 494 δέ

175 528 319 602 ύπόδεσις
342 527 438 601 οὕτως
461 525 525 608 έχει.
563 528 695 605 σύνηθες
717 519 757 608 ἦν
779 537 815 612 τῇ
837 527 920 590 πόλει
937 537 996 590 τῶν
1017 523 1187 608 Ἀθηναίων

174 634 263 705 τιμᾶν
289 625 359 699 τούς
387 623 539 706 εὐεργέτας
567 621 669 696 ἀλλαις
695 645 725 685 τε
751 630 872 698 πολλοῖς
895 623 945 687 καί
968 625 1124 706 διαφόροις
1145 649 1188 688 τι-

176 728 255 802 μαῖς,
277 721 328 784 καλ
350 721 388 801 δη
412 721 463 784 καί
486 719 607 805 ἀτελείρι.
642 707 760 782 πολλῶν
783 719 814 783 δέ
837 722 1000 801 εἰληφότων
1023 721 1073 784 καλ
1090 720 1188 784 ἀστῶν
1299 745 1302 778 ι’

175 817 225 880 καλ
256 817 364 900 ξένων,
395 817 555 895 έπέλειψαν
587 817 619 880 ot
647 817 916 900 λειτουργύσοντες,
946 819 997 882 κοιλ
1025 817 1074 881 διδι
1100 829 1188 883 τούτο

175 914 279 996 σχεδὸν
310 925 369 978 τῶν
400 921 588 996 λειτουργιῶν
619 913 851 996 περιισταμένων
881 917 923 989 είς
948 917 1019 991 τοὺς
1046 915 1188 998 ἀπόρους,
1302 921 1303 942 ’

176 1014 327 1092 Λεπτίνης
358 1021 418 1075 τῶν
448 991 687 1092 πολιτευομένωύ
715 1009 790 1093 ἀνὴρ
824 1011 880 1074 ούκ
909 1011 1050 1094 ἀδόκιμος
1077 1011 1187 1096 ἔγραψε

149 1111 270 1190 ενόμον
292 1109 393 1185 αύτοῖς
416 1109 544 1192 ῥήμασιν
567 1108 662 1182 οὕτως
684 1107 797 1189 ἔχοντα,
819 1107 920 1183 (ζὸπως
939 1108 977 1172 ἀν
996 1111 1029 1173 οί
1042 1111 1187 1174 πλουσιώ-

175 1205 277 1270 “τατοι
299 1212 495 1290 λειτουργῶσι,
520 1205 634 1287 μηδένα
656 1204 742 1285 ἀτελῆ
766 1199 842 1268 εἶναι
863 1206 942 1287 πλὴν
963 1216 1022 1269 τῶν
1045 1203 1100 1287 ἀφ’
1121 1204 1186 1288 ’Λρ-

175 1301 304 1384 “μοδίου
326 1303 377 1366 καλ
396 1299 641 1385 Ἀριστογείτονος
664 1302 795 1364 καὶτῶν
817 1301 904 1365 έννέα
926 1302 1090 1386 ἀρχόντων,
1112 1302 1187 1386 μηδέ

134 1457 142 1466 .
175 1397 229 1462 “τδ
257 1400 361 1463 λοιπόν
389 1398 498 1476 έξεῖναι
520 1405 560 1485 τῷ
585 1399 669 1486 δήμφ
691 1397 844 1477 αίτηθέντι
867 1401 995 1463 διδόναι·
1032 1403 1059 1463 εί
1080 1400 1113 1464 δέ
1133 1425 1178 1476 τις
1187 1411 1239 1460 463

175 1497 257 1584 “del-93
280 1500 386 1577 αἰτῶν,
408 1497 514 1578 ἀτιμον
536 1496 629 1560 αύτδν
652 1489 728 1558 είναι
749 1496 800 1558 καί
821 1495 907 1578 γένος
928 1496 979 1559 καί
1001 1498 1114 1576 οἰκίαν,
1136 1497 1187 1560 καλ

175 1591 375 1657 “ύποκεῖσθαι
402 1601 531 1678 γραφαῖς
558 1591 608 1655 καλ
634 1589 805 1667 ἐνδείξεσιν·
842 1594 870 1656 εί
891 1591 922 1656 δέ
944 1593 994 1656 καί
1016 1592 1050 1656 έν
1071 1596 1186 1668 τούτοις
1304 1655 1305 1662 ,

175 1688 273 1778 “ἆλρῖ,
300 1690 404 1772 ένοχον
427 1685 503 1754 είναι
525 1696 587 1764 τοῖς
611 1688 712 1761 αύτοῖς
736 1683 835 1770 οίσπερ
859 1690 891 1753 ot
910 1691 1091 1768 δικάζοντες,
1114 1691 1186 1753 ὅταν

149 1785 365 1867 διιόφείλοντες
387 1793 427 1874 τῷ
451 1788 583 1873 δημοσίφ
607 1784 773 1859 δικάζωσι.“
818 1796 872 1849 τού
894 1787 990 1868 νόμου
1012 1779 1069 1849 οὖν
1092 1788 1186 1862 οὕτως

176 1883 303 1965 ἔχοντος,
325 1881 473 1964 ἐγράψατο
497 1880 550 1962 μέν
572 1882 604 1945 τό
627 1882 770 1962 πρότερον
787 1884 946 1957 Βολθιππος
964 1885 1129 1963 Λεπτίνην,
1151 1879 1186 1959 ὃς
1305 1950 1306 1962 χ

176 1980 308 2043 ἀπέθανε
330 1980 401 2062 πρὶν
424 1982 567 2043 εἰσελθεῖν
589 1979 645 2058 τὴν
664 1981 793 2061 γραφήν.
829 1967 904 2064 κᾷτα
923 1981 1051 2062 διετρίβη
1069 1981 1185 2063 χρόνος,

175 2076 226 2139 καλ
251 2077 352 2161 γέγονε
374 2078 526 2156 Λεπτίνης
553 2075 737 2152 ἀνεύθυνος·
772 2076 864 2158 νόμος
890 2077 946 2160 γὰρ
973 2071 1012 2159 ἦν
1038 2077 1091 2140 τὸν
1113 2081 1183 2160 γρά-

176 2190 277 2253 ψαντα
294 2171 427 2255 νόμονῆ
445 2175 588 2254 ψήφισμα
606 2174 676 2254 μετὰ
694 2173 830 2237 ένιαυτδν
850 2174 889 2255 μὴ
908 2168 985 2237 είναι
999 2174 1184 2239 ὑπεύθυνον.

176 2272 255 2353 ὅμως
278 2270 378 2351 ἐπειδὴ
401 2271 451 2333 καλ
475 2272 551 2333 ούτω
574 2270 648 2332 κατὰ
671 2280 730 2333 τῶν
753 2272 852 2352 νόμων
871 2270 941 2352 ἐξῆν
963 2278 1115 2334 ποιεῖσθαι
1133 2273 1184 2347 τδις

174 2371 361 2451 κατηγορίας,
383 2367 440 2430 κάν
464 2368 496 2431 οί
514 2368 682 2449 γράψαντες
705 2367 759 2443 ἔξω
781 2369 933 2430 κινδύνων
957 2362 1020 2447 όισι,
1043 2371 1113 2448 μετὰ
1133 2369 1185 2432 τόν

175 2466 312 2530 ἐνιαυτὸν
329 2465 434 2545 έπέστη
452 2465 613 2546 κατήγορος
629 2461 781 2544 Ἀψεφίων
799 2465 864 2538 υίὸς
878 2466 1052 2546 Βαθίππου,
1069 2455 1094 2553 ᾧ
1113 2485 1184 2530 συν-

175 2565 275 2647 ηγόρει
299 2565 441 2645 Φορμίων
464 2560 480 2624 ό
503 2563 615 2644 ῥήτωρ,
642 2562 693 2625 καλ
716 2562 888 2643 Κτήσιππος
912 2560 928 2624 ό
951 2562 1016 2636 υίὸς
1039 2566 1186 2647 Χαβρίου,

55 2697 57 2702 v
176 2651 379 2749 ᾧσυνηγόρει
397 2659 605 2740 Δημοσθένης.
641 2661 753 2723 τούτων
777 2651 833 2722 ούν
856 2659 1027 2741 κατηγόρων
1049 2659 1185 2724 έπιστολν-

150 2782 245 2837 ιτων,
267 2757 340 2819 κατὰ
363 2767 416 2819 τοῦ
439 2757 534 2836 νόμου
557 2758 733 2836 πεποίηνται
755 2756 809 2835 τὴν
831 2758 959 2838 γραφήν.
995 2754 1068 2836 ἡδὲ
1087 2759 1186 2833 στοίσις
1282 2791 1284 2796 ·

175 2853 359 2938 πραγματικὴ
383 2851 537 2936 ἔγγραφος.
583 2855 728 2932 κεφάλαια
752 2851 783 2914 δέ
805 2863 858 2916 τού
881 2853 1024 2934 λόγουτὸ
1047 2853 1186 2936 νόμιμον,

174 2953 207 3016 τὸ
230 2950 393 3033 συμφέρον,
414 2950 447 3012 τό
471 2951 595 3014 δίκαιον.
641 2950 803 3032 ἀναγκαῖον
827 2948 859 3012 δέ
882 2952 974 3012 εἰπεῖν
997 2949 1049 3023 τὰς
1073 2952 1185 3016 δικαιο-

175 3052 275 3133 λογίας
297 3046 448 3130 έκατέρων.
490 3044 579 3110 καλό
604 3045 657 3128 μέν
678 3047 829 3127 Λεπτίνης
853 3048 1025 3130 ἰσχυρίζεται
1046 3054 1087 3134 τῷ
1110 3066 1185 3130 συμ-

176 3146 296 3229 φέροντι
319 3145 368 3208 διδι
391 3145 422 3206 τὸ
445 3150 607 3226 περιποιεῖν
630 3145 828 3226 λειτουργούς,
851 3143 922 3207 ἀλλὰ
945 3145 995 3207 καλ
1012 3151 1052 3231 τῷ
1072 3147 1185 3233 δικαίφ.

176 3245 225 3307 καί
246 3251 287 3330 τῷ
310 3242 364 3324 μέν
383 3240 572 3323 συμφέροντι,
596 3242 639 3304 ότι
658 3240 833 3322 ἀσύμφορον
852 3241 923 3322 ύμῖν
940 3243 1062 3323 γίνεται,
1084 3243 1136 3306 ἐὰν
1155 3245 1188 3308 ot

175 3338 298 3418 πένητες
321 3339 407 3419 μόνοι
429 3342 646 3418 λειτουργῶσιν·
669 3336 852 3419 ἀπορήσουσι
873 3339 986 3425 γὰρτῷ
1006 3339 1112 3427 χρόνῳ,
1133 3340 1184 3403 καλ

177 3436 230 3516 οὐχ
253 3435 326 3510 ἕξετε
348 3436 417 3509 τοὺς
440 3440 692 3515 λειτουργοῦντας·
719 3441 759 3522 τῷ
783 3433 815 3497 δέ
838 3436 956 3523 δικαίῳ,
980 3435 1023 3496 ὅτι
1047 3437 1102 3498 ούκ
1124 3436 1184 3500 έστι

179 3532 292 3592 δίκαιον
319 3532 388 3604 τοὺς
416 3528 470 3605 μέν
497 3529 589 3604 ἀδεῶς
617 3536 768 3607 πλουτεῖν,
795 3534 865 3606 τοὺς
888 3530 919 3595 δὲ
942 3537 1183 3613 λειτουργοῦντας
