2938 4180
256 173 323 239 214
557 179 658 230 xxm.
681 175 961 230 Δανοεεοαοοτ

255 334 277 420 ἢ
303 340 396 413 τίνας
425 335 569 421 ἐχθροὺς
595 339 674 414 τοὺς
700 335 822 413 αύτούς
848 337 929 421 ὑμῖν
955 333 1089 422 ἣρῃταις
1122 328 1196 401 οὐδ’
1227 332 1274 399 ἀν

255 433 304 520 εἷς
327 445 432 508 εἰπεῖν
455 445 532 528 ἔχοι.

203 567 242 609 21⁵
346 545 432 634 Περὶ
459 549 501 632 δὴ
529 557 596 615 τῶν
623 550 737 632 νόμιον
764 542 812 614 ὧν
839 541 1130 633 παραγεγράμμεθ’
1158 541 1183 611 ὦ
1212 547 1273 610 ἀν-

256 653 333 739 δρες
356 655 517 737 δικασταί,
540 654 704 738 βούλομαι
727 656 826 740 μικρὰ
847 653 931 740 πρὸς
948 652 1034 737 ὑμᾶς
1051 651 1154 717 εἰπών
1172 673 1272 716 κατα-

250 747 402 844 ᾏαίνειν,
434 758 456 826 ἀ
486 761 608 844 νομίζω
640 760 912 844 μνημονεύοντας
942 755 984 823 ἀν
1016 757 1102 841 ὑμᾶς
1131 759 1272 841 ἀμεινον

255 867 447 950 φυλάττειν,
469 864 512 932 ἀν
534 865 695 950 παράγειν
717 865 772 932 καί
790 867 979 950 φενακίζειν
997 857 1092 930 οὗτοι
1111 867 1260 948 ζητῶσιν.
1273 879 1331 929 692

255 971 274 1038 6
302 983 431 1058 πρῶτος
458 975 561 1057 νόμος
588 973 744 1055 ἀντικρυς
769 978 915 1055 εἰρηκεν,
943 971 986 1037 ἀν
1007 993 1057 1048 τις
1079 969 1272 1055 ἀποκτείνῃ,

254 1078 317 1161 τὴν
343 1079 471 1162 βουλὴν
498 1078 654 1158 δικάζειν·
681 1077 701 1146 6
730 1074 774 1161 6‘,
802 1078 845 1142 ἀν
870 1101 920 1154 τις
943 1077 1136 1163 ἀποκτείνῃ,
1164 1076 1273 1152 εὐθὺς

255 1185 400 1269 ἔγραψεν
436 1184 606 1268 ἀγώγιμον
637 1179 732 1250 εἶναι.
783 1192 881 1250 τοῦτο
914 1183 1095 1268 φυλάττετε
1127 1180 1183 1248 καί
1214 1180 1272 1266 μό-

255 1293 397 1374 μνῃσθε,
421 1290 472 1356 ὅτι
494 1281 628 1355 πάντων
650 1287 741 1355 ίστίν
764 1288 1003 1357 ἐναντιώτατον
1020 1297 1066 1377 τῷ
1085 1291 1213 1374 κρίνειν
1229 1289 1271 1354 τὸ

204 1416 244 1458 ιιι
256 1395 302 1482 μὴ
326 1397 463 1462 διδόντα
484 1398 594 1480 κρίσιν
617 1396 755 1461 ἔκδοτον
777 1405 894 1461 ποιεῖν.
931 1394 993 1461 ούκ
1012 1393 1050 1481 ἔᾷ
1068 1395 1150 1479 μετά
1166 1391 1267 1460 ταῦθ’

256 1499 276 1568 6
304 1500 457 1588 δεύτερος
479 1504 597 1585 νόμος,
626 1498 706 1568 οὐδὲ
727 1502 787 1568 τὸν
809 1495 948 1586 ἡλωκόί
974 1500 1189 1585 ἀνδροφόνον
1211 1505 1272 1565 λυ-

257 1602 411 1692 μαίνεσθ’
433 1603 513 1674 ούδέ
535 1608 684 1692 χρήματα
707 1607 923 1693 πράττεσθαι·
947 1604 1018 1675 ὁδ’
1041 1606 1078 1671 ἐν
1095 1615 1141 1694 τρλ
1160 1616 1272 1671 ποιεῖν

257 1711 429 1797 ἀγώγιμον
449 1714 556 1778 πάντα
579 1721 681 1780 ταῦτα
704 1710 863 1779 δέδωκεν·
893 1711 947 1780 ἐπὶ
969 1714 1033 1798 γάρ
1055 1721 1126 1788 τοῖς
1148 1713 1272 1795 λαβοῦ-

258 1835 313 1884 σιν
335 1821 426 1885 ἔσται
448 1828 558 1885 ποιεῖν
580 1817 600 1884 6
621 1841 654 1884 τι
676 1816 719 1884 ἀν
738 1820 934 1903 βούλωνται.
971 1817 1111 1902 ἀπάγειν
1129 1816 1148 1884 6
1165 1820 1272 1901 νόμος

258 1923 303 2000 ώς
325 1927 403 2001 τοὺς
425 1922 635 2009 θεσμοθέτας
656 1925 794 2007 κελεύει,
816 1923 871 1991 καί
894 1919 997 2007 τοῦτ’,
1021 1921 1063 1988 ἀν
1086 1923 1123 1989 ἐν
1145 1932 1184 2008 τῃ
1207 1934 1271 1990 τοῦ

257 2032 466 2108 πεπονθότος
498 2031 582 2115 λάβῃ
612 2053 664 2106 τις
694 2032 840 2116 πατρίδι·
872 2029 891 2098 6
919 2027 950 2096 6’
981 2028 1151 2115 ἀγώγιμον
1179 2029 1269 2116 αὐτῷ

257 2143 303 2224 τςδ
326 2136 387 2220 τὴν
411 2138 520 2203 αἰτίαν
542 2134 752 2220 ἐπενεγκόντι
773 2138 913 2203 δίδωσιν
932 2136 978 2215 ὡς
994 2135 1107 2219 αὑτόν,
1131 2132 1193 2201 κάν
1211 2143 1271 2218 τῆς

206 2264 244 2307 ιιι
259 2243 434 2327 ἀλλοτρίας
461 2265 528 2308 που
555 2243 648 2328 λάβῃ.
694 2245 784 2308 ἔστιν
816 2240 870 2328 ἀφ’
901 2235 952 2320 εἰς
984 2242 1183 2327 ἀδικήμασιν
1215 2241 1270 2308 δέ·

259 2351 365 2415 δακεν
388 2348 595 2414 ἀποκτείνειν
617 2346 636 2414 6
658 2350 773 2433 νόμος·
796 2347 816 2416 6
839 2343 870 2414 δ’
896 2344 997 2415 οὐδὲν
1018 2348 1183 2431 ὑπειπών,
1205 2347 1270 2415 κάν

258 2453 313 2522 ίπί
339 2455 471 2532 τούτοις
496 2475 546 2530 τις
573 2456 701 2540 κτείνῃ,
734 2454 874 2520 δίδωσιν
901 2455 1039 2520 ἔκδοτον
1065 2454 1124 2520 τὸν
1151 2454 1270 2542 ἀθῷον

259 2558 439 2646 ἀφειμένον
462 2558 499 2626 ἔν
520 2569 591 2636 τοῖς
612 2562 737 2644 νόμοις.
781 2559 839 2626 ἐάν
861 2583 911 2636 τις
932 2560 1026 2646 πάθῃ
1048 2583 1080 2625 τι
1102 2569 1269 2645 τοιοῦτον,

259 2669 354 2743 δίκας
375 2665 394 2732 6
417 2669 519 2750 νόμος
540 2665 667 2732 κελεύει
687 2666 792 2731 αἰτεῖν
809 2677 955 2752 πρῶτον·
978 2665 997 2733 6
1016 2662 1054 2732 66
1070 2665 1269 2734 τούναντίον

259 2771 419 2856 οὐδεμίαν
441 2774 551 2853 κρίσιν
574 2766 644 2836 οὔτ’
666 2771 765 2848 αὐτὸς
788 2773 890 2838 εἰπὼν
913 2772 989 2840 οὔτε
1011 2770 1087 2856 παρ’
1111 2768 1159 2838 ών
1181 2774 1273 2852 ἀξιοῖ

259 2880 374 2961 λαβεῖν
391 2879 537 2960 αἰτήσας,
560 2876 729 2961 ἀγώγιμον
748 2878 852 2954 εὐθὺς
870 2880 1003 2962 ἔγραψε,
1022 2879 1084 2944 κάν
1101 2902 1151 2957 τις
1169 2879 1269 2964 ἀφαι-

206 3007 245 3048 ne
259 2993 370 3070 ρῆται,
397 2980 587 3067 παραχρῆμ’·
613 2984 807 3049 ἔκσπονδον.
851 2984 889 3050 τὸ
917 2983 1158 3069 ἀνδρολήψιον,
1185 2985 1264 3070 παρ’

258 3082 310 3168 οἷς
331 3086 375 3155 ἀν
397 3088 416 3156 6
439 3078 619 3174 δράσας’,ᾗ,·
641 3086 683 3152 ἀν
706 3089 749 3172 μὴ
773 3090 892 3155 διδῶσι
914 3090 1018 3172 δίκας,
1040 3090 1220 3158 κελεύουσ”
1235 3095 1272 3160 oc

257 3199 357 3282 νόμοι
382 3193 478 3281 μέχρι
503 3206 606 3280 τριῶν
633 3188 730 3259 εἶναι·
761 3193 780 3261 6
808 3193 853 3279 δ’,
881 3193 923 3260 ἀν
951 3195 1114 3281 ἀφέληταί
1136 3222 1187 3276 τις
1208 3201 1269 3266 τὸν

258 3304 383 3388 ἄγοντα
418 3302 463 3387 μὴ
499 3304 702 3385 βουλόμενος
732 3301 797 3384 πρὸ
829 3303 922 3385 δίκῃς
954 3301 1128 3388 ἐκδοῦναι,
1163 3305 1269 3384 εὐθὺς

259 3409 444 3474 ἔκσπονδον
471 3417 566 3474 ποιεῖ.
617 3405 679 3474 οὐκ
705 3405 744 3493 ἐᾷ
771 3410 892 3492 νόμον,
925 3407 967 3475 ἀν
998 3411 1042 3494 μὴ
1073 3410 1134 3477 τδν
1164 3411 1269 3478 αὐτὸν

260 3511 313 3576 aaz
340 3522 419 3579 πᾶσι
446 3518 525 3596 τιθῇ
549 3536 614 3596 τις,
641 3511 822 3597 εἰσφέρειν·
849 3512 923 3580 ὁδ’
950 3509 1001 3582 ἐπ’
1017 3515 1269 3603 ἀνδρίγράφιι
