2590 3900
164 176 229 242 284
473 177 556 231 xxv.
579 175 860 231 οοιιοτοοοοττ

164 339 363 422 ἀδικήμασιν
377 337 584 423 ὀργιζόμενοι
597 334 652 402 καὶ
666 338 921 422 τιμωρούμενοι,
939 333 1051 415 δόξετε
1065 329 1179 418 τοῦθ’,

163 443 244 526 ὑπερ
268 440 352 528 ἐστὲ,
375 441 527 510 δικασταὶ
549 442 605 510 καὶ
627 443 773 527 φύλακες
790 454 858 508 τῶν
875 444 989 528 νόμον
1009 443 1181 526 είσεληλυ-
1277 495 1278 538 3

139 547 277 616 ιδέναι·
299 551 331 616 εί
352 545 383 616 δ’
406 548 521 633 ἔτερόν
541 572 574 615 τι
596 551 724 615 τούτων
742 547 922 632 περιέσται,
945 547 964 614 δ
983 545 1098 633 μηδεὶς
1116 545 1181 632 μὲν

165 653 207 721 ἀν
226 654 325 733 αὑτὸς
341 653 556 739 πεποιηκέναι
574 657 723 739 φήσειεν,
742 653 779 720 ἐν
797 651 835 720 δὲ
852 664 924 732 ταῖς
942 656 1068 737 ψήφοις
1086 654 1181 740 εὑρε-
1277 649 1279 660 ’

164 765 315 846 θήσεται,
339 759 473 828 δέδοικα
496 762 540 846 μή
564 758 683 844 δόξητέ
702 777 790 827 τισιν
813 761 872 826 τὸν
895 758 947 826 ἀεὶ
970 762 1181 845 βουλόμενον

165 863 251 932 εἶναι
273 869 422 953 πονηρὸν
445 877 513 932 τῶν
532 865 569 934 ἐν
586 874 627 952 τῇ
645 869 740 934 πόλει
757 867 995 950 παιδοτριβεῖν.
1032 864 1182 948 ἀσδευής

164 969 226 1058 μὲν
252 973 316 1056 γάρ
344 972 413 1039 ἐστι
440 981 503 1050 πᾶς
530 971 549 1038 ὁ
574 974 722 1058 πονηρὸς
748 969 826 1038 καθ’
858 969 991 1038 ἑαυτόν·
1019 961 1046 1060 ηὑ
1075 964 1106 1035 δ’
1138 969 1181 1036 ἀν
1282 1021 1283 1044 ;

165 1077 259 1162 ὑμεῖς
289 1080 503 1163 πρόσθησθε,
537 1072 635 1156 οὑτος
667 1078 802 1165 ίσγυρδς
832 1081 989 1162 γίγνεται.
1039 1079 1110 1143 ἐστι
1143 1073 1181 1143 δὲ

165 1192 263 1251 τοῦτο
290 1192 336 1273 τῷ
364 1179 426 1270 μὲν
453 1187 590 1269 λαβόντι
616 1181 694 1269 παρ’
720 1183 815 1269 ὑμῶν
838 1183 975 1268 ἐργασία
998 1181 1055 1251 καὶ
1077 1183 1181 1250 δυνα-
1284 1192 1285 1236 ό

139 1293 268 1374 οστεία,
291 1289 371 1376 ὑμῖν
394 1285 430 1356 δὲ
452 1301 523 1368 τοῖς
547 1292 665 1357 δοῦσιν
688 1291 826 1368 όνειδος.
862 1292 1048 1375 βουλοίμην
1071 1283 1102 1354 δ’
1129 1287 1236 1355 &vm
1285 1298 1286 1332 ό

167 1391 193 1462 ὦ
216 1397 336 1481 ἀνδρες
356 1390 539 1481 Ἀθηναῖοι,
562 1397 627 1482 πρὸ
649 1405 711 1464 τοῦ
733 1394 809 1481 περὶ
831 1407 899 1463 τῶν
922 1397 1019 1461 ίδίων
1038 1392 1094 1480 ἐμὲ
1111 1407 1181 1461 τῶν
1286 1404 1287 1436 ³

165 1499 301 1569 τουτουὶ
324 1501 444 1586 λέγειν,
468 1503 720 1580 σπουδάσαντας
742 1501 828 1587 ὑμᾶς
850 1501 999 1580 ἐξετάσαι
1021 1502 1077 1566 διὰ
1100 1501 1181 1586 βρά-

166 1606 263 1694 χίων,
281 1610 329 1686 είς
346 1608 430 1691 ὅσην
448 1609 611 1694 αἰσχύνην
628 1605 684 1674 καί
703 1608 840 1687 ἀδοξίαν
858 1617 982 1693 προῆχε
1001 1610 1062 1692 τήν
1080 1609 1181 1674 πόλιν

168 1714 312 1801 δημοσίᾳ
335 1714 442 1780 πάντα
462 1715 656 1780 τὰτοιαῦτα
674 1717 790 1800 δηρία,
814 1708 862 1780 ὧν
880 1713 979 1799 μέσος
997 1710 1052 1779 καὶ
1069 1717 1181 1779 τελευ-

140 1829 258 1896 ιταῖος
270 1816 326 1885 καὶ
339 1821 468 1902 πρῶτός
482 1817 573 1885 ἐστιν
582 1813 688 1896 οὑτος.
710 1817 766 1885 καὶ
780 1820 819 1885 τὰ
834 1814 894 1904 μὲν
904 1816 975 1884 ἀλλ’
990 1819 1091 1885 ἐάσω·
1105 1816 1176 1886 ἀλλ’

78 1967 85 1984 x
168 1926 215 2002 είς
237 1925 295 2002 τὰς
319 1925 492 2010 ἐκκλησίας
514 1925 770 2009 ἀναβαίνουσιν,
796 1926 833 1990 ἐν
856 1916 909 2002 αἷς
931 1925 1024 2010 ὑμεῖς
1047 1926 1181 2011 γνώμης

168 2029 349 2115 ἀπόδειξιν,
367 2031 408 2099 ού
427 2033 589 2116 πονηρίας
605 2042 676 2108 τοῖς
694 2028 827 2115 λέγουσι
847 2035 1034 2117 προείδετε,
1053 2034 1180 2117 τόλμαν

167 2134 223 2202 καὶ
248 2137 398 2222 κραυγήν
424 2135 480 2204 καὶ
507 2138 641 2214 ψευδεῖς
667 2138 773 2214 αἰτίας
794 2135 849 2202 καῖ
873 2140 1103 2221 συκοφαντίαν
1126 2136 1180 2205 καί

167 2243 405 2326 ἀναισχυντίαν
432 2241 488 2308 καὶ
513 2244 621 2309 πάντα
646 2244 687 2308 τά
708 2251 844 2309 τοιαῦτα
868 2246 1180 2328 συνεσκευασμένοι,

168 2344 217 2415 ὑν
241 2347 302 2414 οὑκ
325 2346 367 2414 ἀν
388 2348 481 2434 εὑροι
498 2373 549 2426 τις
567 2348 784 2434 ἐναντιώτερα
801 2357 847 2436 τῷ
867 2350 1101 2433 βουλεύεσθαι,
1124 2373 1180 2415 νο-

168 2457 248 2538 μάξω
277 2450 314 2520 δδ
342 2456 387 2539 μδ
409 2458 487 2532 τοὺς
510 2458 612 2533 θεοὺς
635 2451 708 2522 οὐδ’
734 2453 777 2520 ἀν
799 2457 926 2540 αἰσχίω.
971 2453 1027 2524 καῖ
1048 2455 1180 2534 τούτοις

167 2570 237 2636 τοῖς
256 2562 404 2644 αίσχροῖς
421 2560 577 2626 ἁπάντων
595 2571 662 2626 τῶν
679 2568 737 2644 τῆς
755 2562 881 2638 πόλεως
898 2566 1010 2626 καλῶν
1027 2564 1180 2647 περίεισι,

168 2677 236 2731 τῶν
262 2668 391 2749 νόμιον,
424 2676 491 2732 τῶν
518 2665 707 2751 προέδρων,
736 2675 797 2732 τοῦ
824 2667 1094 2752 προγράμματος,
1121 2676 1180 2750 τής

129 2791 156 2834 ιο
170 2772 354 2855 εὐκοσμίας.
392 2773 423 2837 εί
444 2768 505 2857 μὲν
528 2767 591 2838 οὖν
609 2772 704 2855 ὑμεῖς
719 2781 822 2838 ταῦτα
840 2773 1006 2856 βούλεσθε
1024 2772 1080 2840 καὶ
1098 2775 1180 2859 μετὰ

168 2886 226 2963 τής
253 2876 411 2962 ὑμετέρας
435 2879 569 2963 γνώμης
591 2873 685 2944 οὑτοι
706 2888 808 2944 ταῦτα
830 2887 1002 2963 ποιοὺσιν,
1029 2879 1098 2969 ὁδῷ
1121 2884 1180 2965 βα-

170 2986 271 3064 δίζειν
290 2983 348 3051 ἐάν
367 2986 432 3050 δεῖ·
451 2987 483 3051 εί
500 2982 531 3049 δ’
549 2985 854 3070 ἐπανορθώσασθαι
871 2981 962 3050 ταῦτ’
981 2987 1029 3052 ἐτι
1046 2984 1101 3052 καὶ
1114 2996 1180 3052 νῦν

170 3097 283 3157 οίεσδε
301 3100 431 3178 χρήναι,
454 3089 567 3157 καὶτὰ
585 3090 764 3176 προειμένα
782 3093 896 3176 πόρρω
914 3087 969 3157 καὶ
988 3094 1096 3164 πολύν
1113 3093 1178 3178 ήδη

169 3199 292 3283 χρόνον
330 3200 472 3283 αἰσχρῶς
507 3196 562 3264 καί
593 3208 701 3274 κακῶς
732 3197 796 3262 ὑπὸ
829 3198 957 3264 τούτοιν
989 3200 1179 3284 διακείμενα

169 3306 287 3387 βελτίω
311 3314 456 3389 ποιῆσαι,
479 3304 586 3369 πάντα
607 3305 649 3370 τὰ
670 3297 795 3370 τοιαῦτ’
818 3307 880 3388 ἔθη
903 3305 1105 3387 παριδόντας
1124 3307 1179 3388 τή-

130 3429 155 3468 11
170 3430 272 3494 μερον
304 3410 415 3492 ὀρθῶς
447 3412 501 3476 δεῖ
530 3411 677 3494 δικάσαι,
709 3411 771 3493 τήν
802 3410 842 3475 τὰ
869 3408 968 3476 δίκαι’
1000 3409 1178 3494 ἀγαπῶσαν
1207 3389 1216 3408 ’

170 3514 342 3598 Εὐνομίαν
370 3513 444 3598 περὶ
471 3519 627 3583 πλείστου
654 3514 912 3600 ποιησαμένους,
943 3515 964 3598 ή
992 3518 1098 3594 πάσας
1124 3515 1178 3583 καί
