2590 3900
176 185 242 250 244
479 189 575 242 mv,
598 187 879 240 κακοεοααουε

175 349 213 412 τὸ
230 346 458 432 γεγραμμένον
472 345 500 412 τ’
518 348 669 430 ἐκτίνειν,
687 346 743 414 καὶ
756 348 815 424 τάς
828 346 864 413 ἐκ
877 358 944 413 τῶν
958 349 1072 432 νόμιον
1085 364 1187 431 προσ·
1280 347 1281 440 ή

176 454 278 531 ούσας
302 456 414 538 ζημίας
435 455 661 537 καταβάλλειν.
701 463 766 520 νῦν
785 451 815 520 δ’
838 452 875 519 ἐν
892 461 939 541 τῷ
958 455 1084 538 γράψαι
1104 454 1187 536 ,τήν

175 561 375 626 κατάστασιν
406 555 492 625 εἶναι
523 571 590 626 τῶν
622 560 793 644 ἐγγυητῶν
821 554 842 641 ή
871 559 937 644 μήν
964 559 1122 626 ἐκτείσειν
1148 561 1187 626 τὸ
1280 593 1281 640 3

174 664 338 751 άργάριον
356 664 374 731 δ
393 660 540 749 ὦφλευ“,
559 665 594 731 ἐκ
611 675 669 749 τής
687 666 809 748 λήξεως
826 663 881 730 καὶ
894 675 961 730 τῶν
974 665 1186 750 γραμμάτων,

175 767 228 854 ἐφ’
261 763 310 849 οἷς
337 769 473 848 ἕκαστος
500 773 655 855 είσήχθη,
686 782 776 836 ποιεῖ
798 772 861 855 τήν
888 773 1045 853 ἔκτεισιν,
1073 771 1110 836 ἐν
1137 762 1189 848 οἷς
1280 781 1281 810 ι

174 885 277 942 πᾶσιν
300 877 428 942 ἁπλοῦν
452 876 470 942 ὅ
493 900 541 953 τις
565 873 677 961 ὦφλεν
700 877 862 963 ἀργύριον
884 875 1072 963 γέγραπται.
1280 947 1281 956 ¹

135 1001 162 1041 ει
265 984 361 1048 Μετὰ
388 991 490 1048 ταῦτα
512 986 629 1048 τοίνυν
651 988 826 1066 τηλικοῦτο
849 976 973 1067 πρᾶγμ’
999 982 1127 1048 άυελδιυ
1150 982 1188 1048 ἐν
1280 1057 1281 1070 ρ

175 1097 214 1172 τή
233 1098 299 1153 τῶν
318 1088 472 1174 ῥημάτων
491 1086 675 1171 μεταθέσει,
695 1086 905 1174 προσέγραψε
924 1090 1024 1172 ,τοὺς
1039 1085 1076 1154 δὲ
1089 1087 1187 1174 προέ-

176 1193 278 1275 δρους
305 1193 561 1279 ἐπιχειροτονεῖν
589 1193 784 1278 ἐπάναγκες,
813 1195 893 1262 ὅταν
915 1217 965 1272 τις
986 1194 1189 1260 καθιστάναι
1280 1225 1281 1228 “

176 1299 370 1383 βούληταίί,
397 1301 486 1381 παρὰ
513 1301 620 1366 πάντα
642 1301 702 1365 τὸν
724 1301 830 1384 νόμον
853 1288 1011 1385 οἰόμενος
1029 1301 1101 1366 δεῖν
1123 1297 1189 1386 σῷ,

178 1408 244 1483 ζειν
261 1406 320 1470 τὸν
338 1404 516 1488 ἠδικηκότα
534 1403 589 1470 καί
607 1406 667 1471 τὸν
685 1405 723 1471 ἐν
740 1405 821 1490 ὑμῖν
838 1405 997 1488 ἡλωκότα.
1025 1408 1105 1483 δοὺς
1122 1407 1187 1490 γδρ

177 1511 257 1576 ὅταν
288 1512 449 1594 βούληται
478 1512 539 1595 τήν
565 1512 765 1577 κατάστασιν
793 1511 882 1597 αὐτῷ
910 1523 978 1576 τῶν
1006 1511 1188 1595 ἐγγυητῶν,

177 1614 227 1682 ἐπ’
254 1617 367 1704 ἐκείνῳ
395 1621 551 1700 πεποίηκε
578 1611 734 1702 μηδέποτ’
761 1615 900 1682 ἐκτεῖσαι
929 1614 1013 1702 μηδὲ
1038 1619 1188 1701 δεθῆναι

136 1743 162 1785 ει
176 1726 226 1799 τίς
252 1723 315 1808 γάρ
343 1721 385 1788 οὐ
411 1733 574 1805 ποριεῖται
600 1723 753 1806 φαύλους
779 1721 998 1808 ἀνθρώπους,
1026 1722 1085 1800 οὓς
1108 1711 1189 1789 ὅταν

176 1828 270 1912 ὑμεῖς
297 1825 606 1913 ἀποχειροτονήσητ’
633 1827 863 1912 άπηλλάξεται;
892 1828 950 1895 ἐάν
978 1829 1042 1914 γάρ
1068 1853 1118 1906 τις
1143 1830 1190 1906 ὡς

177 1933 218 2000 οὐ
245 1933 448 1998 καθιστάντα
475 1936 553 2011 τοὺς
580 1933 742 2017 ἐγγυητὰς
769 1933 857 2013 ἀξιοῖ
882 1933 1056 2018 δεδέσθαι,
1088 1937 1189 2019 φήσει

176 2027 232 2106 καὶ
253 2039 453 2105 καθιστάναι
471 2038 528 2104 καὶ
546 2042 773 2123 καταστήσειν,
796 2037 852 2106 καὶ
871 2039 970 2118 δείξει
988 2042 1048 2106 τὸν
1065 2042 1189 2108 τούτου

176 2147 295 2230 νόμον,
317 2143 353 2222 δς
376 2145 575 2210 καθιστάναι
597 2141 658 2228 μὲν
682 2145 762 2210 ὅταν
784 2144 944 2228 βούληται
963 2146 1100 2230 κελεύει,
1123 2171 1188 2230 φυ-

177 2253 307 2318 λάττειν
331 2245 377 2319 δέ,
390 2248 470 2328 τέως
492 2250 533 2317 οὐ
557 2249 660 2334 λέγει,
688 2243 774 2333 οὐδ’,
800 2247 843 2314 δν
865 2247 1185 2336 ἀποχειροτονήσηθ’

177 2358 271 2442 ὑμεῖς
300 2358 379 2433 τοὺς
405 2355 580 2440 ἐγγυητάς,
612 2356 807 2439 προστάττει
834 2354 1007 2438 δεδέσθαι,
1040 2354 1111 2422 ἀλλ’
1143 2359 1189 2436 ὡς

178 2465 312 2547 άληθῶς
335 2462 445 2547 ὥσπερ
464 2461 730 2546 ἀλεξιφάρμακόν
748 2461 818 2528 ἐστι
835 2472 904 2538 τοῖς
923 2461 1050 2529 ἀδικεῖν
1067 2466 1182 2548 βουλο-

177 2569 298 2656 μένοις.

138 2697 164 2738 εε
268 2678 346 2762 ,,Τῷ
371 2669 407 2738 δὲ
430 2672 690 2754 καταστήσαντά
713 2671 796 2756 φησὶ
816 2675 915 2758 ,τοὺς
934 2672 1105 2759 ἐγγυητάς,
1129 2659 1188 2742 ἐὰν

178 2781 327 2867 ἀποδιδῷ
354 2789 394 2865 τῷ
417 2781 511 2845 πόλει
533 2780 570 2844 τὸ
595 2778 786 2863 ἀργύριονίί.
831 2780 931 2845 πάλιν
954 2775 1090 2846 ἐνταῦθ’
1115 2781 1189 2850 ἐπέ-

179 2884 263 2974 μειν’
287 2884 340 2952 ἐπὶ
357 2895 418 2950 τοῦ
436 2886 717 2968 κακουργήματος,
739 2883 759 2950 δ
777 2894 882 2972 μικρῷ
901 2889 1063 2972 πρότερον
1081 2884 1191 2973 εἶπον,

178 2992 234 3061 καὶ
259 2993 321 3059 οὐκ
344 2991 538 3073 ἐπελάθετο,
566 2984 640 3055 οὐδ’
666 2992 788 3075 ἔγραφε
810 2992 848 3056 τὸ
871 2995 993 3076 τίμημα
1016 2994 1052 3058 τὸ
1075 2997 1189 3077 γιγνό-

178 3124 291 3186 μενον,
315 3099 398 3164 άλλά
416 3100 453 3162 τὸ
465 3097 634 3183 άργύριον
652 3095 671 3162 δ
691 3092 814 3181 ὦφλεν,
837 3097 895 3163 ἐάν
914 3097 1074 3186 άποδιδῷ,
1095 3101 1190 3184 άφεῖ-

179 3213 262 3272 σθαι
283 3214 344 3270 τοῦ
367 3206 511 3288 δεσμοῦ.-
1192 3215 1241 3264 ἰιι

140 3330 165 3368 οῖ
270 3307 364 3393 ,Ἐάν
397 3305 433 3374 δὲ
460 3309 504 3392 μή
532 3308 905 3394 καταβάλῃ-τάργύριον
932 3307 953 3393 ή
981 3309 1080 3386 αὐτὸς
1106 3308 1126 3393 ή
1156 3311 1194 3377 οί

137 3471 139 3474 .
181 3414 336 3499 ἐγγυηταὶ
360 3413 411 3480 ἐπὶ
433 3423 492 3498 τής
512 3413 629 3498 ἐνάτης
646 3417 855 3497 πρυτανείας,
879 3415 938 3480 τὸν
956 3411 1017 3499 μὲν
1035 3413 1191 3500 ἐξεγγυη-

181 3517 285 3584 θέντα
309 3518 476 3602 δεδέσθαι,
499 3529 566 3584 τῶυ
591 3517 620 3585 δ’
644 3518 813 3603 ἐγγυητῶν
836 3520 999 3603 δημοσίαν
1022 3515 1108 3585 είναι
1125 3522 1190 3605 τήν
