2612 3918
493 181 589 232 xm
606 180 769 234 ωειιιοο.
941 135 948 145 ’
1093 177 1137 243 65

126 340 290 406 &mom
312 343 419 426 πείση,
443 345 594 406 ποιεῖσθε
616 341 677 423 τήν
699 343 879 425 τιμωρίαν,
894 339 977 405 ἀλλὰ
999 339 1139 406 τούναν-

5 512 9 531 ,
126 449 201 512 τίον
223 449 347 532 νόμους
370 449 493 512 ἔθεσθε
515 447 579 531 πρὸ
599 457 666 511 τῶν
684 445 905 531 ἀδικημάτων,
929 442 980 510 ἐπ’
1002 444 1139 528 ἀδήλοις

127 549 189 635 μὲν
211 563 280 629 τοῖς
303 552 536 636 ἀδικήσουσιν,
565 552 701 636 ἀδήλοις
724 548 761 616 δὲ
783 563 853 628 τοῖς
876 551 1139 636 ἀδικησομένοις

127 653 222 723 οὗτοι
256 655 292 723 δέ
323 661 360 724 τί
386 666 542 723 ποιοῦσιν
569 659 605 724 οί
627 661 741 742 νόμοις
773 666 875 724 πᾶσιν
901 658 1142 742 ὑπισχνοῦνται

127 775 197 840 τοῖς
220 762 257 829 ἐν
278 773 318 849 τῇ
342 767 451 846 πόλει,
476 765 588 847 δίκην,
611 762 654 829 δν
676 763 821 848 ἀδικηθῇ
844 786 908 847 τις,
933 766 1069 828 ἔσεσθαι
1093 758 1136 828 δι’

127 871 239 936 αὐτῶν
268 873 392 955 λαβεῖν.
438 870 519 935 όταν
541 872 657 935 τοίνυν
679 880 747 935 τῶν
768 871 1044 954 παραβαινόντων
1065 869 1140 934 τινὰ

128 979 207 1053 τοὺς
229 979 356 1060 νόμους
378 977 549 1060 κολάζητε,
576 974 618 1040 οὐ
640 985 710 1051 τοῖς
731 976 926 1060 κατηγόροις
947 983 1067 1042 τοῦτον
1090 973 1141 1040 ἐκ·

88 1100 113 1140 31
128 1083 251 1164 δίδοτε,
271 1081 355 1147 ἀλλὰ
373 1084 451 1158 τοὺς
469 1084 593 1165 νόμους
610 1080 691 1164 ὑμῖν
709 1080 823 1156 αὐτοῖς
840 1082 1022 1163 βεβαιοῦτε.
1057 1080 1140 1146 ἀλλά

104 1188 194 1272 μήν
220 1189 303 1272 πρός
329 1211 367 1270 γε
394 1188 432 1252 τὸ
461 1195 630 1268 τοιοῦτον,
658 1185 709 1250 ὅτι
731 1185 1009 1271 ,,Δημοσθένης“
1036 1184 1141 1271 φησὶν

127 1293 341 1378 ,,ὕβρισται“,
366 1292 494 1368 δίκαιος
515 1289 572 1356 καὶ
594 1291 706 1367 κοινὸς
727 1287 782 1356 καὶ
804 1286 888 1375 ὑπὲρ
910 1292 1045 1357 πόντων
1063 1286 1137 1357 ἔσθ’

126 1399 146 1464 ὁ
174 1403 281 1482 λόγος.
327 1397 369 1463 οὐ
395 1399 458 1482 γδιρ
482 1399 530 1474 είς
554 1395 781 1480 Δημοσθένην
804 1397 884 1462 ὄντα
906 1393 940 1481 μ’
966 1396 1140 1481 ήσέλγαινε

61 1587 64 1594 ¹
125 1508 234 1589 μόνον
256 1505 381 1588 ταύτην
403 1503 466 1586 τήν
488 1501 625 1588 ἡμέραν,
649 1501 732 1566 ἀλλὰ
755 1499 808 1567 καὶ
832 1503 879 1579 είς
900 1504 1046 1588 χορηγὸν
1063 1503 1141 1588 ὑμέ-

126 1629 237 1696 τερον·
272 1618 371 1675 τοῦτο
402 1606 431 1674 δ’
464 1609 546 1673 ὅσον
574 1609 713 1672 δύναται
740 1602 867 1690 γνοίητ’
897 1607 941 1674 ἀν
967 1608 1003 1676 ἐκ
1028 1612 1140 1675 τωνδί.

84 1734 112 1773 ³2
127 1722 196 1782 ίστε
221 1717 329 1800 δήπου
351 1710 449 1780 τοῦθ’
473 1713 524 1779 ὅτι
546 1724 614 1778 τῶν
636 1717 854 1798 θεσμοθετῶν
875 1715 1006 1780 τούτων
1026 1714 1140 1782 οὐδενὶ

125 1821 336 1906 θεσμοθέτης
363 1814 429 1886 ἔστ’
461 1821 581 1904 ὄνομα,
610 1815 682 1883 ἀλλ’
713 1813 888 1902 ὁτιδήποθ’
919 1817 1053 1910 ἑκάστω.
1097 1820 1140 1888 ἀν

2 1934 6 1957 ’
125 1924 188 2012 μὲν
220 1930 337 1993 τοίνυν
370 1927 507 2010 ἰδιώτην
538 1926 618 1990 ὄντα
650 1921 714 1989 τιν’
746 1924 858 1990 αὐτῶν
887 1925 1009 2013 ὑβρίση
1040 1952 1090 2006 τις
1118 1927 1139 2014 ή

126 2044 234 2109 κακῶς
266 2039 360 2118 είπη,
395 2033 531 2117 γραφήν
562 2030 690 2114 ὕβρεως
722 2028 779 2095 καὶ
813 2032 910 2115 δίκην
940 2037 1141 2120 κακηγορίας

127 2140 220 2204 ίδίαν
243 2140 412 2224 φεύξεται,
441 2138 500 2203 ἐὰν
524 2134 561 2202 δὲ
583 2135 811 2220 θεσμοθέτην,
833 2138 949 2222 ἀτιμος
971 2142 1061 2206 ἔσται
1083 2165 1139 2207 κα-

124 2245 248 2324 θάπαξ.
285 2246 341 2310 διά
363 2248 409 2322 τίς
435 2243 485 2308 ότι
507 2245 587 2318 τοὺς
609 2245 735 2326 νόμους
756 2243 821 2326 ήδη
846 2243 892 2326 [ὁ]
915 2253 1013 2310 τοῦτο
1034 2258 1140 2313 ποιῶν

126 2353 350 2435 προσυβρίζει,
374 2347 429 2414 καὶ
451 2350 512 2414 τὸν
528 2347 691 2434 ὑμέτερον
709 2349 826 2414 κοινὸν
844 2348 1011 2433 στέφανον
1028 2350 1082 2418 καὶ
1096 2354 1138 2434 μδ

126 2464 185 2539 τῆς
208 2459 334 2533 πόλεως
356 2457 474 2540 όνομα·
499 2453 517 2520 δ
539 2455 603 2539 γὰρ
621 2453 832 2538 θεσμοθέτης
851 2455 989 2533 οὐδενὸς
1007 2456 1139 2543 ἀνθρώ-

85 2581 113 2622 ιο
127 2583 201 2628 πων
224 2559 289 2628 ἔστ’
317 2558 426 2647 ὄνομ’,
454 2561 538 2626 ἀλλὰ
561 2570 618 2644 τής
640 2563 775 2638 πόλεως.
820 2559 876 2626 καλ
897 2563 998 2627 πόλιν
1019 2587 1057 2646 γε
1079 2565 1139 2630 τὸν

128 2669 284 2753 ἄρχοντα,
307 2668 407 2733 ταύτὸ
430 2677 540 2750 τοῦτο,
564 2666 623 2732 ἐὰν
645 2663 706 2751 μὲν
724 2665 996 2753 ἐστεφανωμένον
1013 2668 1138 2756 ποιτοίξη

126 2799 178 2851 τις
196 2773 338 2858 ήκακῶς
356 2779 442 2860 είπη,
461 2775 585 2857 ἄτιμος,
605 2772 664 2838 ἐὰν
683 2770 713 2838 δ’
732 2773 879 2857 ίδιώτην,
900 2775 969 2860 ίδίᾳ
986 2773 1041 2840 καὶ
1056 2775 1138 2843 ὑπό-

127 2881 229 2957 δικος.
274 2879 328 2946 καὶ
358 2879 400 2946 οὐ
426 2883 531 2966 μόνον
557 2878 633 2961 περὶ
659 2878 787 2945 τούτων
816 2878 902 2944 οὕτω
929 2877 1020 2946 ταῦτ’
1051 2884 1189 2967 &emh

127 2985 212 3052 ἀλλὰ
239 2985 294 3052 καὶ
320 2984 397 3071 περὶ
423 2987 557 3052 πάντων
584 2978 634 3063 οἷς
661 2984 703 3052 διν
729 2985 750 3070 ή
773 2989 868 3063 πόλις
889 2980 953 3052 τιν’
979 2987 1137 3074 ἀδειανή

125 3097 404 3178 στεφανηφορίαν
425 3093 447 3176 ή
469 3116 544 3158 τινα
561 3091 660 3176 τιμήν
678 3092 736 3180 δῷ.
772 3091 858 3158 οὕτω
876 3096 993 3159 τοίνυν
1011 3091 1066 3158 καὶ
1084 3091 1134 3178 ἔμ’

127 3200 160 3263 εί
180 3195 241 3283 μὲν
260 3199 298 3265 έν
315 3201 431 3274 ἄλλαις
448 3194 535 3263 τισὶν
552 3196 689 3281 ήμέραις
706 3197 846 3281 ήδίκησέ
860 3221 892 3262 τι
912 3199 1038 3263 τούτων
1055 3203 1136 3265 Μει-

128 3305 202 3382 δίας
225 3305 363 3388 ίδιώτην
385 3306 477 3386 όντα,
502 3304 571 3388 ίδίᾳ
592 3300 648 3368 καλ
671 3303 769 3387 δίκην
790 3312 956 3388 προσῆκεν
979 3303 1067 3392 αὐτῷ
1088 3306 1137 3371 δι-

82 3427 112 3467 ει
128 3411 240 3477 δόναι·
258 3412 291 3476 εί
307 3406 344 3476 δὲ
362 3409 508 3495 χορηγὸν
526 3405 602 3473 ὄνθ’
622 3407 808 3494 [ὑμέτερον]
829 3410 1018 3494 ἱερομηνίας
1034 3410 1138 3496 οὔσης

126 3513 230 3582 πάνθ’
257 3513 308 3582 δυ’
334 3515 469 3600 ήδίκηκε
497 3515 635 3599 ὑβρίσας
658 3519 825 3599 φαίνεται,
853 3517 1013 3601 δημοσίας
1035 3517 1136 3602 ὀργῆς

177 3631 212 3670 οι
214 3640 301 3672 ττττττ
323 3629 413 3670 vom
953 3625 970 3674 ο
