2612 3918
484 301 580 351 RATA
596 301 760 354 MEIAIOT.
1088 297 1130 362 89

21 443 22 450 ἐ
120 449 185 524 οὖν
207 456 341 523 ἀπείποι
362 481 412 535 τις
434 456 477 524 ἀν
500 455 591 544 οἶμαι
613 465 761 542 θρηνῶν.
804 460 864 526 τὸν
887 455 924 526 ἀὲ
946 460 1052 542 νόμον
1074 481 1131 542 μοι

120 559 190 645 λίγ’
216 562 343 647 ἐφεξῆς,
367 563 476 649 ὥσπερ
498 564 657 649 ἠρξάμην.
693 563 777 647 λέγε.

554 774 691 828 ΝΟΜΟΣ.

252 876 325 944 Ἐάν
347 905 391 956 τις
412 878 586 962 Ἀθηναίων
608 883 745 970 λαμβάνῃ
767 883 848 965 παρά
869 905 968 963 τινος,
997 879 1018 964 ἢ
1041 881 1132 954 αὐτὸς

166 979 240 1065 διδῷ
258 976 354 1066 ἓτέρφ,
374 977 394 1058 ἦ
413 980 574 1067 διαφθείρῃ
593 980 676 1054 τινὰς
694 980 950 1063 ἐπαγγελλόμενος,
967 978 1016 1042 ἐπὶ
1034 979 1131 1065 βλάβη

165 1086 219 1140 τοῦ
233 1076 330 1155 δήμου
343 1073 364 1156 ἢ
379 1077 440 1161 ίάίρ
454 1078 534 1152 τινὸς
549 1087 608 1140 τῶν
626 1083 763 1156 πολιτῶν,
780 1076 877 1162 τρόπῳ
895 1073 916 1156 ἢ
935 1085 1051 1162 μηχανῇ
1068 1073 1131 1162 ᾑτι·

165 1182 269 1252 κιοῦν,
290 1169 393 1252 ἀτιμος
416 1172 487 1236 ἔστω
510 1173 560 1236 καί
582 1175 685 1248 παῖδες
708 1172 758 1235 καί
780 1172 815 1235 τὰ
837 1173 962 1235 ἐκείνου.

65 1321 107 1360 ιιι
212 1301 308 1366 Οὕτω
335 1303 452 1366 τοίνυν
480 1296 577 1379 οὗτός
603 1300 669 1366 ἐστ’
701 1301 821 1385 ἀσεβὴς
847 1300 903 1367 καὶ
932 1304 1049 1386 μιαρὸς
1076 1301 1132 1367 καὶ

121 1430 189 1473 παν
216 1405 259 1472 ἀν
285 1405 432 1482 ὑποστὰς
459 1408 564 1472 εἰπεῖν
590 1405 645 1472 καὶ
673 1406 808 1491 πρᾶξαι,
841 1409 873 1472 εί
899 1402 930 1472 δ’
961 1404 1084 1490 ἀληθὲς
1109 1405 1131 1492 ἦ

120 1515 245 1593 ψεῦδος
275 1511 296 1596 ἢ
331 1513 414 1594 πρὸς
441 1511 565 1597 ἐχθρὸν
591 1510 613 1597 ἦ
640 1516 742 1598 φίλον
769 1511 789 1596 ἦ
817 1513 857 1578 τά
883 1507 1022 1596 τοιαῦτ’,
1055 1510 1127 1577 ἀλλ’

121 1617 196 1686 οὐδ’
223 1619 337 1684 ὁτιοῦν
361 1619 526 1702 διορίζων,
550 1616 627 1684 ὥστ’
653 1618 927 1702 ἐπαιτιασάμενός
949 1641 989 1702 με
1012 1620 1122 1703 φόνου
1132 1627 1182 1679 σοι

120 1723 176 1790 καὶ
194 1733 327 1790 τοιοῦτο
344 1719 467 1807 πρᾶγμ’
488 1723 674 1807 ἐπαγαγών,
697 1731 786 1790 εἴασε
805 1721 866 1807 μίν
885 1717 918 1807 μ’
939 1718 1128 1807 εἰσιτητήρι’

120 1827 205 1914 ὑπὲρ
234 1838 293 1912 τῆς
317 1833 440 1914 βουλῆς
463 1830 670 1913 ίεροποιῆσαι
692 1828 747 1895 καὶ
769 1836 876 1895 θῦσαι
897 1827 952 1895 καὶ
974 1829 1131 1913 κατάρξα-

122 1942 205 2001 σθαι
236 1945 303 1999 τῶν
336 1935 435 2020 ἱερῶν
465 1931 549 2019 ὑπὲρ
581 1933 677 2019 ὑμῶν
707 1935 763 2000 καὶ
795 1935 875 2018 ὅλης
907 1945 963 2020 τῆς
993 1937 1131 2018 πόλεως,

69 2061 109 2100 ιιι
123 2048 212 2108 εῖασε
242 2038 273 2105 δ’
305 2038 568 2125 ἀρχεθεωροῦντ’
599 2041 736 2124 ἀγαγεῖν
767 2049 812 2130 τῷ
840 2040 900 2106 Διὶ
926 2049 972 2124 τῷ
999 2044 1131 2129 Νεμείῳ

120 2149 183 2232 τὴν
204 2147 323 2229 κοινὴν
339 2143 423 2231 ὑπὲρ
442 2156 499 2230 τῆς
516 2149 643 2224 πόλεως
661 2150 820 2230 θεωρίαν,
843 2148 987 2231 περιεῖδε
1006 2144 1042 2212 δὲ
1060 2157 1132 2223 ταῖς

121 2265 258 2337 σεμναῖς
279 2258 375 2330 θεαῖς
394 2254 564 2335 ἱεροποιὸν
583 2247 748 2334 αἱρεθέντ’
770 2251 803 2330 ἐξ
823 2249 1011 2335 Ἀθηναίων
1029 2251 1130 2318 ἀπάν-

121 2381 189 2423 των
216 2362 329 2442 τρίτον
358 2358 460 2424 αὐτὸν
486 2357 542 2424 καὶ
564 2358 810 2443 καταρξάμενον
832 2370 899 2422 τῶν
923 2358 1030 2440 ίερῶν.
1076 2355 1128 2443 ἀρ’

122 2461 180 2546 ἀν,
208 2469 242 2528 εί
264 2460 295 2546 γ’
322 2460 388 2548 εἶχε
412 2464 553 2549 στιγμὴν
575 2463 596 2548 ἢ
619 2466 716 2529 σκιὰν
739 2464 867 2529 τούτων
890 2458 937 2528 ὧν
960 2465 1131 2528 κατεσκεύ-

122 2571 198 2650 αζεν
224 2567 295 2634 κατ’
322 2569 413 2653 ἐμοῦ,
436 2568 527 2635 ταῦτ’
555 2568 597 2636 ἀν
620 2576 744 2647 εῖασενς
775 2569 838 2652 ἐγὼ
862 2565 923 2653 μὲν
947 2568 1008 2633 οὐκ
1031 2565 1130 2652 οἶμαι.

122 2673 248 2740 οὐκοῦν
279 2673 478 2760 ἐξελέγχεται
508 2678 639 2754 τούτοις
667 2675 812 2758 ἐναργῶς
839 2673 934 2758 ὕβρει
963 2677 1068 2759 ζητῶν
1094 2669 1128 2759 μ’

123 2779 274 2864 ἐκβαλεῖν
298 2782 333 2846 ἐκ
356 2791 413 2866 της
434 2785 601 2867 πατρίδος.

72 2905 110 2944 ιιι
209 2883 339 2970 Madv}
373 2889 490 2952 τοίνυν
521 2895 618 2952 τοῦτο
650 2887 687 2951 τὸ
719 2883 841 2970 πρᾶγμ’
874 2883 954 2951 οὐδὲ
983 2884 1060 2951 καθ’
1094 2887 1132 2952 ἓν

122 3001 270 3076 πανταχῇ
290 2990 442 3076 στρέφων
460 2982 530 3066 οἷός
547 2987 576 3054 τ’
597 2986 640 3074 ην
659 2991 796 3074 ἀγαγεῖν
815 2988 865 3056 ἐπ’
887 2989 954 3076 ἐμέ,
979 3002 1131 3076 φανερῶς

122 3095 186 3180 ἤδη
212 3094 255 3162 δι’
278 3093 333 3182 ἐμὲ
357 3098 415 3162 τὸν
435 3093 650 3181 Ἀρίσταρχον
673 3096 898 3180 ἐσυκοφάντει.
935 3095 990 3163 καὶ
1012 3099 1052 3162 τά
1070 3095 1131 3182 μὲν

123 3203 207 3267 ἀλλα
233 3214 359 3268 σιωπῶ·
389 3212 446 3287 τῆς
474 3200 511 3268 δὲ
538 3206 662 3286 βουλῆς
689 3200 764 3284 περὶ
790 3203 919 3267 τούτων
941 3203 1131 3287 καθημένης
1240 3209 1246 3218 “

122 3305 177 3372 καὶ
201 3307 438 3392 σκοπουμένης,
462 3309 641 3395 παρελθὼν
664 3303 761 3384 οὗτος
780 3307 969 3392 ,,άγνοεῖτ’“
988 3312 1051 3393 ἐφη
1072 3313 1130 3392 ,τὸ

122 3407 245 3497 πρᾶγμ’
275 3409 301 3478 ὦ
328 3416 448 3498 βουλή,
476 3413 532 3480 καὶ
558 3417 618 3481 τὸν
646 3410 808 3498 αὐτόχειρ’
839 3415 995 3498 ἔχοντες(ι
1024 3414 1130 3499 λέγων

121 3518 182 3583 τὸν
201 3515 416 3603 Ἀρίσταρχον
440 3520 598 3604 ,μέλλετε
621 3518 676 3586 καὶ
700 3523 820 3602 ζητεῖτε
842 3518 896 3584 καὶ
919 3521 1129 3604 τειύφωσθες

123 3623 187 3690 οὐκ
210 3625 431 3702 ἀποκτενεῖτες
461 3626 522 3690 οὐκ
550 3623 603 3690 ἐπὶ
625 3627 686 3709 τὴν
709 3627 818 3690 οίκίαν
839 3626 1028 3710 βαδιεῖσθες
1057 3627 1132 3708 οὐχὶ
