2616 3910
444 181 544 232 THEP
562 181 786 235 ΦΟΡΜῙΩΝΟΣ.
1053 176 1118 242 44Ἰ

113 339 173 422 τήν
206 339 235 406 δ’
267 339 450 418 ἐκδέδωκας
482 339 629 425 ἑταίραν,
662 338 716 406 καί
748 349 849 406 ταῦτα
876 333 1005 424 γυναῖκ’
1036 342 1121 423 ἔχων

112 458 228 527 ποιεῖς,
251 446 306 512 καὶ
328 457 415 532 τρεῖς
437 448 558 524 παῖδας
580 446 789 524 ἀκολούθους
811 447 970 531 περιάγει,
993 444 1047 511 καὶ
1068 449 1122 530 ζής

114 552 258 636 ἀσελγῶς
277 554 359 618 ὥστε
377 550 433 618 καὶ
449 555 528 630 τοὺς
542 552 755 630 ἀπαντῶντας
768 547 1004 636 αἰσθάνεσθαι,
1023 550 1123 628 αὐτὸς

73 674 99 713 ⁴⁶
114 653 145 723 δ’
171 658 295 734 ἐκεῖνος
321 663 454 723 πολλῶν
481 657 596 742 ἐνδεής
619 658 718 724 ἐστιν.
763 653 843 723 οὐδὲ
865 659 924 723 τὸν
950 650 1118 742 Φορμίων’

113 762 237 842 ἐκεῖνος
260 765 321 850 οὐχ
344 764 414 851 ὁρᾷ.
456 767 563 830 καίτοι
585 771 615 830 εί
637 766 719 830 κατὰ
741 761 831 832 τοῦτ’
858 770 921 830 οίει
944 781 999 830 σοι
1020 780 1122 848 προσ-

112 871 205 953 ήκειν
231 881 298 936 τῶν
324 871 460 953 τούτου,
491 871 542 936 ὅτι
567 879 629 937 τοῦ
655 873 779 953 πατρός
805 868 877 938 ποτ’
904 870 1033 955 ἐγένετο
1060 878 1122 936 τοῦ

113 985 191 1058 σοῦ,
224 976 337 1065 ἐκείνω
367 978 524 1061 προσήκει
552 982 679 1061 μᾶλλον
706 976 727 1061 ή
755 981 825 1043 σοί·
857 976 875 1042 δ
903 978 966 1061 γάρ
994 970 1037 1042 αὖ
1065 976 1123 1052 σὸς

112 1083 219 1168 πατήρ
242 1082 377 1149 ἐκείνων
400 1081 541 1166 ἐγένετο,
565 1083 647 1149 ὥστε
668 1081 724 1148 καὶ
742 1086 785 1148 σὺ
803 1080 858 1147 καί
876 1077 975 1160 οὗτος
992 1081 1123 1148 ἐκείνου

111 1186 263 1271 γίγνεσθ’
291 1187 327 1254 ἐκ
352 1189 451 1254 τοῦδε
476 1199 537 1255 τοῦ
559 1192 671 1272 λόγου.
716 1191 759 1254 σὺ
782 1186 813 1254 δ’
840 1191 888 1265 είς
909 1185 1006 1254 τοῦθ’
1033 1187 1123 1270 ήκεις

112 1293 366 1378 ἀγνωμοσύνης,
403 1289 487 1360 ὥσθ’
523 1294 544 1359 ἃ
579 1293 728 1379 προσῆκέ
762 1310 816 1360 σοι
851 1296 930 1371 τοὺς
965 1293 1123 1376 λέγοντας

112 1400 256 1485 ἐχθροὺς
286 1403 446 1484 νομίζειν,
479 1398 570 1465 ταῦτ’
602 1401 701 1476 αὐτὸς
728 1412 833 1478 ποιεῖς
861 1399 1008 1484 ἀνάγκην
1035 1391 1123 1465 εἶναι

71 1521 97 1560 ⁴⁷
112 1505 238 1589 λέγειν,
264 1503 319 1572 καί
345 1506 489 1591 ὑβρίζεις
515 1503 576 1590 μὲν
604 1507 727 1572 σαυτὸν
755 1504 811 1572 καὶ
832 1509 910 1584 τοὺς
932 1503 1051 1590 γονέας
1071 1527 1122 1570 τε-

111 1619 272 1693 θνεῶτας,
294 1615 544 1696 προπηλακίζεις
569 1609 605 1678 δὲ
627 1613 688 1695 τήν
711 1615 823 1696 πόλιν,
847 1610 902 1679 καὶ
925 1612 946 1677 ἃ
967 1621 1025 1696 τής
1046 1611 1122 1676 τού-

110 1741 178 1783 των
202 1720 457 1803 φιλανθρωπίας
480 1717 669 1794 ἀπολαύσας
691 1716 804 1802 εὕρεθ’
827 1719 846 1785 ὁ
867 1719 925 1796 σὸς
943 1719 1049 1802 πατήρ
1067 1713 1122 1782 καλ

110 1825 191 1909 μετὰ
219 1833 323 1889 ταῦτα
348 1825 506 1908 Φορμίων
534 1823 663 1906 οὑτοσί,
690 1822 781 1889 ταῦτ’
808 1822 883 1890 ἀντὶ
903 1833 964 1890 τοῦ
986 1834 1123 1908 κοσμεῖν

111 1930 167 1997 καὶ
188 1928 429 2012 περιστέλλειν,
457 1929 513 1995 ἵνα
535 1927 591 1995 καὶ
613 1940 683 2005 τοῖς
706 1931 825 1995 δοῦσιν
847 1930 893 2007 ὡς
916 1929 1174 2015 εὐσχημονέ-θδθ

113 2031 203 2102 στατ’
221 2035 374 2120 ἐφαίνετο
393 2032 448 2100 καὶ
466 2045 536 2111 τοῖς
554 2039 716 2119 λαβοῦσιν
735 2035 825 2120 ὑμῖν,
845 2037 935 2119 ἄγεις
948 2037 996 2113 είς
1009 2033 1122 2119 μέσον,

113 2141 288 2222 δεικνύεις,
311 2139 462 2225 ἐλέγχεις,
486 2143 591 2224 μόνον
614 2141 676 2207 οὐκ
699 2140 869 2220 ὀνειδίζεις
892 2133 966 2208 οἷον
989 2142 1069 2207 ὄντα
1087 2136 1119 2206 σ’

70 2264 97 2304 ⁴⁸
111 2239 302 2331 ἐποιήσαντ’
325 2240 505 2329 Ἀθηναῖοι.
546 2242 604 2313 εἶτ’
631 2249 678 2324 είς
700 2245 798 2313 τοῦθ’
824 2248 913 2330 ήκεις
935 2251 1053 2330 μανίας
1076 2245 1126 2334 (τί

111 2356 176 2438 γάρ
205 2355 288 2418 άλλο
314 2374 363 2430 τις
390 2352 494 2438 είπης)
521 2349 598 2418 ὥστ’
626 2353 687 2418 οὐκ
710 2353 881 2437 αἰσθάνει,
908 2353 960 2418 ὅτι
981 2351 1036 2418 καί
1058 2361 1122 2418 νῦν

111 2459 206 2544 ἡμεῖς
238 2454 299 2543 μὲν
331 2458 514 2541 ἀξιοῦντες,
547 2458 722 2544 ἐπειδήπερ
752 2459 922 2544 ἀπηλλάγη
953 2463 1122 2545 Φορμίων,

112 2562 228 2651 μηδέν’
256 2563 424 2647 ὑπόλογον
452 2559 552 2646 εἶναι,
580 2570 614 2630 εί
636 2586 716 2629 ποτε
742 2574 803 2630 τοῦ
826 2573 889 2630 σοῦ
909 2566 1032 2650 πατρὸς
1055 2564 1122 2648 ίγέ-

111 2695 204 2757 νετο,
232 2666 316 2754 ὑπὲρ
339 2679 402 2735 σοῦ
425 2670 579 2754 λε’γομεν,
605 2673 649 2735 σὺ
672 2666 708 2734 δὲ
731 2667 886 2754 μηδέποτ’
913 2670 946 2750 ἐξ
970 2677 1046 2737 ίσου
1069 2688 1123 2738 σοι

110 2776 273 2861 γενέσθαι
304 2785 425 2841 τοῦτον
452 2775 569 2857 ἀξιῶν,
601 2777 683 2842 κατά
710 2784 835 2841 σαυτοῦ
862 2773 978 2860 λέγεις·
1011 2775 1032 2842 ἃ
1058 2779 1123 2860 γάρ

112 2882 154 2948 διν
178 2886 222 2948 σὺ
246 2882 356 2947 δίκαια
379 2889 489 2969 σαυτῷ
512 2881 595 2946 κατὰ
617 2882 738 2947 τούτου
761 2880 875 2967 τάξης,
896 2882 999 2948 ταύτὰ
1021 2878 1120 2949 ταῦθ’

111 2988 182 3072 ήξει
214 2988 296 3052 κατδι
328 2997 390 3054 σοῦ
422 2987 510 3072 παρά
543 2997 609 3051 τῶν
640 2987 699 3051 τὸν
731 2988 792 3052 σὸν
818 2982 930 3071 πατέρ’
961 2988 994 3068 ἐξ
1023 2989 1124 3074 ἀρχῆς

110 3089 336 3178 κτησαμένων.
382 3091 465 3156 άλλδι
497 3096 563 3176 μήν
589 3091 640 3157 ὅτι
666 3091 817 3200 κάκεῖνρς
842 3086 886 3175 ήν
911 3105 1028 3176 τινων,
1060 3089 1119 3160 εἶτ’

111 3198 285 3285 ἀπηλλάγη
312 3199 371 3263 τὸν
396 3197 661 3281 αὐτὸντρόπον,
689 3197 791 3282 ὅνπερ
815 3192 911 3276 οὗτος
933 3193 992 3283 ἀφ’
1017 3197 1123 3283 ὑμῶν,

110 3305 195 3391 λαβέ
221 3326 278 3388 μοι
300 3300 438 3369 ταυτασὶ
460 3304 518 3380 τὰς
540 3305 736 3388 μαρτυρίας,
764 3305 808 3381 ὡς
830 3304 960 3389 ἐγένετο
984 3306 1124 3369 Πασίων

107 3410 356 3498 Ἀρχεστράτου.
