2614 3904
158 255 226 320 412
438 257 561 310 xmv.
584 253 890 326 [ιωκοεοεεοωε]

157 421 309 502 κήρυγμα
340 417 405 502 γάρ
436 415 662 502 ποιησαμένου
692 415 903 499 Παιρισάδου
930 413 967 482 ἐν
995 418 1173 504 Βοσπόρῳ,
1283 469 1284 476 ,

158 521 217 588 ἐάν
248 546 298 599 τις
329 521 490 606 βούληται
514 518 673 606 Ἀδήναζε
700 523 748 598 είς
774 521 812 586 τὸ
836 518 984 588 Ἀττικὸν
1011 519 1171 606 ἐμπόριον

159 639 321 710 σιτηγεῖν,
352 627 449 712 ἄτελή
479 629 539 694 τόν
567 637 661 692 σίτου
688 627 830 710 ἐξάγειν,
863 625 1033 710 ἐπιδημῶν
1060 625 1097 692 ἐν
1124 637 1170 714 τῳ

158 735 322 821 Βοσπόρῳ
346 732 365 800 δ
382 734 516 818 Λάμπις
539 733 635 815 ἐλαβε
656 732 718 814 τήν
736 730 906 816 ἐξαγωγήν
923 740 985 800 τοῦ
1002 736 1098 800 σίτου
1115 731 1172 799 καὶ

157 839 219 922 τήν
247 837 398 906 ἀτέλειαν
420 836 474 906 ἐπὶ
496 846 542 926 τῷ
565 847 623 921 τής
644 840 771 914 πόλεως
794 836 947 922 ὀνόματι,
974 843 1110 924 γεμίσας
1133 836 1171 906 δέ

2 1000 5 1040 3
159 942 196 1010 δέ
222 953 309 1010 ναῦν
337 945 483 1030 μεγάλην
510 947 605 1011 σίτου
633 942 785 1027 ἐκόμισεν
810 945 857 1020 είς
876 941 1047 1012 ’Ἄκανθον
1069 945 1227 1012 κάκεῑνιε

2 1075 5 1134 ι
119 1066 146 1108 ει
160 1049 293 1116 διέθετο
317 1049 336 1117 ό
359 1051 565 1134 κοινωνήσας
586 1049 694 1135 τούτῳ
717 1047 781 1114 άπὸ
803 1059 872 1113 τῶν
893 1048 1070 1134 ήμετέρων.
1114 1048 1172 1117 καλ

4 1145 5 1150 ¹
156 1152 249 1221 ταῦτ’
273 1155 412 1240 ἔπραξεν
430 1151 457 1222 δι
476 1155 597 1239 ἄνδρες
615 1151 766 1220 δικασταί
784 1155 886 1220 οίκῶν
900 1150 961 1238 μὲν
975 1151 1171 1240 Ἀθήνησιν,

158 1261 262 1346 οὔσης
288 1255 321 1327 δ’
346 1261 436 1349 αὐτῷ
462 1261 621 1344 γυναικὸς
647 1257 772 1326 ἐνθάδε
793 1257 849 1324 καὶ
871 1262 1017 1346 παίδων,
1043 1273 1111 1326 τῶν
1134 1258 1172 1331 δὲ

157 1369 272 1451 νόμων
294 1367 335 1434 τὰ
356 1369 475 1452 ἔσχατα
498 1365 643 1449 ἐπιτίμια
665 1367 930 1449 προτεθηκότων,
954 1371 988 1432 εί
1001 1389 1052 1443 τις
1069 1369 1172 1432 οἰκῶν

155 1466 337 1556 Ἀθήνησιν
370 1470 492 1538 ἄλλοσέ
520 1493 578 1537 ποι
607 1473 814 1554 σιτηγήσειεν
841 1470 861 1553 ή
890 1473 937 1548 είς
962 1472 1001 1538 τὸ
1024 1465 1172 1538 Ἀττικὸν

158 1577 402 1664 ἐμπόριον,·ἐτι
425 1575 456 1643 δ’
478 1577 515 1644 ἐν
537 1578 677 1663 τοιούτῳ
701 1584 816 1663 καιρῳ,
838 1567 925 1665 ἐνςδ
945 1577 1041 1662 ὑμῶν
1059 1579 1096 1644 οἱ
1110 1575 1172 1662 μὲν

159 1683 196 1749 ἐν
223 1691 268 1771 τῷ
295 1683 387 1750 ἄστει
410 1684 579 1758 οἰκοῦντες
602 1682 834 1765 διεμετροῦντο
856 1684 897 1746 τά
919 1683 1041 1766 ἄλφιτα
1065 1683 1102 1750 ἐν
1124 1693 1170 1772 τῷ

22 1869 24 1890 .
159 1783 278 1877 ᾠδείῳ,
301 1787 337 1854 ολ
357 1784 387 1852 δ’
411 1787 448 1854 ἐν
469 1795 515 1875 τῳ
541 1790 694 1871 Πειραιεῖ
715 1785 752 1852 ἐν
771 1795 817 1874 τςδ
835 1791 963 1875 νεωρίῳ
983 1788 1171 1873 ἐλάμβανον

158 1891 228 1960 κατ’
261 1893 383 1978 ὀβολὸν
413 1895 492 1969 τοὺς
523 1893 644 1976 ἄρτους
673 1889 727 1956 καὶ
756 1891 810 1958 ἐπὶ
834 1902 893 1976 τῆς
920 1903 1046 1977 μακρᾶς
1073 1905 1173 1972 στοᾶς

159 2001 200 2066 τὰ
223 2001 356 2083 ἄλφιτα,
379 1992 458 2065 καθ’
479 1997 635 2082 ἡμίεκτον
658 1999 876 2083 μετρούμενοι
895 1997 951 2065 καὶ
968 2002 1172 2066 καταπατού-

23 2115 27 2136 ¹
160 2128 263 2189 μενοι.
309 2101 364 2170 καὶ
392 2104 443 2170 ότι
466 2104 576 2187 ἀληθῆ
600 2101 702 2187 λέγω,
727 2103 810 2188 λαβέ
830 2127 887 2189 μοι
908 2107 970 2190 τήν
992 2128 1027 2172 τε
1049 2130 1174 2190 μαρτυ-

159 2214 236 2297 ρίαν
258 2207 313 2276 καλ
336 2212 395 2274 τὸν
417 2211 532 2294 νόμον.

482 2421 672 2474 MAPPTPLA„
710 2420 847 2475 ΝΟΜΟΣ.

16 2541 19 2604 ε
119 2551 147 2590 ω
252 2529 411 2614 Φορμίων
446 2530 564 2594 τοίνυν
595 2527 702 2616 τούτῳ
733 2529 902 2614 χρώμενος
932 2537 1084 2616 κοινωνῷ
1116 2527 1174 2594 καλ

159 2635 302 2720 μάρτυρι
327 2640 430 2700 οίετοι
454 2635 526 2698 δεῖν
548 2632 770 2718 άποστερήσαι
792 2635 832 2699 τά
850 2631 994 2719 χρήμαθ’
1016 2634 1114 2719 ἡμᾶς,
1138 2635 1176 2702 οἵ

6 2727 24 2762 ⁸
159 2763 196 2824 γε
225 2749 438 2824 σιτηγοῦντες
466 2737 733 2823 διατετελέκαμεν
761 2741 808 2817 είς
830 2740 867 2806 τὸ
890 2738 1051 2826 ὑμέτερον
1074 2741 1173 2826 ἐμπό-

160 2871 246 2930 ριον,
270 2843 325 2912 καὶ
347 2855 449 2930 τριῶν
472 2845 536 2928 ήδη
560 2855 685 2927 καιρῶν
707 2848 956 2930 κατειληφότων
978 2847 1039 2929 τήν
1062 2849 1175 2932 πόλιν,

7 2955 34 3040 χλ,
160 2953 197 3018 ἐν
220 2944 271 3029 οἷς
293 2952 387 3036 ὑμεῖς
406 2953 485 3028 τοὺς
502 2953 685 3034 χρησίμους
702 2958 747 3036 τῷ
766 2953 860 3039 δήμῳ
880 2951 1055 3035 ἐξητάζετε,
1077 2952 1174 3018 οὐδε·

159 3061 218 3135 νὸς
244 3059 372 3124 τούτων
401 3057 681 3140 ἀπολελείμμεθα,
714 3053 785 3121 ἄλλ’
818 3058 871 3122 ὅτε
898 3053 960 3141 μὲν
986 3060 1034 3135 είς
1061 3061 1176 3142 Θήβας

9 3139 25 3282 ή
157 3161 370 3248 Ἀλέξανδρος
391 3159 526 3248 παρήει,
551 3161 760 3246 ἐπεδώκαμεν
783 3161 863 3246 ὑμῖν
885 3163 1050 3230 τάλαντον
1071 3164 1174 3249 ἄργυ-

23 3283 26 3332 1
119 3289 145 3328 ⁸³
161 3276 248 3356 ρίου·
277 3269 330 3334 ὅτε
359 3262 390 3334 δ’
416 3268 434 3335 ὁ
463 3261 559 3345 σῖτος
576 3267 756 3352 ἐπετιμήθη
780 3269 817 3333 τὸ
841 3271 1004 3354 πρότερον
1026 3267 1082 3336 καὶ
1104 3269 1174 3354 ἐγέ-

25 3403 28 3438 Ι

24 3375 27 3446 ἲ
160 3399 236 3440 νετο
265 3374 436 3440 ἑκκαίδεκα
459 3376 631 3458 δραχμῶν,
659 3375 890 3457 εἰσαγαγόντες
911 3379 1047 3452 πλείους
1068 3375 1089 3460 ή
1112 3401 1174 3460 μν-

27 3403 39 3556 δ
163 3482 257 3560 ρίους
279 3480 459 3562 μεδίμνους
481 3491 598 3563 πυρῶν
621 3479 879 3564 διεμετρήσαμεν
899 3479 980 3565 ὑμῖν
998 3490 1056 3564 τής
1073 3487 1173 3548 καθε-

16 3557 41 3682 {Q
164 3585 320 3660 στηκυίας
352 3593 459 3666 τιμῆς,
495 3583 593 3649 πέντε
626 3586 783 3670 δραχμῶν
813 3587 874 3652 τὸν
904 3585 1081 3671 μέδιμνον,
1116 3586 1174 3654 καλ

18 3689 42 3740 ι’δ
