2938 4180
252 89 315 153 166
552 90 652 142 xxm
677 87 955 140 ΔΗΜΟΣΘΕΝΟΤΣ

251 247 412 336 ἀνῄρηται
438 259 507 326 τοῖς
534 247 762 333 ὑβριζομένοις
788 247 808 332 ἡ
835 248 915 332 μετδ
938 257 1005 311 τῶν
1027 249 1141 330 νόμων
1165 248 1258 330 δίκη.
1271 258 1328 306 639
1367 273 1368 276 “

251 355 334 421 ὥστε
361 363 508 439 πανταχῇ
535 352 590 420 καί
619 353 771 420 ἐναντίον
798 351 867 419 ἐστί
893 363 963 430 τοῖς
990 354 1106 437 νόμοις
1131 352 1169 418 τὸ
1197 355 1269 436 ψύ-

251 477 357 544 φισμα
379 459 435 526 καὶ
458 464 556 525 λῦσαι
579 458 749 544 συμφέρει.

211 584 238 626 ιο
339 564 425 649 Λέγε
447 566 506 631 τδν
528 567 608 650 μετὰ
629 573 732 630 ταῦτα
754 567 869 650 νόμον.

683 765 820 820 ΝΟΜΟΣ.

384 877 444 940 Καί
466 876 519 941 ἕδιν
542 876 670 960 φέροντα
691 875 712 957 ἢ
734 873 845 958 άγοντα
867 877 918 962 βίρ
941 873 1051 950 ἀδίκως
1069 874 1163 949 εὐθὺς
1182 873 1263 956 ἀμυ-

295 973 419 1056 νόμενος
442 976 557 1061 κτείνῃ,
579 973 716 1053 νῃποινεί
737 974 889 1036 τεθνάναι.

331 1092 434 1160 ’Ἁλλα
456 1089 546 1160 ταῦτ’
573 1091 625 1178 ἐφ’
653 1085 703 1170 οίς
726 1094 830 1173 ἔξεστι
852 1104 986 1159 κτεῖναι.
1031 1093 1113 1177 ,ἐὰν
1135 1095 1261 1175 ἀγοντα

251 1199 272 1284 ἦ
299 1197 445 1285 φέροντα
468 1203 524 1285 βίᾳ
547 1199 668 1277 ἀδίκως
691 1199 795 1276 εὐθύς
818 1199 1025 1284 ἀμυνόμενος
1047 1202 1173 1284 κτείνῃ,
1201 1223 1261 1282 νῃ-

251 1304 360 1370 ποινεδ
381 1306 565 1371 τεθνάναι“
583 1306 717 1371 κελεύει.
753 1305 925 1370 θεάσασθε
944 1305 1026 1391 πρὸς
1043 1306 1127 1381 Διὸς
1145 1305 1190 1382 ὡς
1208 1299 1260 1370 εὖ·
1367 1327 1368 1334 “

250 1419 296 1499 τῷ
319 1407 381 1495 μὲν
402 1410 560 1492 ὑπειπὼν,
585 1409 635 1496 ἐφ’
660 1403 710 1488 οἷς
732 1410 853 1489 ἐξεῖναι
873 1413 1024 1493 κτείνειν,
1048 1413 1261 1496 προσγράψαι

251 1517 288 1582 τὸ
316 1517 486 1600 ,,εύθύς“,
513 1517 627 1601 ἀφεῖλε
652 1518 712 1583 τὸν
738 1525 799 1582 τοῦ
825 1517 1079 1600 βουλεύσασθαί
1102 1540 1133 1581 τι
1155 1520 1260 1583 κακὸν

251 1625 386 1708 χρόνον·
416 1631 462 1710 τῷ
490 1619 520 1687 δ’
548 1621 807 1708 ,,ἀμυνόμενος“
834 1621 974 1705 γράψαι,
1003 1622 1103 1704 δῃλοί
1126 1631 1172 1710 τῷ
1199 1624 1261 1706 πά·

253 1746 366 1814 σχοντι
389 1729 505 1806 διδοὺς
527 1730 589 1813 τὴν
611 1727 775 1810 ἐξουσίαν,
799 1727 861 1792 οὐκ
882 1728 970 1814 άλλῳ
988 1731 1063 1794 τινί.
1100 1726 1118 1793 δ
1138 1724 1259 1814 μὲνδὴ

251 1837 354 1918 νόμος
381 1834 484 1911 εὐθὺς
512 1825 707 1922 ἀμυνομένῳ
736 1832 880 1899 δέδωκεν
903 1833 1156 1916 ἀποκτιννύναι,
1184 1829 1256 1900 ὁδ’

253 1937 354 2006 οὐδὲν
380 1945 526 2025 είρῃιιεν,
554 1938 624 2005 ἀλλ’
652 1939 762 2018 ἁπλῶς
785 1939 867 2023 ,ἐάν
888 1962 938 2016 τις
960 1939 1170 2026 ἀποκτείνῃίί,
1197 1937 1259 2005 κάν

212 2064 238 2104 ⁶1
253 2049 399 2129 δικαίως,
422 2044 484 2111 κάν
507 2047 551 2122 ὡς
575 2047 610 2112 οί
629 2049 727 2131 νόμοι
751 2047 911 2111 διδόασιν.
949 2045 1031 2111 άλλδ
1053 2047 1095 2130 νὴ
1116 2049 1183 2112 Δία
1202 2063 1259 2112 συ-

252 2161 485 2237 κοφαντοῦμεν
510 2152 548 2217 τὸ
575 2161 721 2237 πρᾶγμα·
748 2155 823 2217 τίνα
849 2152 913 2235 γάρ
938 2157 1045 2233 ,μίσει
1067 2151 1088 2236 ἢ
1112 2151 1180 2231 άξει
1202 2155 1259 2238 βίᾳ

252 2258 401 2334 ἀδίκοις“
434 2258 638 2342 Χαρίδημοςς
675 2259 800 2334 πάντας
831 2256 1041 2341 ἀνθρώπους.
1096 2265 1164 2324 ίστε
1194 2260 1257 2343 γδιρ

253 2365 361 2447 δήπου
383 2358 479 2429 τοῦθ’
507 2363 557 2430 ὅτι
580 2365 699 2440 πάντες
723 2363 758 2428 οί
778 2360 952 2447 στράτευμ’
978 2366 1123 2448 ἔχοντες,
1147 2357 1195 2429 ὧν
1216 2362 1258 2430 άν

253 2477 388 2536 οίωνται
403 2471 571 2555 κρείττους
585 2471 732 2551 ἔσεσθαι,
751 2469 870 2552 άγουσι
887 2465 943 2534 καί
961 2467 1103 2555 φέρουσι
1121 2464 1255 2555 χρήματ’

252 2578 429 2652 αἰτοῦντες.
474 2569 532 2640 εἶτ’
559 2574 600 2640 ού
623 2575 750 2657 δεινὸν,
774 2571 800 2639 ὦ
824 2585 865 2660 γῆ
889 2571 944 2642 καὶ
966 2572 1058 2657 θεοί,
1081 2573 1136 2642 καί
1159 2600 1257 2661 φανε-

252 2692 318 2768 ρῶς
331 2681 535 2765 παράνομον,
555 2680 595 2745 ού
610 2683 715 2764 μόνον
728 2681 817 2764 παρὰ
830 2681 890 2746 τὸν
901 2679 1130 2767 γεγραμμένον
1142 2685 1256 2766 νόμον,

252 2786 335 2851 ἀλλὰ
363 2784 417 2851 καὶ
443 2787 532 2872 παρὰ
558 2786 618 2851 τὸν
645 2786 760 2851 κοινδν
787 2785 941 2852 ἁπάντων
968 2786 1173 2872 ἀνθρώπων,
1200 2790 1257 2854 τὸν

252 2889 364 2974 ἄγοντ’
386 2889 408 2976 ἢ
432 2889 578 2975 φέροντα
596 2894 653 2977 βίᾳ
671 2886 745 2975 τᾶμ’
766 2889 803 2956 ἐν
821 2893 981 2974 πολεμίου
1000 2894 1099 2979 μοίρᾳ
1117 2893 1162 2977 μὴ
1181 2892 1256 2972 ἐξελ-

251 3001 311 3063 υαί
331 3020 388 3082 μοι
410 2996 608 3082 ἀμύνεσθαι,
632 3002 666 3063 εί
680 3021 718 3081 γε
737 2993 820 3081 μηδὲ
836 3006 957 3063 τοῦτον
974 2979 1034 3063 τὸν
1051 3000 1176 3082 τρόπον
1195 2999 1256 3079 ἐξέ-

252 3120 327 3171 σται
351 3104 545 3187 Χαρίδημον
568 3102 770 3184 ἀποκτείναι,
796 3100 882 3185 ἀλλ’,
905 3101 948 3167 άν
970 3103 1097 3170 ἀδικῶν
1119 3105 1182 3191 άγῃ
1204 3103 1256 3172 καί

252 3209 338 3295 φέρῃ
357 3212 415 3296 βία
433 3210 474 3274 τά
491 3232 582 3286 τινος
598 3210 783 3294 λῃζόμενος,
803 3208 969 3294 ἀγώγιμος
983 3208 1002 3276 δ
1016 3213 1145 3289 κτείνας
1158 3215 1256 3297 ἔσται,

252 3324 312 3380 τοῦ
334 3319 442 3398 νόμου
466 3316 628 3396 διδόντος,
653 3314 711 3379 ἐάν
734 3312 787 3380 ἐπὶ
807 3315 948 3399 τούτοις,
972 3314 1087 3404 ἀθῷον
1110 3312 1209 3398 είναις

213 3439 239 3479 τε
344 3420 428 3504 Λέγε
451 3422 510 3485 τὸν
532 3421 613 3505 μετὰ
633 3429 735 3485 ταῦτα
758 3424 872 3504 νόμον.
