2644 4182
111 105 113 110 ’
192 124 233 190 16
517 129 575 182 xx.
598 127 879 180 ΔΗιιοΣοιιαουε

188 284 267 353 δέον
295 283 331 352 δὲ
358 295 422 352 νῦν
449 283 558 370 γέγον’
590 287 679 373 αὐτῷ
705 289 744 353 τδ
771 290 885 369 λαβεῖν
912 284 989 369 παρ’
1015 286 1109 371 ὑμῶν
1136 289 1199 370 τὴν

188 391 346 459 ἀτέλειαν.
390 395 441 470 τίς
467 387 529 458 οὖν
557 387 655 469 οὗτός
682 392 785 470 ἐστινς
822 389 1012 476 Ἐπικέρδης
1040 393 1058 458 δ
1086 396 1197 478 Κυρη-

188 510 292 582 ναῖος,
316 497 362 580 δς,
386 505 476 584 είπερ
499 522 549 575 τις
566 496 622 563 καὶ
641 500 740 575 ἀλλος
757 509 824 564 τῶν
842 500 1039 582 εἰληφότων,
1063 499 1197 576 δικαίως

187 604 314 688 ἠξιώθη
341 606 463 688 ταύτης
488 613 547 689 της
573 614 681 689 τιμῆς,
710 604 752 670 οὐ
778 613 824 692 τῷ
849 597 963 688 μεγάλ’
989 603 1009 689 ἢ
1032 601 1193 688 θαυμάσι’

187 711 284 794 ἡλίκα
312 713 445 793 δοῦναι,
473 709 557 775 ἀλλά
583 719 628 796 τῷ
656 711 744 794 παρὰ
771 719 924 776 τοιοῦτον
950 712 1082 793 καιρόν,
1111 700 1197 797 ένῴ

186 815 242 882 καλ
260 828 328 882 τῶν
346 812 384 882 εὖ
402 818 621 882 πεπονθότων
639 819 739 898 ἔργον
756 811 800 899 ἧν
818 814 929 900 εὑρεῖν
947 814 1107 881 ἐθέλοντά
1122 839 1198 881 τινα

150 937 173 977 ¹²
188 917 235 988 ὧν
268 922 459 1007 εὐεργέτητο
491 928 687 1008 μεμνῆσθαι.
733 917 832 999 οὗτος
862 921 925 1004 γδιρ
955 920 1057 1006 ἀνὴρ,
1087 921 1132 998 δας
1158 925 1196 986 τὸ

186 1031 342 1113 ψήφισμα
376 1038 475 1095 τοῦτο
512 1029 611 1111 δηλοῖ
644 1028 682 1093 τδ
717 1022 786 1093 τότ’
821 1028 910 1116 αὐτῷ
946 1027 1091 1110 γραφέν,
1127 1038 1197 1104 τοῖς

189 1132 321 1216 [ἀλοῦσι
342 1131 427 1215 τότ’]
446 1133 483 1198 έν
501 1135 638 1219 Σικελίᾳ
658 1143 726 1198 τῶν
744 1138 888 1199 πολιτῶν
907 1132 943 1198 έν
961 1135 1096 1219 τοιαύτη
1116 1150 1197 1216 συμ-

187 1247 277 1326 φορᾷ
299 1243 551 1323 καθεστηκόσιν,
575 1241 676 1305 ἔδωκε
700 1249 783 1324 μνᾶς
802 1239 918 1305 ἑκατὸν
935 1238 991 1305 καὶ
1008 1249 1070 1305 τοῦ
1087 1241 1130 1323 μη
1150 1249 1195 1326 τῷ

187 1349 270 1432 λιμῷ
302 1347 427 1422 πάντας
459 1349 581 1422 αὐτοὺς
612 1345 798 1411 ἀποθανεῖν
830 1347 1019 1421 αίτιύτατος
1050 1345 1196 1428 γέγονεν.

186 1448 241 1516 καὶ
259 1452 339 1535 μετά
357 1461 458 1516 ταῦτα
477 1453 636 1535 δοθείσης
654 1450 800 1528 ἀτελείας
818 1451 906 1538 αὐτῷ
927 1452 983 1517 διδ
1000 1461 1102 1516 ταῦτα
1116 1446 1195 1533 παρ’

186 1557 291 1642 ὑμῶν,
315 1557 403 1642 ὁρῶν
427 1559 464 1623 έν
486 1567 531 1646 τῷ
555 1556 685 1644 πολέμῳ
709 1559 772 1642 πρὸ
796 1568 863 1622 τῶν
883 1557 1060 1641 τριάκοντα
1077 1560 1197 1642 μικρὸν

186 1668 386 1741 σπανίζοντα
399 1665 458 1729 τὸν
473 1664 580 1747 δῆμον
593 1664 778 1746 χρημάτων,
792 1663 955 1728 τάλαντον
966 1663 1088 1728 ἔδωκεν
1097 1663 1197 1740 αὐτὸς

146 1784 174 1827 ⁴¹
187 1769 470 1853 ἐπαγγειλάμενος.
521 1768 690 1844 σκέψασθε
722 1769 764 1852 δὴ
796 1769 878 1852 πρὸς
905 1769 988 1844 Διὸς
1014 1767 1069 1834 καὶ
1096 1775 1248 1834 θεωνιιο

187 1874 306 1958 ἄνδρες
325 1868 512 1957 Ἀθηναῖοι,
539 1884 608 1950 πῶς
635 1872 676 1938 ἀν
700 1875 879 1958 ἀνθρωπος
901 1879 1028 1957 μᾶλλον
1051 1877 1196 1959 φανερὸς

186 1977 308 2062 γένοιτ’
334 1980 453 2056 εύνους
476 1979 523 2044 ὢν
545 1979 640 2063 ὑμῖν,
668 1979 688 2062 ἢ
711 1991 780 2056 πῶς
802 1975 901 2062 ἦττον
924 1981 1014 2058 άξιος
1037 1980 1196 2064 ἀδικηθῆ-

187 2109 258 2168 ναι,
285 2084 306 2170 ἣ
333 2097 465 2168 πρῶτον
492 2081 553 2167 μὲν
581 2086 612 2149 εί
636 2085 752 2169 παρὼν
778 2093 824 2170 τῷ
851 2094 908 2168 τῆς
930 2088 1055 2161 πόλεως
1078 2085 1198 2170 ἀτυχη-

187 2217 277 2276 ματι,
309 2196 436 2274 μᾶλλον
468 2189 576 2257 ἕλοιτο
603 2195 681 2267 τοὺς
708 2191 911 2275 ἀτυχοῦντας
938 2189 992 2255 καλ
1018 2190 1080 2272 τὴν
1108 2193 1197 2274 παρὰ

186 2299 314 2363 τούτων
341 2298 454 2381 χάριν,
481 2297 551 2380 ἥτις
574 2295 646 2363 ποτ’
673 2298 813 2380 ἤμελλεν
836 2299 988 2378 ἔσεσθαι,
1015 2295 1035 2378 ἢ
1059 2299 1137 2373 τοὺς
1159 2296 1197 2363 έν

187 2404 300 2492 ἐκείνω
322 2412 368 2488 τῷ
391 2406 500 2490 χρόνῳ
523 2406 760 2487 κεκρατηκότας
781 2401 837 2468 καὶ
859 2397 936 2487 παρ’
963 2395 1013 2479 οἷς
1035 2397 1093 2485 ἦν,
1121 2403 1197 2468 δεύ-

186 2533 285 2594 τερον
307 2507 353 2592 δ’,
376 2507 491 2593 ἑτέραν
514 2512 628 2592 χρείαν
652 2510 745 2591 ἰδὼν,
770 2511 801 2575 εί
817 2513 972 2593 φαίνοιτο
992 2509 1118 2592 διδούς,
1141 2507 1197 2575 καὶ

187 2617 230 2699 μὴ
254 2627 323 2690 πῶς
347 2615 415 2700 ίδίᾳ
437 2616 477 2680 τά
500 2616 580 2679 ὄντα
604 2616 703 2680 σώσει
725 2615 984 2699 προνοούμενος,
1010 2611 1081 2678 ἄλλ’
1109 2615 1197 2692 ὅπως

146 2727 253 2785 Μ’τῶν
275 2719 443 2802 ὑμετέρων
465 2715 570 2803 μηδὲν
593 2719 714 2796 ἐνδεῶς
737 2719 800 2798 ἔξει
818 2722 855 2787 τὸ
874 2718 952 2785 καθ’
974 2719 1084 2784 αὑτόν.
1119 2731 1197 2788 τοῦ·

186 2849 245 2891 τον
268 2825 381 2910 μέντοι
403 2827 462 2891 τδν
484 2835 528 2912 τῷ
548 2822 610 2910 μὲν
628 2828 714 2911 ἔργῳ
732 2828 821 2907 παρά
838 2827 917 2903 τούς
934 2829 1109 2910 μεγίστους
1125 2851 1196 2892 και-

187 2935 266 3016 ροὺς
294 2930 416 2997 οὑτωσί
438 2932 534 2996 κοινδι
556 2931 596 2996 τά
620 2932 700 2996 ὄντα
722 2940 767 3017 τῷ
792 2934 885 3019 δήμω
908 2930 1122 3016 κεκτημένον,
1149 2943 1195 3020 τῷ

187 3033 224 3102 δὲ
247 3038 365 3122 ῥήματι
388 3035 504 3122 καλιῇ
528 3046 604 3121 τιμῇ
626 3038 688 3120 τὴν
711 3036 859 3102 ἀτέλειαν
882 3038 1014 3121 ἔχοντα,
1037 3035 1113 3122 ούχλ
1134 3039 1196 3122 τὴν

186 3142 335 3208 ἀτέλειαν
362 3142 590 3227 ἀφαιρήσεσθε
620 3139 713 3224 (οὐδὲ
735 3145 798 3228 γάρ
822 3144 907 3228 ούση
929 3143 1097 3229 χρώμενος
1119 3148 1195 3228 φαί-

185 3249 307 3330 νεται),
343 3247 427 3312 ἀλλὰ
457 3248 495 3311 τὸ
532 3248 700 3311 πιστεύειν
731 3247 825 3331 ὑμῖν,
863 3242 904 3312 οὗ
934 3250 971 3314 τί
998 3243 1120 3331 γένοιτ’
1154 3247 1196 3315 ἀν

187 3358 332 3435 αῖσχιον;
364 3353 402 3418 τὸ
435 3354 551 3417 τοίνυν
583 3346 726 3436 ψήφισμ’
755 3353 836 3437 ὑμῖν
867 3352 939 3419 αὔτ’
970 3355 1196 3437 ἀναγνώσεται

188 3459 222 3518 τὸ
249 3459 323 3521 τότε
350 3456 523 3537 ψηφισθέν
550 3464 595 3535 τῷ
621 3457 727 3536 ἀνδρί.
773 3455 827 3522 καὶ
850 3456 1000 3539 θεωρεῖτ’
1027 3455 1053 3525 ὦ
1077 3461 1197 3539 ἄνδρες
