2938 4180
238 183 302 248 162
538 189 640 241 xxm.
662 186 941 239 Δειυοεοεαοεε

194 359 223 402 ⁴⁶
235 347 427 429 φανήσεται.
459 346 540 430 ,ἐάν
558 351 607 424 τίς
624 370 698 411 τινα
716 356 783 410 τῶν
799 345 1043 429 ἀνδροφόνων(
1056 341 1140 430 φησὶ
1153 357 1247 429 ,τῶν

236 448 494 534 ἐξεληλυθότων,
513 444 561 517 ὧν
579 453 619 516 τά
637 452 785 536 χρήματα
803 451 964 536 ἐπίτιμα“.
993 462 1061 517 τῶν
1078 445 1128 516 ἐπ’
1145 451 1245 516 ἀκού-

236 559 297 644 σίηι
325 559 419 644 φόνῳ
447 555 535 640 λέγει
557 559 818 642 μεθεστηκότων.
862 565 908 644 τῷ
930 566 1028 622 τοῦτο
1051 558 1168 641 δήλον;
1197 566 1245 643 τῷ

235 659 264 726 τ’
286 661 580 746 ,,ἐξεληλυθότων“
599 664 714 744 είπείν,
736 661 819 727 ἀλλά
837 664 881 747 μή
901 664 1170 747 ,πεφευγότωύῧ
1188 661 1246 728 καὶ

236 775 281 855 τῷ
310 768 466 853 διορίζειν
492 762 567 851 ,ὧν
589 769 629 832 τά
651 771 800 854 χρήματα
823 766 993 853 ἐπίτιμαῑί·
1032 770 1184 852 τῶνγὰρ
1208 768 1246 834 ἐκ

237 877 396 958 προνοίας
419 874 616 957 δεδήμευται
638 875 678 938 τὰ
701 875 790 938 ὄντα.
826 871 902 959 περὶ
922 869 983 958 μὲν
1001 874 1042 957 δή
1060 884 1127 939 τῶν
1146 872 1245 939 ἀκου-

196 995 224 1032 46
238 983 321 1045 σίων
343 977 386 1044 ἀν
409 975 506 1060 λέγοι.
553 978 641 1061 λέγει
665 974 701 1043 δὲ
722 981 768 1056 τίς
793 977 879 1061 ,ἐὰν
901 977 985 1064 πέρᾳ
1007 979 1116 1064 ὄρου“
1139 977 1247 1068 φησίν

238 1083 383 1170 ,ἐλαύνη
406 1083 427 1168 ή
450 1084 536 1169 φέρη
558 1082 579 1167 ή
603 1085 698 1169 άγη“.
743 1093 841 1149 τοῦτο
864 1081 895 1149 δ’
922 1080 991 1150 ἐστὶ
1013 1088 1056 1168 τί,
1078 1086 1115 1151 τὸ
1138 1085 1246 1172 ,πέρᾳ

238 1191 357 1276 δρου“;
382 1193 452 1256 ἔστι
474 1199 575 1255 πᾶσιν
598 1189 675 1273 ὅρος
697 1199 767 1266 τοῖς
790 1189 1013 1275 ἀνδροφόνοις
1032 1199 1090 1273 τῆς
1107 1199 1168 1256 τοῦ
1184 1213 1246 1254 πα-

237 1300 361 1372 θόντος
381 1301 553 1381 είργεσθαι
570 1297 737 1379 πατρίδος.
766 1294 801 1360 ἐκ
819 1291 880 1378 μὲν
899 1296 941 1379 δή
959 1297 1080 1380 ταύτης
1097 1298 1302 1361 δι’δωσινσοὸ

239 1401 391 1467 ἐλαύνειν
413 1399 468 1467 καὶ
491 1401 595 1485 ἀγειν,
618 1400 702 1487 πέρᾳ
726 1399 756 1465 δ’
779 1401 840 1466 οὐκ
863 1400 901 1487 ἐᾷ
922 1402 1051 1467 τούτων
1068 1401 1246 1486 οὐδέτερον

238 1518 355 1573 ποιεῖν.
393 1505 435 1572 ἀν
458 1504 498 1572 δέ
517 1529 566 1583 τις
588 1507 677 1587 παρὰ
699 1515 800 1570 ταῦτα
822 1515 913 1591 ποιή,
935 1508 997 1590 τήν
1020 1491 1125 1591 αύτήν
1145 1509 1246 1573 ἔδωκε

239 1609 322 1698 ὑπὲρ
345 1612 449 1678 αύτοῦ
473 1613 569 1696 δίκην
591 1613 695 1696 ήνπερ
719 1610 761 1676 ἀν
784 1614 815 1677 εί
836 1610 967 1695 μένοντ’
990 1612 1096 1695 ἠδίκει
1121 1616 1246 1697 [οίκοι],

199 1731 226 1774 ⁴²
241 1719 370 1804 γράψας
391 1714 482 1782 παύε’
505 1717 652 1801 ὀφείλειν
671 1717 753 1801 άπερ
772 1716 814 1781 ἀν
832 1723 919 1783 οίκοι
937 1718 1053 1803 δράση.
1089 1720 1121 1783 εί
1138 1720 1179 1803 δή
1196 1743 1247 1796 τις

240 1819 339 1906 ἔροιτ’
360 1822 616 1909 Ἀριστοκράτην
637 1826 774 1888 τουτονί
795 1820 863 1904 (καί
885 1823 929 1906 μή
953 1820 1104 1907 νομίσητ’
1127 1826 1247 1909 εὔηθες

239 1931 278 1996 τδ
310 1927 473 2015 ἐρώτημα)
506 1938 638 2012 πρῶτον
670 1925 731 2012 μὲν
762 1931 794 1994 εί
824 1924 915 1993 οἶδεν
944 1933 978 1994 εί
1000 1951 1050 2005 τις
1077 1929 1248 1996 ἀποκτενεῖ

241 2037 446 2119 Χαρίδημον,
468 2033 489 2118 ή
512 2032 567 2099 καί
586 2035 692 2111 ἀλλως
709 2056 779 2111 πως
796 2036 993 2118 τελευτήσει,
1016 2035 1077 2100 οάιι
1096 2033 1138 2101 ἀν
1156 2032 1247 2120 οἶμαι

241 2145 332 2226 φαίη.
369 2142 520 2224 θήσομεν
542 2142 658 2205 τοίνυν
681 2139 882 2205 ἀποκτενεῖν.
917 2140 1017 2204 πάλιν
1036 2135 1140 2224 οἶσθ’,
1164 2139 1247 2207 ἑκὼν

241 2247 261 2331 ή
285 2249 390 2330 ἄκων,
415 2244 470 2310 καὶ
494 2244 586 2324 ξένος
608 2244 629 2329 ή
652 2248 787 2328 πολίτης
809 2244 828 2310 ό
850 2254 948 2311 τοῦτο
971 2248 1119 2328 ποιήσων
1143 2250 1246 2327 ἔσται;

200 2366 227 2407 4⁸
242 2354 303 2419 οὐκ
330 2347 433 2418 ἔνεστ’
460 2354 564 2417 είπείν
587 2351 631 2427 όις
653 2337 764 2417 οἶσθα.
809 2351 934 2417 οὐκοῦν
956 2353 1058 2417 ταῦτά
1079 2376 1117 2437 γε
1140 2355 1247 2437 δήπου

240 2467 385 2543 προσήκε
407 2459 533 2542 γράψαι
556 2455 637 2540 ,ἐάν
660 2480 710 2534 τις
733 2456 931 2541 ἀποκτείνη“
952 2457 1136 2542 γράφοντα,
1159 2459 1247 2523 ἀκων

241 2566 262 2649 ή
286 2563 386 2648 ἑκὼν,
410 2563 532 2640 ἀδίκως
554 2562 575 2645 ή
599 2563 749 2644 δικαίως,
777 2560 869 2639 ξένος
891 2561 911 2645 ή
935 2566 1085 2646 πολίτης,
1113 2561 1157 2629 ἵν’
1184 2565 1247 2652 ὅτῳ

241 2667 321 2736 ποτὲ
338 2671 483 2753 τοῦργον
501 2668 662 2754 ἐπράχθη,
680 2670 786 2756 τούτῳ
805 2668 845 2732 τά
864 2666 985 2733 ἐκτῶν
997 2670 1110 2753 νόμων
1124 2669 1247 2754 ὑπῆρχε

242 2778 368 2860 δίκαια,
396 2776 440 2859 μή
468 2776 513 2859 μά
536 2769 594 2838 Δί’
621 2775 701 2839 αὐτὸ
729 2777 766 2838 τὸ
793 2782 851 2857 τῆς
876 2776 981 2850 αίτίας
1003 2768 1099 2858 ὄνομ’
1125 2771 1246 2840 εἰπόντ’

242 2881 431 2968 ,ἀγώγιμος
457 2882 563 2946 ἕστω“
585 2881 805 2964 προσγράψαι.
849 2883 924 2944 τίνα
947 2881 1010 2964 γάρ
1034 2883 1076 2945 σὺ
1099 2879 1249 2958 λέλοιπας

243 2989 325 3072 ὅρον
351 2995 396 3076 τῷ
424 2988 589 3072 γράμματι
616 2986 738 3074 τούτῳ,
767 2994 827 3051 τοῦ
854 2987 961 3070 νόμου
988 2998 1103 3070 σαφῶς
1128 2986 1249 3052 οὑτωσὶ

243 3093 398 3176 λέγοντος
430 3093 499 3177 ,μή
527 3092 611 3178 πέρᾳ
639 3093 728 3176 ὅρων
756 3091 945 3175 ἐλαύνειν“,
978 3091 1015 3168 ὃς
1041 3094 1250 3176 πανταχόθεν

202 3213 229 3252 ²⁹
244 3201 345 3275 δίδως
372 3200 478 3281 ἀγειν;
509 3197 526 3263 δ
554 3201 655 3280 νόμος
679 3194 709 3262 δ’
737 3197 777 3261 ού
799 3200 904 3283 μόνον
927 3197 989 3262 οὐκ
1011 3196 1163 3263 ἐλαύνειν
1184 3210 1250 3263 τῶν

244 3306 333 3388 δρων
355 3303 450 3390 πέρηι,
474 3301 545 3368 ἀλλ’
568 3301 640 3369 οὐδ’
665 3304 757 3386 ἀγειν
780 3301 826 3390 ἐᾷ.
863 3302 899 3367 ἐκ
922 3297 958 3367 δὲ
981 3311 1041 3368 τοῦ
1064 3312 1127 3368 σοῦ
1149 3307 1250 3388 ψηφί-

245 3428 368 3491 σματος
393 3408 411 3474 ὁ
435 3410 637 3491 βουλόμενος
660 3410 729 3488 ἀξει
751 3410 810 3475 τὸν
832 3405 944 3474 ἄκοντ’
971 3407 1174 3492 ἀπεκτονότ’,
1202 3412 1250 3475 ἔκ-

246 3514 346 3578 δοτον
382 3515 511 3596 λαβὼν,
547 3515 595 3590 είς
631 3515 692 3598 τήν
723 3522 784 3579 τοῦ
814 3516 983 3590 παθόντος
1013 3515 1070 3600 βίηι
1101 3515 1249 3595 πατρίδα.
