2616 3910
180 279 245 344 504
494 283 551 333 ιιι.
575 278 878 350 [ιιιιιοεουαονε]

179 439 268 527 αὐτῷ
295 441 340 526 μή
369 440 507 506 διαιτᾶν.
553 441 603 506 ὅτι
631 435 668 506 δέ
694 436 750 506 καὶ
772 437 864 506 ταῦτ’
890 439 1000 524 ἀληδή
1024 439 1126 523 λέγω,
1154 438 1194 506 ἐκ

179 554 237 629 τής
259 549 439 630 μαρτυρίας
461 543 516 610 καί
538 555 596 630 τής
617 547 829 631 προκλήσεως
852 551 992 612 είσεσθε.

457 757 647 812 MfflTPLA.
685 757 909 810 ΠΡΟΚΛΗΣῙΣ.

140 882 165 922 ιι
272 864 403 948 Ταύτην
424 865 541 930 τοίνυν
561 864 622 946 τήν
640 865 824 948 πρόκλησιν
842 863 884 929 οὐ
903 863 1090 948 δεξόμενος,
1114 858 1188 929 ἀλλ’

178 967 363 1055 ἐνεδρεύων
389 993 428 1054 με
456 966 512 1036 καὶ
536 970 597 1053 τήν
621 971 718 1054 δίκην
741 970 792 1034 ὅτι
814 973 970 1036 πλείστου
992 971 1116 1055 χρόνον
1139 968 1191 1034 ἐκ-

177 1076 312 1160 κρούειν
330 1077 544 1159 βουλόμενος,
567 1078 796 1160 κατηγορήσει,
815 1076 860 1150 ὡς
879 1073 943 1157 ἐγὼ
961 1076 1190 1158 πυνθάνομαι,

178 1181 220 1246 οὐ
243 1183 347 1266 μόνον
371 1180 462 1265 ἐμοῦ,
487 1180 569 1246 ἀλλὰ
593 1178 731 1247 καὶτοῦ
754 1183 886 1263 πατρός,
911 1179 1018 1264 λέγιον
1041 1181 1085 1258 ὡς
1109 1181 1191 1246 ἐκεί-

64 1350 67 1356 .
177 1309 236 1364 νος
257 1284 330 1370 ἐμοὶ
346 1288 559 1372 χαριζόμενος
576 1287 683 1352 πολλὰ
700 1293 821 1353 τούτου
839 1287 1007 1370 ήδίιιησεν.
1042 1283 1186 1370 ύμιίςδ

178 1387 204 1458 δι
228 1393 347 1475 ἄνδρες
369 1389 520 1458 δικασταὶ
543 1392 685 1475 μάλιστα
707 1390 783 1476 μέν,
811 1391 921 1476 ὥσπερ
945 1388 1040 1458 αὐτοὶ
1063 1391 1124 1456 οὐκ
1147 1389 1190 1456 δν

178 1496 349 1576 ἀξιώσαιτε
375 1509 482 1574 κακῶς
509 1497 644 1564 ἀκούειν
672 1497 737 1563 ὑπὸ
764 1507 832 1562 τῶν
855 1497 1025 1582 ὑμετέρων
1047 1499 1188 1581 παίδων,

178 1601 265 1669 οὕτω
297 1599 380 1687 μηδὲ
412 1605 518 1693 τούτῳ
549 1600 735 1686 ἐπιτρέπετε
766 1599 842 1687 περὶ
872 1603 1083 1685 τοῦπατρὸς
1109 1605 1188 1684 βλα-

139 1729 164 1768 ιε
179 1719 335 1792 σφημείν·
363 1706 418 1774 καί
446 1709 509 1793 γὰρ
537 1706 578 1773 ἀν
606 1713 656 1791 είη
685 1709 813 1790 δεινόν,
841 1709 872 1774 εί
897 1705 992 1772 αὐτοὶ
1015 1705 1075 1791 μὲν
1098 1709 1181 1790 πρὸς
1192 1720 1259 1771 1022

177 1817 255 1892 τοὺς
274 1811 326 1880 ἐπὶ
343 1823 401 1897 τής
419 1813 609 1898 ὀλιγαρχίας
627 1815 771 1890 πολλοὺς
788 1823 856 1878 τῶν
875 1818 1020 1878 πολιτῶν
1034 1812 1188 1895 ἀκρίτους

178 1919 432 1996 ἀποκτείναντας
459 1917 689 2000 διαλλαγέντες
714 1916 867 2002 ἐμμένετε
889 1928 960 1993 ταῖς
984 1917 1185 2001 ὁμολογίαις,

178 2026 288 2108 ὥσπερ
314 2025 376 2110 χρή
404 2027 483 2100 τοὺς
509 2026 631 2100 καλοὺς
658 2022 829 2107 κάγαθούς
854 2023 994 2107 ἄνδρας,
1021 2025 1127 2111 τούτῳ
1151 2021 1190 2089 δὲ

177 2133 260 2217 πρὸς
278 2133 336 2198 τὸν
354 2130 478 2216 πατέρα
497 2133 601 2209 ζῶντα
619 2127 675 2195 καί
694 2127 888 2196 διαλυθέντι
906 2126 961 2194 καὶ
979 2131 1086 2195 πολλὰ
1099 2132 1189 2216 παρὰ

178 2239 215 2303 τὸ
249 2238 378 2302 δίκαιον
407 2236 700 2318 πλεονεκτήσαντι,
730 2243 795 2300 νῦν
823 2245 1036 2319 μνησικακεῖν
1065 2235 1189 2318 ἐπιτρέ-

140 2362 164 2401 ιι
178 2353 274 2420 ψαιτε
300 2340 356 2408 καὶ
383 2353 489 2417 κακῶς
516 2339 654 2406 ἐκεῖνον·
672 2338 790 2423 λέγειν.
837 2343 994 2425 μηδαμῶς
1020 2335 1046 2405 ὦ
1069 2342 1190 2426 ἄνδρες

180 2451 340 2531 δικασταί,
364 2447 448 2512 ἀλλὰ
470 2447 610 2531 μάλιστα
633 2443 694 2530 μὲν
716 2445 852 2512 κωλύετ’
875 2446 977 2513 αὐτὸν
995 2454 1098 2511 ταῦτα
1116 2468 1189 2512 ποι-

179 2565 244 2637 εῖν,
271 2552 313 2620 ἂν
341 2550 371 2618 δ’
399 2554 462 2637 ἀρα
489 2553 638 2636 βιάζηται
664 2551 750 2635 ύμίις
776 2550 830 2617 καὶ
855 2552 1062 2637 λοιδορῆται,
1090 2552 1187 2618 ἐνθυ-

178 2657 288 2744 μεῖσθ’
316 2660 367 2724 ὅτι
394 2657 493 2735 αὐτὸς
521 2657 640 2723 ἑαυτοῦ
667 2667 910 2741 καταμαρτυρεί
934 2659 979 2741 μή
1003 2657 1036 2737 ἐξ
1059 2656 1189 2724 ἐκείνου

178 2771 388 2850 γεγενῆσθαι.
426 2764 462 2828 οί
481 2760 543 2848 μὲν
563 2763 627 2846 γὰρ
647 2762 748 2846 φύσει
765 2763 880 2839 παῖδες
898 2763 1002 2846 ὄντες,
1024 2761 1087 2829 κδιν
1106 2765 1190 2846 πρὸς

180 2875 302 2951 ζῶντας
331 2869 532 2953 διενεχθῶσί
555 2871 634 2945 τοὺς
661 2866 816 2952 πατέρας,
848 2861 919 2932 ἀλλ’
950 2862 1013 2932 οὖν
1038 2871 1190 2953 τελευτή·

180 2977 300 3053 σαντύς
326 2999 363 3057 γε
391 2974 512 3051 αύτούς
540 2972 746 3039 ἐπαινοῦσιν·
774 2974 810 3037 οί
835 2969 871 3037 δὲ
896 2975 1105 3057 νομιζόμενοι
1128 2971 1189 3058 μέν

178 3084 272 3164 υίεῑς,
296 3082 339 3166 μή
358 3083 452 3156 ὄντες
470 3076 507 3144 δὲ
525 3078 614 3161 γένει
633 3077 665 3159 ἐξ
685 3077 832 3162 ἐκείνων,
855 3077 979 3164 ῥᾳδίως
996 3075 1057 3162 μέν
1076 3079 1190 3157 αὐτοῖς

180 3172 395 3272 διαφέρονται
415 3188 523 3267 ζῶσιν,
545 3181 646 3250 οὐδὲν
665 3180 702 3249 δὲ
721 3187 935 3267 φροντίζουσι
953 3183 1028 3269 περὶ
1046 3185 1189 3251 τεθνεώ-

140 3315 247 3358 ιετων
269 3296 550 3376 βλασφημοῦντες.
587 3288 687 3375 χωρὶς
710 3286 747 3354 δέ
769 3291 897 3356 τούτων
920 3288 1124 3375 ἐνθυμεῖσθε
1144 3293 1189 3368 ὡς

180 3399 304 3461 ἀτοπόν
332 3397 437 3479 ἐστιν,
465 3398 496 3461 εί
517 3391 616 3472 οὗτος
637 3397 696 3461 τὸν
719 3395 842 3481 πατέρα
865 3397 910 3473 ὡς
932 3395 1119 3482 ἁμαρτόντα
1141 3401 1190 3474 είς

180 3501 282 3565 αὑτὸν
310 3503 513 3584 λοιδορήσει,
542 3503 598 3566 διὰ
625 3501 664 3566 τά
688 3502 817 3567 ἐκείνου
839 3501 1053 3587 ἁμαρτήματα
1076 3503 1189 3588 ὑμέτε-

181 3627 238 3678 ρος
264 3609 399 3687 πολίτης
425 3606 651 3690 γεγενημένος.
696 3607 785 3691 κάγὼ
814 3602 874 3690 μὲν
898 3609 954 3672 διὰ
975 3609 1037 3691 τήν
1059 3611 1189 3675 τούτων
