2644 4182
185 147 233 214 32
513 152 571 204 xx
594 151 875 204 εωαοεοεμοττ

188 310 274 388 ὅλως
296 310 451 396 ἀναξίων,
475 303 520 376 δι’
540 310 584 396 ήν
606 308 648 377 δυ
670 313 713 376 ἀυ
734 310 816 396 ὑμῖν
834 311 916 395 δοκή
935 309 1092 378 κωλύσετ’
1115 313 1202 393 ἔχειν

187 417 250 500 τήν
272 416 424 503 δωρειάν.
459 414 534 502 λέγε
556 418 616 483 τὸν
637 420 752 492 νόμον.

622 629 758 682 ΝΟΜΟΣ.
1201 631 1256 681 487

144 748 174 790 ὓ
273 729 417 818 Ἀκούετ’
444 731 470 801 ὦ
497 735 617 820 ἄνδρες
641 729 816 820 Ἀθηναῖοι
840 734 895 802 καὶ
918 735 1202 821 καταμανθάνετε,

188 839 239 904 ὅτι
261 838 399 906 ἐνταῦθ’
421 843 470 906 ἐνι
494 839 549 910 καὶ
572 844 651 919 τοὺς
671 841 783 920 ἀξίους
801 845 890 926 ἔχειν
907 842 948 908 τά
967 841 1122 925 δοθέντα,
1146 839 1201 908 καὶ

187 948 265 1021 τοὺς
287 947 332 1030 μή
355 947 528 1024 τοιούτους
551 941 737 1032 κριθέντας,
761 947 820 1014 έδν
844 946 965 1025 ἀδίκως
987 971 1020 1014 τι
1041 948 1200 1032 λάβωσιν,

186 1049 427 1136 ἀφαιρεθῆναι,
459 1050 514 1118 καί
545 1053 583 1118 τὸ
618 1054 735 1119 λοιπὸν
767 1050 822 1140 ἐφ’
852 1053 934 1139 ὑμίν
965 1048 1051 1120 είναι
1082 1053 1202 1138 πάνθ’,

187 1157 296 1243 ὥσπερ
315 1156 384 1224 ἐστί
404 1160 543 1240 δίκαιον,
566 1158 622 1225 καὶ
641 1162 761 1226 δοῦναι
779 1158 834 1226 καὶ
853 1163 906 1244 μή.
943 1161 987 1237 ὡς
1005 1157 1067 1246 μέν
1084 1164 1201 1227 τοίνυν

186 1261 262 1348 οὐχὶ
284 1268 391 1342 καλῶς
413 1260 512 1343 οὗτος
534 1268 601 1351 ἐῃει
621 1263 676 1331 καὶ
696 1267 832 1344 δικαίως
851 1265 869 1332 ὁ
888 1269 1001 1351 νόμος,
1019 1261 1091 1332 οὔτ’
1111 1266 1201 1350 ἐρείν

186 1375 298 1453 οίομαι
320 1374 506 1456 Λεπτίνην,
534 1365 619 1455 οὔτ’,
647 1371 705 1437 ἐάν
728 1369 824 1456 λέγῃ,
854 1372 957 1452 δείξαι
980 1373 1200 1455 δυνήσεσθαι·

187 1473 208 1540 ἃ
231 1474 268 1542 δὲ
290 1478 374 1562 πρὸς
395 1488 466 1555 τοῖς
488 1476 713 1562 θεσμοθέταις
734 1481 858 1560 ἔλεγεν,
881 1471 974 1543 ταῦτ’
995 1484 1075 1555 ίσως
1093 1475 1200 1562 λέγων

185 1582 347 1668 παράγειν
365 1581 452 1668 ὑμᾶς
470 1585 607 1667 ζητήσει.
640 1587 705 1668 ἔφη
719 1584 783 1668 γάρ
799 1582 959 1667 ἐξαπάτης
972 1585 1082 1650 εἵνεκα
1094 1605 1199 1666 παρα-

186 1687 375 1771 γεγράφθαι
396 1691 543 1771 [τοῦτον]
562 1691 621 1754 τὸν
638 1693 755 1773 νόμον,
774 1688 834 1755 ἐάν
852 1686 883 1755 δ’
901 1689 942 1756 δν
959 1688 1060 1767 αὐτὸς
1077 1692 1199 1774 έθηκεν

143 1808 171 1850 ⁸⁹
186 1797 287 1879 λυθῇ,
309 1804 431 1861 τοῦτον
452 1796 493 1861 οὐ
511 1798 724 1880 τεθήσεσθαι.
763 1796 826 1879 ἐγὼ
846 1793 892 1879 δ’,
916 1796 967 1875 ὅτι
985 1791 1046 1880 μέυ
1063 1805 1103 1882 τῃ
1121 1796 1199 1881 ὑμε-

186 1895 264 1990 τέρᾳ
285 1903 386 1990 ήήφφ
409 1909 471 1966 τοῦ
492 1902 614 1968 τούτου
635 1905 744 1987 νόμου
768 1901 941 1985 λυθέντος,
966 1903 1025 1968 τὸν
1047 1919 1198 1985 παρεισε-

185 2005 347 2090 νεχθέντα
369 2007 487 2091 κύριον
505 2002 592 2072 εἶναι
611 2019 727 2092 σαφῶς
745 2008 763 2074 ὁ
782 2008 923 2085 παλαιὸς
940 2009 1067 2074 κελεύει
1085 2009 1198 2094 νόμος,

184 2105 263 2176 καθ’
283 2111 323 2177 δν
342 2113 378 2177 οί
391 2112 596 2196 θεσμοθέται
614 2123 735 2179 τοῦτον
753 2114 834 2198 ύμίυ
852 2112 1081 2201 παρέγραψαν,
1100 2114 1198 2199 έάσω,

186 2219 242 2284 ἵνα
263 2220 308 2303 μή
331 2216 405 2301 περὶ
428 2220 550 2284 τούτου
572 2243 622 2296 τις
645 2218 799 2306 ἀντιλέγῃ
823 2243 900 2304 μοι,Ι
915 2217 988 2286 ἀλλ’
1014 2216 1063 2286 ἐπ’
1090 2221 1198 2288 ἐκεῖνο

185 2320 260 2410 εἶμι.
298 2325 379 2390 ὅταν
400 2333 503 2390 ταῦτα
524 2322 603 2412 λέγῃ
623 2326 743 2410 δήπου,
766 2325 926 2411 ὁμολογεῖ
940 2321 1001 2411 μὲν
1019 2322 1107 2392 εἶναι
1124 2330 1198 2411 βελ-

185 2433 243 2497 τίω
262 2430 318 2497 καὶ
336 2431 543 2515 δικαιότερον
561 2433 659 2498 τόνδε
672 2433 733 2498 τὸν
745 2433 853 2516 νόμον
866 2425 909 2498 οὗ
921 2431 1072 2498 τέθεικεν
1086 2432 1196 2517 αύτός,

133 2553 172 2593 1⁰⁰
185 2535 268 2622 ὑπὲρ
292 2535 328 2604 δὲ
351 2547 411 2604 τοῦ
433 2549 503 2615 πῶς
524 2540 699 2621 τεθήσεται
721 2550 863 2604 ποιεῖται
883 2538 1072 2622 τὸνλόγον.
1108 2552 1197 2626 πρῶ-

183 2668 244 2711 τον
270 2640 332 2736 μὲν
358 2647 476 2710 τοίνυν
502 2641 588 2710 είσδν
615 2643 704 2733 αύτῷ
727 2645 811 2710 κατὰ
832 2641 893 2710 τού
915 2644 1197 2729 παρεισφέροντος

184 2747 302 2815 πολλοὶ
324 2752 453 2836 τρόποι,
476 2743 522 2815 δι’
543 2745 602 2832 ὧν,
626 2748 669 2815 ἀν
688 2751 860 2834 βούληται,
882 2755 996 2816 θείναι
1012 2752 1072 2816 τὸν
1090 2754 1196 2837 νόμον

184 2855 287 2921 αὐτὸν
310 2852 498 2936 ἀναγκάσει.
542 2852 641 2921 ἔπειτ’
668 2852 856 2940 ἐγγυώμεθ’
882 2855 985 2941 ήμείς,
1008 2855 1084 2940 έγδο,
1109 2861 1195 2939 Φορ-

183 2963 280 3047 μίων,
303 2962 406 3026 ἀλλον
429 2966 463 3026 εί
476 2984 551 3025 τινα
570 2961 736 3044 βούλεται,
759 2965 881 3047 θήσειν
898 2964 959 3028 τὸν
976 2966 1090 3047 νόμον.
1126 2966 1197 3029 ἔστι

184 3063 222 3134 δὲ
240 3069 349 3150 δήπου
367 3069 469 3150 νόμος
485 3067 576 3151 ὑμίν,
595 3066 654 3132 ἐάν
667 3091 718 3144 τις
730 3066 958 3152 ὑποσχόμενός
970 3091 1003 3134 τι
1015 3070 1075 3134 τὸν
1089 3071 1196 3154 δῆμον

182 3172 204 3258 ή
235 3174 297 3257 τήν
328 3174 454 3258 βουλήν
486 3171 507 3256 ἢ
536 3175 750 3257 δικαστήριον
778 3172 979 3261 ἐξαπατήσῃ,
1010 3175 1051 3241 τά
1076 3177 1196 3260 ἔσχατα

182 3279 329 3364 πάσχειν.
380 3272 580 3363 ἐγγυώμεθ’,
616 3279 878 3365 ὑπισχνούμεθα.
916 3279 965 3346 Ιοί
992 3280 1197 3366 θεσμοθέται

182 3394 285 3450 ταῦτα
311 3387 528 3469 γραφόντων,
555 3382 609 3449 ἐπὶ
636 3384 768 3462 τούτοις
795 3386 843 3458 τὸ,
859 3392 993 3471 πρᾶγμα
1017 3385 1196 3470 γιγνέσθω.

131 3509 167 3549 101
184 3487 265 3574 μήθ’
287 3490 380 3576 ὑμεῖς
397 3492 555 3574 ποιήσητε
573 3486 833 3578 μηδέυγάυάξιου
851 3490 947 3575 ὑμῶν
965 3490 1088 3576 αὐτῶν,
1106 3489 1196 3578 μήτ’,
