2590 3900
201 156 266 224 266
502 161 599 215 mv.
623 158 903 214 ΔΗιιοεοιιειοεε

200 317 362 402 ἐξετάσαι,
390 323 481 396 τίνος
504 321 613 387 εἵνεκα
635 325 762 404 μᾶλλον
785 321 827 385 ἀν
849 342 899 396 τις
921 314 1020 385 ἕλοιτ’
1047 317 1085 386 όν
1108 320 1211 403 ὀημο-

199 428 316 512 κρατίᾳ
339 428 396 509 ζην
416 425 436 509 ἢ
456 425 492 491 έν
512 425 695 513 ὀλιγαρχίᾳ,
718 421 807 512 τοῦτ’
830 423 872 490 ἀν
891 423 1019 508 εὕροιτε
1037 426 1211 509 προχειρό-
1283 487 1284 508 ,

199 553 313 614 τατον,
334 531 385 598 ότι
393 531 500 600 πάντα
509 529 663 616 πραότερ’
673 530 763 596 ἐστίν
772 530 808 598 έν
829 531 1043 616 δημοκρατίᾳ,
1070 531 1121 596 ὅτι
1148 525 1211 614 μὲν

198 639 316 701 τοίνυν
337 645 396 720 της
418 634 503 701 ὅπου
526 633 685 718 βούλεσθ’
708 635 898 719 ὀλιγαρχίας
917 638 1054 724 [πολλῷ]
1076 635 1211 718 ἀσελγέ-

199 759 298 826 στερα
321 738 375 807 καὶ
399 743 568 824 δεινότεροι
592 740 728 808 ἐποίουν
751 736 859 824 οὑτοι,
883 745 1084 827 παραλείψω.
1127 741 1211 807 ἀλλά

199 844 276 931 παρ’
297 846 377 932 ἡμῖν
399 848 478 912 πότε
497 849 626 913 πώποτε
647 845 806 914 δεινότατ’
829 846 866 912 όν
884 857 923 932 τῇ
942 851 1037 914 πόλει
1054 848 1209 931 γέγονεν;

202 947 253 1034 [εὑ
281 948 344 1019 οόδ’
376 952 439 1036 ὅτι]
469 951 522 1020 ἐπὶ
548 964 615 1019 τῶν
642 951 814 1036 τριάκονθ’
841 953 981 1031 ἅπαντες
1008 952 1050 1019 ἀν
1078 959 1210 1018 είποιτε.

148 1073 185 1114 1⁶¹
198 1061 272 1124 τότε
299 1062 430 1142 τοίνυν,
458 1059 503 1136 ώς
529 1061 620 1124 ἔστιν
646 1058 796 1141 ἀκούειν,
825 1057 886 1124 ούκ
908 1061 998 1125 ἔστιν
1021 1061 1111 1136 ὅστις
1133 1059 1211 1124 ἀπε-

200 1176 345 1249 στερεῖτο
367 1173 428 1229 τοῦ
451 1170 613 1248 σωθῆναι,
637 1163 674 1242 ὀς
697 1163 816 1230 ἑαυτὸν
838 1171 924 1230 οίκοι
943 1166 1110 1250 κρύψειεν,
1134 1162 1206 1230 ἀλλ’

199 1269 280 1337 αὐτὸ
306 1279 405 1336 τοῦτο
432 1279 655 1355 κατηγοροῦσι
681 1280 748 1335 τῶν
776 1269 963 1353 τριάκοντα,
991 1269 1042 1335 ότι
1068 1273 1147 1346 τοὺς
1174 1268 1211 1335 ἐκ

199 1385 256 1460 τῆς
287 1376 410 1460 ἀγορᾶς
442 1375 563 1450 ἀόίκοις
592 1373 729 1458 ἀπῆγον.
780 1369 874 1440 οὑτοι
900 1379 1017 1440 τοίνυν
1044 1377 1210 1459 τοσαύτην

199 1483 388 1567 ὑπερβολὴν
415 1479 612 1562 ἐποιήσαντο
639 1489 697 1564 της
724 1479 835 1547 αὑτῶν
861 1485 1037 1566 πονηρίας,
1065 1476 1141 1547 ὥστ’
1173 1480 1210 1547 ἐν

200 1591 402 1674 δημοκρατίᾳ
424 1589 675 1670 πολιτευόμενοι
695 1587 757 1669 τὴν
776 1587 866 1652 ίόίαν
885 1587 994 1652 οίκίαν
1012 1584 1137 1675 ἑκάστῳ
1156 1590 1209 1652 θε-

200 1697 388 1778 σμωτήριον
413 1696 637 1775 καθίστασαν,
665 1695 744 1769 τοὺς
770 1689 876 1758 ἕνδεκ’
908 1692 1045 1775 ἄγοντες
1071 1692 1124 1759 ἐπὶ
1151 1695 1209 1771 τάς

148 1811 186 1852 ¹⁰⁶
199 1803 312 1878 οίκίας.
356 1801 464 1864 καίτοι
497 1793 522 1864 ώ
550 1799 670 1882 ἀνδρες
694 1795 867 1882 Ἀθηναῖοι
893 1800 930 1864 τί
952 1804 1081 1881 οίεσθε,
1113 1797 1204 1865 ὁπότ’

199 1907 379 1992 ἄνθρωπος
400 1902 512 1988 πίνης,
535 1903 556 1988 ἣ
579 1902 635 1970 καὶ
657 1905 826 1988 πλούσιος,
849 1905 955 1970 πολλὰ
979 1903 1009 1971 θ’
1032 1905 1209 1989 ἀνηλωκὼς

198 2015 257 2080 καί
280 2006 344 2077 τιν’
370 2016 450 2086 ίσως
472 2013 596 2094 τρόπον
620 2013 753 2087 είκότιος
776 2011 838 2076 ούκ
860 2009 1011 2096 εὐπορῶν
1034 2010 1208 2096 ἀργυρίου,

199 2118 243 2201 μὴ
267 2119 372 2202 μόνον
396 2119 442 2193 είς
459 2119 522 2200 τὴν
540 2115 666 2200 ἀγορὰν
684 2113 814 2200 φοβοῖτ’
837 2115 1003 2200 ἐμβαλεῖν,
1026 2116 1109 2182 ἀλλὰ
1127 2115 1204 2203 μηδ’

198 2229 285 2289 οίκοι
308 2222 421 2307 μένειν
443 2217 589 2305 ἀσφαλὲς
610 2220 736 2305 ἡγοῖτο,
761 2221 779 2287 ὑ
803 2218 840 2287 ὀὶ
864 2223 990 2289 τούτων
1014 2230 1118 2300 αίτιος
1137 2221 1208 2289 Ἀν-

199 2330 342 2413 ὀροτίιον
365 2334 430 2412 είη,
457 2326 497 2392 ὃν
520 2322 593 2392 οὐδ’
618 2324 702 2410 ὑπὲρ
724 2327 828 2394 αὑτοῦ
852 2328 949 2412 δίκην
971 2327 1009 2416 ἐᾷ
1032 2332 1147 2413 λαβεῖν
1168 2331 1208 2395 τά

198 2432 410 2518 πεπραγμένα
432 2431 488 2500 καὶ
510 2433 706 2518 βεβιωμένα,
729 2435 773 2517 μή
795 2436 830 2498 τί
849 2430 881 2516 γ’
902 2429 986 2520 ὑπὲρ
1008 2445 1065 2519 τῆς
1082 2438 1208 2513 πόλεως

146 2551 185 2592 1⁶⁶
201 2541 421 2622 [είσπράττειν
444 2539 630 2623 είσφοράς];
661 2541 768 2605 καίτοι
790 2545 825 2604 εί
842 2561 893 2616 τις
915 2535 1014 2624 ἔροιτ’
1040 2541 1154 2626 αύτόν,
1176 2541 1257 2625 ἢτοε

198 2641 236 2710 σέ
259 2641 284 2710 ὦ
308 2647 507 2730 Τιμόκρατες
528 2646 587 2710 τὸν
611 2644 785 2728 ἐπαινέτην
807 2645 937 2711 τούτων
959 2643 1015 2712 καὶ
1033 2650 1206 2730 συνεργόν,

197 2753 256 2829 τὰς
271 2751 436 2835 είσφορόις
454 2751 596 2834 πότερον
613 2751 654 2815 τά
671 2748 804 2835 κτήματ’
828 2749 848 2834 ἢ
868 2751 907 2816 τὰ
927 2747 1049 2836 σώματ’
1071 2752 1207 2836 ὀφείλει,

197 2858 238 2922 τά
256 2859 402 2940 κτήματα
420 2853 553 2940 φήσαιτ’
574 2855 627 2939 ἀν,
647 2863 737 2941 εἴπερ
757 2855 866 2940 ἀληθῆ
887 2857 994 2940 λέγειν
1012 2859 1207 2942 βούλοισθε·

199 2964 262 3029 ἀπὸ
290 2963 352 3047 γὰρ
380 2963 508 3028 τούτων
531 2961 736 3046 είσφέρομεν.
780 2965 871 3039 τίνος
894 2957 957 3028 οὖν
979 2959 1076 3029 εἵνεκ’
1103 2959 1129 3030 ώ
1152 2964 1207 3030 κά-

199 3085 305 3134 κιστοι
333 3067 466 3134 πάντων
495 3066 699 3150 ἀνθρώπων,
728 3065 865 3152 ἀφέντες
892 3069 929 3134 τὸ
957 3070 997 3136 τά
1024 3075 1128 3154 χωρία
1151 3071 1207 3154 ὀη-

108 3217 111 3224 .
199 3175 313 3259 μεύειν
330 3171 462 3250 καὶτὰς
480 3175 586 3250 οίκιάς
603 3171 659 3239 καὶ
677 3171 767 3239 ταῦτ’
790 3174 1008 3258 ἀπογράφειν,
1033 3174 1135 3242 έόεῑτε
1153 3175 1207 3242 καὶ

198 3278 338 3362 ὑβρίζετ’
362 3278 563 3364 ἀνθρώπους
585 3276 793 3357 πολίταςκαὶ
811 3283 889 3357 τοὺς
907 3281 1137 3365 ταλαιπώρους
1154 3306 1205 3367 με·-

200 3388 342 3467 τοίκους,
366 3377 417 3462 οἷς
439 3385 715 3470 ὑβριστικώτερον
737 3386 831 3470 ὑμεῖς
853 3385 873 3470 ἦ
892 3398 962 3464 τοῖς
980 3385 1122 3465 οίκέταις
1140 3400 1207 3466 τοῖς

150 3505 184 3541 1⁶³
202 3487 371 3573 ὑμετέροις
385 3489 494 3556 αὐτῶν
503 3490 680 3576 κέχρησθε;
694 3489 825 3576 καὶμὴν
835 3494 867 3558 εί
878 3490 1009 3560 θέλοιτε
1021 3491 1207 3572 σκέψασθαι
