2590 3900
396 161 481 214 τῶν
499 163 817 250 εειετουειτοαοε
836 165 867 216 ε.
1072 163 1137 228 291

125 345 211 406 χημα
229 330 269 406 τῇ
288 324 393 404 πόλει,
413 321 579 405 ἀπορήσαι
597 325 675 399 τοὺς
694 321 920 406 βουλομένους
937 322 1140 408 ἐξαμαρτεῖν,

130 425 174 491 δι’
202 422 243 492 οὗ
270 437 368 493 τοῦτο
396 430 610 510 ποιήσουσιν,
638 427 658 511 ή
682 438 802 494 τοῦτον
825 427 1006 514 ἀφειμένον
1028 431 1141 508 αὐτοῖς

100 551 125 592 ³2
137 533 270 618 ἕτοιμον
292 533 442 617 ὑπάρξαι.
478 538 513 598 τί
532 535 595 618 γὰρ
614 529 712 610 οὗτος
730 534 900 618 ὀκνήσειεν
918 535 960 600 ἂν
978 533 1004 602 ὦ
1023 538 1143 620 ἀνδρες

123 636 297 723 Ἀθηναῖοι
319 651 386 705 τῶν
411 638 601 724 ἀνηκέστων
623 640 643 724 ή
669 643 800 723 δεινῶν,
824 643 1004 726 ἀνθρωπος
1022 645 1141 726 μιαρὸς

125 743 180 810 καλ
208 755 367 828 πατρικῆς
394 746 476 829 πρὸς
502 748 562 811 τὸν
591 747 697 830 δῆμον
720 751 843 831 ἔχθρας
866 747 1062 832 ἀνάμεστος;
1091 749 1141 824 τίς

127 846 158 915 δ’
189 849 231 915 ἀν
262 852 362 926 ἀλλος
394 856 537 935 μᾶλλον,
570 851 588 917 ὃ
616 853 661 936 μή
689 850 826 936 γένοιτ’,
859 851 1051 938 ἀνατρέψαι
1078 855 1141 938 τήν

125 959 234 1040 πόλιν,
258 958 289 1022 εί
310 950 437 1040 λάβοιτ’
460 956 625 1034 έξουσίας;
649 957 710 1043 οὐχ
733 956 831 1044 ὁρᾶθ’
854 959 905 1024 ὅτι
927 969 985 1044 τῆς
1008 961 1141 1044 φύσεως

125 1061 229 1128 αὐτοῦ
256 1060 312 1128 καλ
334 1066 500 1140 πολιτείας
523 1063 564 1129 οὐ
588 1065 746 1148 λογισμὸς
769 1061 844 1130 οὐδ’
871 1066 972 1142 αἰδὼς
995 1061 1138 1149 οὐδεμί,

125 1166 196 1233 ἀλλ’
224 1166 355 1234 ἀπόνοι’
382 1169 525 1252 ἡγεῖται,
553 1173 681 1254 μᾶλλον
710 1165 740 1236 δ’
767 1171 847 1235 ὅλον
870 1165 936 1236 ἔστ’
961 1165 1092 1237 ἀπόνοι’
1116 1170 1138 1255 ἡ

123 1275 246 1339 τούτου
267 1277 430 1353 πολιτείας
454 1275 475 1358 ἣ
495 1273 653 1359 μέγιστον
670 1275 732 1360 μέν
750 1276 840 1342 ἐστιν
858 1276 948 1365 αὐτῷ
967 1286 1012 1363 τῷ
1030 1280 1139 1361 ἔχοντι

123 1383 236 1462 κακόν,
256 1381 369 1445 δεινὸν
388 1377 425 1446 δὲ
444 1379 499 1445 καὶ
517 1384 662 1466 χαλεπὸν
679 1391 792 1464 πᾶσιν,
810 1384 905 1448 πόλει
924 1377 955 1448 δ’
976 1383 1037 1449 οὐκ
1055 1382 1190 1449 &vs-⁷80

123 1488 211 1551 κτόν.
257 1485 275 1552 ὁ
300 1489 365 1570 γὰρ
389 1486 656 1578 ἀπονενοημένος
678 1498 742 1564 πῶς
764 1487 885 1554 ἑαυτὸν
907 1485 968 1573 μὲν
990 1499 1139 1573 προεῖται

124 1590 179 1656 καλ
206 1593 267 1674 τήν
292 1592 328 1658 ἐκ
351 1597 513 1676 λογισμοῦ
536 1597 718 1678 σωτηρίαν,
747 1592 784 1660 ἐκ
806 1590 844 1659 δέ
865 1603 926 1660 τοῦ
948 1595 1139 1680 παραδόξου

82 1717 110 1758 ω
123 1696 179 1763 καὶ
205 1701 416 1782 παραλόγου,
444 1696 487 1762 άν
514 1699 579 1783 ἀρα
608 1706 720 1785 σωθῇ,
748 1697 893 1788 σφ’ζεται.
937 1704 987 1777 τίς
1011 1699 1053 1765 διν
1075 1695 1138 1767 οὖν
1244 1759 1247 1768 ,

123 1799 162 1870 εὖ
190 1816 328 1888 φρονῶν
357 1804 460 1870 αὑτὸν
487 1802 530 1868 ἀν
558 1803 642 1886 ήτὰ
664 1813 722 1888 τῆς
744 1808 902 1891 πατρίδος
925 1806 1138 1891 συμφέροντα

121 1911 224 1996 ταύτη
247 1911 422 1988 συνάφεια
445 1912 495 1987 τίς
519 1910 581 1975 οὐκ
604 1909 646 1976 ἀν
669 1913 716 1988 είς
739 1912 821 1976 ὅσον
842 1913 987 1977 δυνατὸν
1005 1913 1135 1995 φεύγοι,

122 2016 177 2083 καὶ
202 2019 262 2082 τὸν
284 2018 401 2101 ἔχοντα
423 2016 548 2099 ταύτην
569 2017 720 2084 ἐκποδὼν
751 2021 940 2101 ποιήσαιτο,
973 2018 1029 2082 ἵνα
1057 2015 1132 2102 μηδ’

121 2125 213 2189 ἄκων
244 2123 327 2208 αὐτῇ
359 2119 438 2190 ποτὲ
470 2121 644 2208 περιπέσῃς
679 2123 741 2188 οὐκ
773 2123 932 2200 ἀπονοίας
964 2119 990 2189 ὦ
1018 2125 1138 2208 ἀνδρες

117 2227 291 2314 Ἀθηναῖοι
317 2231 396 2305 τοὺς
423 2224 507 2312 ὑπὲρ
534 2229 694 2312 πατρίδος
721 2227 988 2313 βουλευομένους
1010 2231 1064 2295 δεῖ
1085 2233 1133 2308 ζ·

120 2346 191 2401 τεῑν
218 2335 282 2422 ὅτφ
309 2338 592 2419 κοινωνήσουσιν,
622 2334 704 2400 ἀλλὰ
735 2344 799 2400 νοῦ
821 2334 876 2400 καὶ
900 2347 1035 2420 φρενῶν
1057 2335 1137 2420 ἀγα-

119 2447 196 2506 θῶν
217 2439 272 2506 καὶ
295 2443 455 2524 προνοίας
477 2445 609 2523 πολλῆς.
657 2449 760 2506 ταῦτα
784 2437 845 2524 μὲν
867 2443 931 2525 γὰρ
955 2444 1003 2519 είς
1025 2442 1137 2508 εὐδαι·

121 2549 243 2631 μονίαν
270 2548 343 2629 άγει
370 2546 495 2622 πάντας
523 2546 740 2630 ἀνθρώπους,
770 2547 878 2632 ἐκείνη
902 2544 933 2612 δ’
961 2540 997 2614 οἶ
1015 2558 1137 2615 τοῦτον

79 2671 109 2710 ³4
122 2653 282 2719 ἀπελθεῖν
311 2654 369 2717 δεῖ.
415 2658 572 2735 θεωρεῖτε
601 2648 637 2717 δὲ
665 2653 710 2736 μή
733 2654 816 2736 πρὸς
838 2654 897 2718 τὸν
920 2652 1000 2738 έμδν
1023 2656 1136 2739 λόγου,

121 2755 193 2823 ἀλλ’
225 2759 272 2834 είς
304 2759 433 2824 ἅπαντα
464 2758 504 2823 τὰ
536 2769 603 2822 τῶν
636 2757 827 2842 ἀνθρώπων
859 2761 921 2842 έθη
950 2758 1135 2840 βλέποντες.

121 2862 187 2930 είσλ
213 2875 285 2942 ταῖς
311 2866 448 2931 πόλεσιν
472 2864 592 2940 πάσαις
614 2862 722 2948 βωμοὶ
743 2862 799 2929 καὶ
821 2861 886 2952 νεῲ
911 2867 1046 2932 πάντων
1068 2879 1135 2932 τῶν

122 2976 225 3052 θεῶν,
248 2969 285 3035 έν
308 2966 345 3036 δὲ
367 2971 497 3046 τούτοις
517 2968 572 3036 καὶ
591 2972 761 3054 Προνοίας
780 2967 924 3054 Ἀθηνᾶς
943 2973 988 3048 ὡς
1007 2971 1136 3056 ἀγαθῆς

121 3074 177 3141 καὶ
200 3076 344 3159 μεγάλης
366 3082 461 3158 θεοῦ,
485 3073 540 3140 καὶ
558 3077 647 3157 παρὰ
665 3083 710 3162 τῷ
730 3072 911 3142 Ἀπόλλωνι
929 3085 976 3162 τῶ
995 3076 1032 3142 ἐν
1049 3083 1134 3143 Δελ-

122 3193 201 3264 φοῖς
219 3181 394 3258 κάλλιστος
410 3179 466 3246 καλ
483 3179 635 3264 μέγιστος
653 3182 736 3258 νεὼς
751 3181 855 3258 εὐθὺς
869 3183 1007 3248 εἰσιόντι
1023 3185 1083 3264 [είς
1096 3187 1133 3250 τὸ

123 3288 242 3372 ίερόν],
266 3286 303 3363 ὃς
326 3287 373 3352 ὢν
395 3287 477 3362 θεὸς
499 3284 554 3352 καὶ
577 3287 692 3370 μάντις
712 3284 781 3352 κατ’
804 3282 964 3373 ἀμφότερ’
986 3284 1078 3354 οἶδεν
1095 3291 1133 3354 τὸ

82 3409 108 3450 ³5
122 3393 307 3477 βέλτιστον·
327 3386 398 3457 ἀλλ’
416 3391 477 3456 οὐκ
495 3391 653 3468 ἀπονοίας
671 3389 745 3456 οὐδ’
763 3391 940 3470 ἀναιδείας.
970 3391 1025 3458 καὶ
1040 3394 1133 3477 δίκης

120 3525 158 3582 γε
176 3500 232 3566 καὶ
249 3498 404 3583 εὐνομίας
416 3495 471 3563 καὶ
485 3500 602 3574 αίδοῦς
615 3500 679 3562 είσι
693 3507 794 3563 πᾶσιν
808 3497 1001 3582 ἀνθρώποις
1013 3500 1130 3582 βωμοί,

917 3603 970 3654 19*
