2612 3918
496 191 592 242 xm
608 191 772 246 Ματαιοα
990 155 1000 170 ”
1095 186 1141 254 95

131 345 232 434 αὐτῷ,
255 345 435 432 μέμνησθε.
469 350 529 416 τόν
553 350 594 434 δὴ
616 351 788 428 τοσούτοις
806 350 945 436 ἀθρόοις
961 361 1030 417 τῶν
1047 355 1140 416 πολι·

132 463 199 516 τῶν
230 454 358 538 ἔχθραν
389 450 438 520 ἐπ’
470 453 584 521 οὐδενὶ
614 456 814 541 τηλικαύτην
842 455 1022 541 ἀράμενον,
1053 458 1140 541 πόση

132 561 276 644 πονηρίᾳ
303 557 358 625 καὶ
384 561 570 644 θρασύτητι
592 571 693 626 ταῦτα
716 562 779 646 χρὴ
801 564 948 646 νομίζειν
969 563 1138 647 πράττεινς

78 687 119 729 ιιι
132 667 228 728 καίτοι
249 662 347 750 πότερ’
368 666 442 730 εἰσίν
464 665 579 742 ὄνειδος
597 661 621 730 ὦ
639 670 755 732 Μειδία
772 679 807 757 τη
825 670 918 751 πόλει,
941 671 973 733 οἱ
988 671 1141 752 διαβάντες
1189 703 1191 710 <

132 763 165 827 ἐν
187 765 265 840 τάξει
286 763 336 826 καί
358 763 413 843 τὴν
435 763 546 844 σκευὴν
569 763 693 846 ἔχοντες,
714 764 753 846 ἣν
771 777 901 850 προσῆκε
919 769 989 842 τοὺς
1006 766 1054 830 ἐπλ
1071 767 1141 840 τοὺς

131 862 289 942 πολεμίους
317 861 447 936 ἐξιόντας
473 861 524 923 καὶ
549 861 812 944 συμβαλουμένους
833 870 896 938 τοῖς
918 863 1095 946 συμμάχοις,
1120 860 1142 942 ἢ

133 960 181 1037 σύ,
204 955 221 1020 δ
244 957 284 1040 μη
307 961 405 1039 λαχεῖν
428 957 585 1040 εὐχόμενος
606 969 665 1021 τῶν
688 959 841 1042 ἐξιόντων,
864 954 906 1024 ὅτ’
931 960 1067 1043 ἐκληροῦ,
1088 958 1141 1021 τόν
1260 1031 1263 1042 Ι

132 1055 257 1138 θώρακα
284 1048 312 1115 δ’
340 1050 523 1117 οὐδεπώποτ’
548 1055 653 1134 ἐνδύς,
680 1051 727 1117 ἐπ’
752 1055 899 1139 ἀστράβης
927 1051 955 1117 δ’
980 1053 1141 1138 ὀχούμενος

133 1150 263 1234 ἀργυρᾶς
290 1161 343 1232 τῆς
365 1151 395 1238 ἐξ
418 1151 568 1234 Εύβοίας,
595 1152 734 1233 χλανίδας
758 1151 789 1214 δέ
811 1152 861 1215 καλ
882 1154 996 1235 κυμβία
1016 1152 1066 1215 καλ
1088 1152 1141 1214 κά-

133 1249 205 1322 δους
224 1247 308 1330 ἔχων,
326 1241 369 1310 ὧν
387 1245 626 1330 ἐπελαμβάνονθ’
644 1251 675 1311 οί
690 1251 964 1333 πεντηκοστολόγοις
982 1247 1141 1333 ταύταγάρ

132 1347 175 1419 είς
197 1345 267 1419 τοὺς
290 1343 409 1419 ὁπλίτας
431 1342 509 1426 ἡμᾶς
532 1345 737 1428 ἀπηγγέλλετο·
760 1344 797 1407 ού
814 1345 870 1428 γὰρ
888 1347 930 1420 εἰς
948 1339 1037 1407 ταῦθ’
1056 1342 1142 1425 ἡμεῖς

78 1461 120 1503 ιει
132 1443 248 1515 τούτοις
271 1440 419 1524 διέβημεν.
455 1437 515 1504 εἶθ’
541 1437 583 1516 εἷς
604 1442 654 1504 ἐπι
676 1443 790 1516 τούτοις
812 1442 844 1504 εἴ
861 1437 889 1504 τ’
913 1441 1057 1523 ἔσκαψεν,
1076 1437 1141 1524 Ἀρ-

132 1541 235 1621 χετίιον
256 1537 277 1619 ἢ
299 1560 343 1612 τις
366 1537 467 1619 ἀλλος,
493 1539 607 1613 πάντας
629 1538 770 1620 ἤλαυνεςς
800 1537 830 1601 εί
851 1533 912 1620 μέν
933 1537 998 1621 γάρ
1021 1535 1142 1611 ἐποίεις

131 1638 223 1707 ταῦτ’
247 1637 277 1706 ἀν
290 1642 427 1723 Μειδία,
451 1639 472 1707 ἀ
495 1641 535 1706 σί
556 1657 660 1726 φασιν
683 1643 719 1707 οί
738 1653 912 1719 συνιππεῖς
931 1639 986 1707 καὶ
1004 1642 1141 1725 κατηγό·

133 1769 202 1832 ρεις
224 1747 268 1824 ὡς
291 1746 420 1830 λέγοιεν
442 1745 518 1832 περὶ
541 1756 619 1830 σοῦ,
643 1749 779 1825 δικαίως
801 1758 907 1824 κακῶς
929 1748 1058 1831 ἢκουες·
1085 1743 1141 1812 καί

133 1843 197 1939 γδρ
220 1853 367 1930 ἐκείνους
389 1851 444 1918 καί
466 1851 623 1918 τουτουσὶ
645 1851 700 1920 καὶ
724 1854 806 1939 ὅλην
823 1853 885 1938 τὴν
902 1856 1000 1919 πόλιν
1017 1853 1142 1938 ἠδίκεις

133 1958 188 2025 καὶ
210 1957 419 2046 κατῄσχυνες.
451 1961 483 2025 εί
504 1955 541 2025 δέ
563 1961 608 2044 μὴ
630 1962 807 2037 ποιοῦντός
825 1975 888 2026 σου
905 1959 1141 2038 κατεσκεύαζόν

132 2061 220 2142 τινες
241 2065 527 2150 καταψευδόμενοί
547 2083 624 2148 σου,
649 2065 684 2131 οί
704 2061 740 2131 δὲ
764 2063 874 2131 λοιποὶ
895 2076 963 2132 τῶν
985 2082 1142 2150 στρατιω-

132 2180 201 2236 τῶν
219 2170 281 2236 ούκ
300 2172 436 2248 ἐκείνοις
450 2169 622 2256 ἐπετίμων,
642 2170 724 2237 ἀλλά
739 2169 819 2254 [σοι]
835 2170 1019 2256 ἐπέχαιρον,
1038 2172 1141 2255 δῆλον

134 2277 185 2344 δτι
212 2275 248 2342 ἐκ
275 2287 341 2342 τῶν
364 2277 476 2342 ἀλλων
498 2272 546 2343 ὧν
569 2279 640 2360 ἐζης
663 2277 752 2357 ἀξιος
774 2277 887 2354 αὐτοῖς
909 2277 1034 2354 ἐδόκεις
1055 2271 1142 2342 εἶναι

133 2391 195 2449 τοῦ
222 2379 348 2448 τοιαῦτ’
379 2381 526 2448 ἀκούειν·
563 2384 687 2448 σαυτὸν
714 2377 776 2448 οὖν
803 2384 1021 2468 μετριώτερον
1048 2390 1193 2468 ηρῆνσσι

78 2509 120 2552 ιιι
133 2485 305 2573 παρέχειν,
336 2487 397 2554 ούκ
430 2488 577 2564 ἐκείνους
609 2488 807 2572 διαβάλλειν.
857 2491 900 2553 σὺ
932 2485 963 2553 δ’
999 2487 1142 2565 ἀπειλεῖς

133 2605 249 2677 πᾶσιν,
282 2593 431 2672 ἐλαύνεις
461 2596 599 2671 πάντας·
639 2597 718 2672 τοὺς
748 2597 870 2671 ἄλλους
884 2597 888 2602 ’
902 2593 1005 2678 ἀξιοῖς
1034 2597 1070 2660 τί
1098 2595 1142 2659 σδ

133 2702 248 2786 βούλει
266 2711 414 2783 σκοπεῖν,
432 2699 494 2767 ούκ
512 2699 611 2777 αὐτὸς
629 2712 759 2778 σκοπεῖς
777 2705 812 2766 τί
826 2703 871 2786 μη
889 2703 1046 2785 λυπήσεις
1063 2703 1141 2778 τοὺς

134 2808 256 2884 ἀλλους
282 2817 396 2873 ποιῶν.
441 2804 496 2872 καὶ
523 2808 561 2872 τό
585 2806 626 2892 δὴ
650 2809 886 2894 σχετλιώτατον
908 2805 964 2874 καὶ
986 2803 1142 2892 μέγιστον
1179 2879 1180 2884 1

134 2915 244 2997 ἔμοιγε
263 2913 388 2978 δοκοῦν
404 2912 532 2998 ὕβρεως
550 2908 636 2978 εἶναι
655 2926 805 2999 σημεῖον·
823 2915 992 2980 τοσούτων
1010 2912 1141 2998 ἀνδρώ-

134 3041 218 3102 πων,
242 3023 268 3084 δι
291 3023 393 3106 μιαρά
408 3021 542 3104 ,κεφαλὴ
566 3021 620 3102 σὺ,
642 3019 822 3105 παρελθὼν
845 3019 982 3106 ἀθρόων
1004 3022 1140 3104 κατηγό-

134 3147 218 3210 ρεις,
241 3122 261 3191 δ
282 3128 332 3202 τίς
356 3124 417 3190 ούκ
440 3121 481 3190 ἀν
505 3124 774 3210 ἐφριξεποιῆσαι
794 3137 862 3192 τῶν
885 3127 1009 3205 ἀλλους

79 3251 120 3292 τοι
225 3217 304 3308 ,Τοῖς
331 3226 392 3315 μὲν
418 3233 535 3296 τοίνυν
562 3227 674 3308 ἀλλοις
692 3227 823 3298 ,άπασιν
850 3231 917 3318 δρῶ
940 3243 1009 3310 τοίς
1030 3256 1140 3318 κρινο-

134 3332 295 3421 μένοιςδ)
318 3337 438 3422 ἀνδρες
457 3337 621 3422 δικασταί,
644 3337 682 3404 ἐν
704 3334 764 3422 μιν
786 3335 807 3422 ἢ
831 3335 884 3403 δύ’
908 3340 987 3404 ὄντα
1009 3337 1140 3423 τάδική-

133 3466 219 3532 ματα
246 3439 267 3509 ἀ
295 3447 536 3528 κατηγορεῖται,
565 3445 685 3527 λόγους
713 3441 743 3508 δ’
770 3443 944 3534 ἀφθόνους
967 3447 1141 3522 τοιούτους
1288 3443 1291 3452 ’

133 3539 341 3634 ὑπάρχοντας
364 3552 435 3631 ,τίς
456 3549 557 3635 ὑμῶν·
573 3547 650 3634 ἐμοί
654 3559 655 3562 ’
668 3572 700 3613 τι
722 3550 879 3615 σύνοιδεν
901 3541 1067 3624 τοιοῦτονς
1089 3553 1141 3623 τίς
1194 3533 1196 3540 “

27 3698 32 3743 ι

26 3750 37 3859 λ
