2614 3904
187 167 254 230 410
354 152 358 161 ’
467 171 590 222 xxxw.
614 165 920 240 [αεκοεουαουυ]

147 343 173 385 ⁸⁹
187 329 344 413 πράττηςς
369 332 476 394 καίτοι
500 324 527 394 ὦ
547 330 667 413 ἀνδρες
686 326 837 394 δικασταὶ
854 330 890 393 τί
905 327 967 394 οὐκ
985 324 1027 390 ἀν
1046 326 1202 412 πράξειεν

186 433 206 498 ό
223 441 384 515 τοιοῦτος,
407 433 498 511 ὅστις
515 435 688 519 γράμματα
707 434 820 517 λαβὼν
838 435 882 518 μή
901 432 1071 498 ἀπέδωκεν
1089 431 1203 515 ὀρθῶς

186 536 241 603 καί
265 540 414 619 δικαίως;
438 539 458 624 ή
482 551 551 616 πῶς
573 541 614 606 οὐ
637 542 787 624 φανερόν
810 539 900 605 έστιν
923 539 1004 624 ὑμῖν
1021 539 1059 603 τὸ
1078 540 1201 603 τούτου
1280 535 1281 538 '

186 645 400 729 κακούργημα
424 643 457 723 έξ
480 645 591 711 αὐτῶν
614 639 857 729 ὧν“έπραττεν;
882 647 1005 726 καίτοι,
1029 639 1056 708 ὦ
1079 651 1122 727 μή
1146 642 1201 710 καὶ

186 748 277 831 θεολ,
309 749 457 836 προσῆκέ
487 774 524 834 με
556 759 696 817 τοσοῦτο
727 752 867 836 χρυσίον
895 749 1112 830 ἀποδιδόντα,
1145 748 1202 816 καλ

186 854 288 922 πλέον
314 865 376 921 τοῦ
403 857 634 941 δανείσματος,
662 858 861 940 περιβόητον
885 865 994 920 ποιεῖν
1017 853 1054 920 έν
1076 863 1121 942 τῳ
1146 854 1202 939 έμ-

186 965 304 1050 πορίῳ,
328 960 383 1026 καὶ
405 967 608 1047 παρακαλεῖν
630 963 755 1038 πάντας
776 961 989 1046 ἀνθρώπους,
1011 970 1144 1045 πρῶτον
1164 957 1201 1026 δέ

146 1067 246 1131 »θεὸν
277 1069 379 1133 παῖδα
411 1069 471 1133 τὸν
502 1069 624 1134 τούτου
655 1065 711 1132 καὶ
742 1069 801 1134 τὸν
828 1068 1007 1132 κοινωνόν·
1039 1071 1107 1130 ίστε
1136 1067 1200 1149 γάρ

187 1172 295 1254 δήπου
322 1173 456 1256 πάντες,
486 1173 536 1238 ὅτι
564 1173 769 1252 δανείζονται
793 1169 853 1258 μὲν
876 1166 945 1256 μετ’
971 1171 1095 1254 ὀλίγων
1118 1196 1202 1256 μαρ-

187 1278 309 1362 τύρων,
332 1275 467 1344 ὅτανδ’
491 1276 686 1359 ἀποδιδῶσι,
709 1281 855 1355 πολλοὺς
877 1282 1095 1360 παρίστανται
1118 1279 1201 1363 μάρ-

186 1405 298 1468 τυρας,
320 1380 364 1448 ἵν’
392 1384 543 1460 ἐπιεικεῖς
567 1384 711 1448 δοκῶσιν
734 1379 820 1449 εἶναι
842 1381 918 1470 περὶ
940 1385 980 1448 τά
1003 1385 1199 1467 συμβόλαια.

187 1485 241 1552 σοὶ
264 1485 295 1551 δ’
318 1487 513 1554 ἀποδιδόντι
535 1489 574 1554 τό
596 1511 631 1552 τε
655 1488 790 1554 δάνειον
812 1485 868 1553 καλ
890 1490 969 1564 τοὺς
991 1490 1110 1565 τόκους
1130 1488 1190 1573 ἀμ
1201 1497 1245 1546 916

186 1590 360 1678 φοτέρους,
384 1575 547 1681 ἑτερόπλῳ
568 1602 613 1680 τῷ
632 1593 780 1681 ἀργυρίῳ
799 1591 1000 1681 κεχρημένῳ,
1023 1593 1080 1660 καὶ
1097 1613 1200 1671 προσ-

186 1695 313 1762 τιθέντι
342 1697 453 1783 ἑτέρας
480 1699 708 1783 τρεισκαίδεκα
735 1708 835 1783 μνᾶς,
861 1709 932 1774 πῶς
956 1697 1032 1783 οὐχί
1054 1703 1200 1777 πολλοὺς

185 1798 228 1886 ήν
250 1802 482 1888 παραληπτέον
504 1803 686 1889 μάρτυραςς
709 1801 765 1869 καὶ
786 1806 817 1870 εί
833 1801 922 1869 τοῦτ’
946 1804 1097 1888 ἔπραξας,
1122 1801 1194 1871 οὐδ’

146 1927 172 1968 τι
187 1907 229 1974 ἀν
253 1900 300 1986 εἷς
322 1918 385 1975 σοῦ
408 1915 534 1993 μᾶλλον
556 1921 624 1976 των
646 1912 815 1976 πλεόντων
839 1909 1049 1994 ἐθαυμάζετο.
1095 1913 1139 1975 σὺ
1164 1909 1194 1975 δ’

186 2013 259 2080 ἀντὶ
282 2023 343 2080 τοῦ
364 2017 509 2092 πολλοὺς
531 2015 699 2100 μάρτυρας
721 2015 849 2080 τούτων
868 2020 1050 2097 ποιεῖσθαι,
1073 2016 1198 2093 πάντας

186 2121 387 2205 ἀνθρώπους
410 2122 593 2185 λανθάνειν
616 2120 750 2203 έπειρῶ,
776 2121 887 2203 ὥσπερ
910 2119 1034 2185 ἀδικῶν
1056 2143 1097 2185 τι.
1143 2120 1198 2186 καλ

186 2229 217 2292 εί
242 2223 302 2312 μέν
329 2225 403 2311 έμολ
429 2235 475 2314 τῳ
503 2227 694 2292 δανείσαντι
719 2226 912 2308 ἀπεδίδους,
941 2221 1042 2291 οὐδέν
1065 2225 1107 2291 άυ
1130 2229 1198 2293 έδει

185 2334 376 2418 μαρτύρων·
403 2333 465 2416 τήν
491 2333 555 2417 γὰρ
582 2333 781 2417 συγγραφήν
809 2331 1007 2416 ἀνελόμενος
1029 2331 1197 2416 ἀπήλλαξο

184 2437 227 2503 άν
250 2447 310 2504 τοῦ
333 2442 553 2523 συμβολαίου·
575 2447 640 2504 νῦν
662 2432 694 2522 δ’ἱ
715 2438 776 2504 οὐκ
795 2437 878 2523 έμοὶ,
902 2432 972 2503 ἀλλ’
995 2435 1093 2524 ἑτέρῳ
1112 2431 1196 2523 ὑπὲρ

184 2544 266 2629 ἐμοῦ
285 2544 477 2625 ἀποδιδούς,
501 2541 557 2608 καὶ
576 2543 637 2609 οὐκ
657 2537 849 2627 Ἀθήνησιν,
873 2537 944 2608 ἀλλ’
966 2542 1003 2607 έν
1020 2546 1196 2632 Βοσπόρῳ,

184 2648 239 2715 καί
270 2659 328 2733 τῆς
358 2657 555 2733 συγγραφῆς
582 2668 636 2714 σοι
663 2647 815 2733 κειμένης
843 2646 1004 2732 Ἀθήνησι
1031 2646 1087 2714 καί
1113 2652 1198 2734 πρὸς

185 2755 255 2840 έμέ,
286 2753 341 2821 καὶ
369 2746 394 2844 ᾧ
422 2758 460 2820 τὸ
487 2757 627 2841 χρυσίου
656 2754 835 2829 ἀπεδίδους
862 2755 957 2830 όντος
984 2759 1114 2837 θνητοῦ
1140 2753 1197 2820 καὶ

58 2863 60 2867 ’
183 2861 324 2944 πέλαγος
355 2843 516 2926 τοσδῦτον
549 2859 727 2945 μέλλοντος
757 2863 867 2941 πλεῖν,
901 2860 1050 2944 μάρτυρα
1080 2858 1192 2926 οὐδέν’

144 2988 169 3027 ω
184 2968 343 3051 ἐποιήσω,
376 2968 452 3033 οὔτε
485 2969 609 3032 δοῦλον
641 2961 722 3031 οὔτ’·
742 2965 930 3050 ἐλεύθερον.
974 2965 996 3049 ή
1025 2967 1088 3050 γὰρ
1116 2983 1196 3050 συγ·

182 3075 295 3159 μραῳή
318 3097 369 3157 με,
391 3071 486 3157 φησὶ,
509 3080 556 3161 τβ
577 3076 754 3160 ναυκλήρῳ
778 3071 927 3137 ἐκέλευεν
950 3071 1137 3137 ἀποδοῦναι
1157 3074 1195 3137 τὸ

182 3183 330 3265 χρυσίον.
362 3180 531 3264 μάρτυρας
550 3177 590 3244 δέ
605 3177 636 3262 γ’
660 3180 721 3244 οὐκ
739 3177 861 3243 έκάλυε
880 3180 1094 3264 παραλαβεῖν,
1115 3174 1195 3243 οὐδέ

182 3288 239 3362 τάς
266 3286 439 3362 ἐπιστολάς
466 3285 659 3350 ἀποδοῦναι.
703 3283 759 3350 καλ
786 3285 857 3349 οἵδε
882 3279 943 3368 μὲν
965 3285 1048 3368 πρὸς
1070 3279 1107 3348 σέ
1132 3285 1195 3349 δύο

184 3392 379 3475 συγγραφάς
400 3390 598 3474 έποιήσαντο
616 3387 699 3473 ὑπὲρ
717 3399 779 3456 τοῦ
798 3394 1014 3475 συμβολαίου,
1037 3389 1082 3466 ὡς
1099 3388 1143 3454 ἂν
1162 3390 1199 3455 οί

184 3490 310 3576 μάλιστ’
337 3495 565 3573 ἀπιστοῦντες·
595 3499 638 3561 σὺ
666 3492 703 3561 δέ
730 3499 833 3581 μόνος
860 3500 951 3586 μόνῳ
980 3492 1045 3582 φῂς
1074 3497 1195 3561 δοῦναι
