2938 4180
266 147 330 214 144
573 153 661 205 XXII.
684 151 963 205 ΔΗΜΟΣΘΕΝΟΤΣ

263 308 347 396 ὑπὲρ
371 306 419 378 ὧν
441 312 463 396 ή
485 315 580 389 πόλις
601 314 730 397 ποίσχει,
754 312 859 390 οὕτως
877 313 925 378 ῶν
942 315 1073 397 θρασὺς
1090 311 1145 380 καὶ
1164 313 1273 397 λέγειν

265 418 384 501 δεινός,
408 411 481 484 ἀλλ’
502 415 637 484 ἐνταῦθ’
660 418 786 504 ἐφάνης
808 419 962 503 κηδεμὼν
985 419 1044 503 όιν,
1067 413 1109 484 οὗ
1129 421 1273 496 πολλοὺς

224 538 250 580 υ
265 525 332 589 ἔδει
351 535 457 600 κακῶς
474 532 624 608 ποιήσαις
644 518 802 608 βούλεσθ’
819 525 939 609 ἄνδρες
954 518 1127 608 Ἀθηναῖοι
1144 525 1181 591 τὸ
1198 525 1272 589 τού-

264 653 331 697 των
354 636 462 696 αίτιον
485 628 575 714 [ἐγὼ]
600 629 680 713 ὑμίν
698 635 794 708 είπω;
819 633 877 711 [δτι
894 643 952 696 τῶν
971 631 1025 715 μὲν
1043 633 1211 716 μετέχουσιν
1229 625 1272 696 ὧν

264 730 418 794 ἀδικοῦσιν
434 731 512 812 ύμᾶς
526 729 613 809 τινός,
631 729 689 793 ἀπὸ
704 728 736 793 δὲ
749 740 808 794 τῶν
822 731 1072 814 εἰσπραττομένων
1086 732 1272 819 ύφηρούντο·

264 823 305 890 δι’
334 825 498 908 ἀπληστίαν
529 825 562 890 δὲ
592 829 709 911 τρόπων
739 827 860 910 διχόθεν
887 839 1070 911 καρποῦνται
1096 828 1150 909 τήν
1178 828 1272 892 πόλιν.

264 922 331 988 ούτε
357 925 413 1008 γὰρ
441 926 516 1012 ῥᾷον
543 930 661 1000 πολλοῖς
686 925 736 987 καί
757 920 838 1008 μίκρ’
864 924 1018 990 ἀδικοῦσιν
1041 925 1273 1008 ἀπεχθάνεσθαι,

263 1019 284 1102 ή
311 1019 420 1104 ὀλίγοις
447 1021 497 1084 καλ
524 1023 648 1106 μεγάλα,
676 1021 744 1088 ούτε
771 1024 1003 1109 δημοτρκύτερον
1032 1024 1129 1104 δήπου
1156 1022 1193 1085 τὰ
1215 1033 1273 1086 τῶν

264 1123 379 1182 πολλῶν
403 1113 568 1200 ἀδικήμαθ’
594 1117 677 1202 ὁρᾶν,
700 1118 720 1200 ή
743 1119 778 1182 τδι
801 1130 859 1182 τῶν
882 1118 998 1204 ὀλίγων.
1034 1119 1106 1183 ἀλλὰ
1129 1115 1209 1184 τοῦτ’
1229 1121 1274 1182 α”ι-

264 1239 327 1280 τιον
350 1215 430 1299 ούγὼ
453 1215 547 1299 λέγω]
584 1224 653 1279 τῶν
675 1210 737 1297 μὲν
756 1209 849 1280 οἶδεν
867 1212 986 1280 ἑαυτὸν
1004 1215 1095 1297 ὄντα,
1118 1225 1186 1280 τῶν
1204 1213 1274 1279 ἄδι-

264 1319 426 1401 κούντων,
448 1318 533 1403 ὑμᾶς
557 1313 588 1384 δ’
609 1319 747 1396 οὐδενὸς
770 1319 883 1398 ἀξίους
899 1319 1059 1404 ήγήσατο·
1082 1320 1136 1386 διὸ
1154 1329 1274 1385 τοῦτον

224 1442 251 1483 ⁸⁸
265 1426 425 1511 ἐχρήσατο
448 1425 508 1489 τὸν
529 1427 655 1509 τρόπον
674 1423 762 1508 ὑμῖν.
800 1427 831 1490 εί
847 1426 910 1511 γὰρ
930 1425 1151 1510 ἀνδραπόδων
1169 1429 1275 1508 πόλις,

265 1531 349 1598 ἀλλὰ
366 1532 411 1616 μή
428 1541 495 1595 τῶν
509 1531 623 1616 ἄρχειν
637 1528 758 1614 ἑτέρων
772 1530 955 1608 ἀξιούντων
969 1530 1160 1616 ὡμολογεῖτ’
1178 1526 1275 1614 είυαι,

265 1637 327 1703 οὐκ
349 1635 391 1703 δν
415 1632 440 1702 ὦ
464 1637 584 1722 ἄνδρες
603 1635 777 1720 Ἀθηναῖοι
799 1639 856 1715 τὰς
878 1637 992 1725 ὕβρεις
1014 1636 1195 1724 ἠνέσχεσθε
1218 1640 1276 1715 τὰς

264 1745 402 1827 τούτου,
430 1741 469 1819 ἃς
490 1745 573 1808 κατὰ
594 1745 657 1828 τήν
679 1742 807 1828 ἀγορὰν
829 1743 962 1830 ὕβριζεν
984 1744 1070 1830 ὁμοῦ
1092 1748 1274 1829 μετοίκους,

262 1846 475 1934 Ἀθηναίους·
499 1852 578 1927 δῶν,
598 1850 744 1936 ἀπάγων,
764 1856 855 1937 βοῶν
874 1852 911 1918 ἐν
928 1865 999 1930 ταῖς
1017 1853 1204 1938 ἐκκλησίαις
1222 1852 1276 1919 ίπλ

264 1965 325 2022 τοῦ
352 1959 509 2041 βήματος·
539 1958 682 2034 δούλους
709 1956 764 2024 καὶ
793 1957 828 2024 ἐκ
857 1959 988 2025 δούλων
1015 1965 1126 2025 καλῶν
1155 1958 1276 2026 ἑαυτοῦ

264 2064 415 2146 βελτίους
441 2059 496 2128 καί
524 2061 560 2128 ἐκ
586 2066 778 2145 βελτιόνων·
810 2063 941 2151 ἐρωτῶν
968 2067 1000 2130 εί
1025 2065 1131 2150 μύτην
1158 2067 1194 2132 τὸ
1224 2067 1275 2131 δε-
1381 2125 1382 2142 ,

265 2171 454 2254 σμωτήριον
477 2162 689 2257 ᾠκοδομήθη.
735 2175 923 2256 καταφαίην
946 2169 988 2236 ἂν
1011 2169 1123 2254 ἔγωγ’,
1146 2177 1180 2237 εί
1197 2168 1230 2255 γ’
1257 2171 1275 2238 ὁ

264 2276 370 2361 πατὴρ
399 2275 417 2342 ὁ
445 2276 503 2352 σὸς
530 2269 623 2363 ᾤχετ’
649 2275 795 2342 αὐτόθεν
823 2277 937 2354 αὐταῖς
963 2275 1079 2352 πέδαις
1101 2277 1275 2362 ἐξορχησά-

265 2405 364 2467 μενος
383 2385 577 2448 Διονυσίων
594 2391 634 2468 τή
652 2391 774 2468 πομπή.
808 2384 890 2448 ἄλλα
909 2378 939 2449 δ’
961 2380 1011 2449 ὅτ’
1033 2383 1180 2469 ὕβρικεν,
1200 2379 1273 2449 οὐδ’

265 2487 307 2554 ἂν
339 2491 408 2573 ἔχοι
439 2514 488 2565 τις
520 2490 639 2554 είπείν.·
676 2499 821 2555 τοσαῦτα
852 2491 889 2555 τὸ
922 2491 1051 2572 πλήθός
1084 2489 1182 2555 ἐστιν.
1228 2485 1276 2555 ὧν

264 2594 402 2679 ἁθρόων
435 2594 528 2673 όίξιου
560 2597 723 2679 λαβόντας
754 2597 851 2678 δίκην
877 2596 1035 2681 τήμερον,
1068 2596 1275 2684 παράδειγμα

263 2710 398 2785 ποιήσαι
421 2712 491 2780 τοῖς
513 2703 641 2784 ἄλλοις,
665 2700 709 2766 ἵν’
737 2697 820 2768 ὦσιν
842 2702 1062 2787 μετριώτεροι.

224 2878 250 2919 ⁶³
350 2856 448 2927 Ἀλλδ
480 2862 521 2945 νή
551 2865 619 2926 Δία
647 2870 750 2927 ταῦτα
778 2858 839 2946 μὲν
865 2864 1015 2939 τοιοῦτός
1042 2861 1133 2928 ἐστιν
1161 2860 1198 2928 ἐν
1225 2853 1276 2938 οίς

87 2963 88 3052 λ
265 2969 509 3050 πεπολίτευται,
539 2969 622 3033 ίίλλα
645 2965 676 3031 δ’
702 2966 775 3033 ἔσθ’
803 2966 953 3045 ἃκαλῶς
976 2966 1147 3058 διῴκηκεν.
1193 2968 1277 3033 ἀλλὰ

87 3061 88 3088 ’
265 3071 319 3138 καί
342 3070 433 3138 τᾶλλ’
455 3073 542 3139 οὕτω
565 3076 818 3158 προσελήλυθεν
835 3076 941 3140 πάντα
960 3075 1042 3160 πρὸς
1059 3074 1156 3159 ὑμᾶς,
1179 3068 1265 3140 ὥσθ’
1278 3085 1328 3136 615

265 3177 370 3264 ἥκιστ’
397 3179 434 3245 ἐν
462 3172 512 3256 οἷς
540 3175 693 3263 ἀκηκόατ’
719 3181 809 3260 ἄξιός
837 3181 906 3246 ἐστι
933 3188 1112 3266 μισεῖσθαι.
1158 3184 1193 3245 τί
1212 3182 1276 3265 γὰρ

264 3283 423 3370 βούλεσθ’
451 3292 546 3365 είπω;
574 3287 616 3352 τὰ
642 3284 776 3371 πομπεῖ’
803 3287 848 3364 ὡς
875 3287 1107 3368 ἐπεσκεύασεν,
1135 3284 1191 3352 καλ
1215 3287 1277 3370 τήν

264 3401 330 3457 τῶν
354 3391 528 3475 στεφάνων
550 3393 760 3476 καθαίρεσιν,
783 3389 803 3477 ή
823 3392 886 3476 τήν
904 3403 971 3457 τῶν
990 3395 1122 3476 φιαλῶν
1140 3395 1277 3475 ποίησιν

240 3523 243 3528 ·
264 3499 325 3581 τήν
347 3502 465 3582 καλήνς
490 3495 561 3565 ἀλλ’
584 3497 636 3565 ἐπί
659 3499 790 3577 τούτοις
812 3523 861 3584 γε,
884 3501 915 3564 εί
932 3497 1036 3585 μηδὲν
1054 3494 1129 3565 ἄλλ’
1151 3499 1277 3566 ἀδικῶν

87 3502 92 3662 λ

89 3705 92 3755 1

88 3804 213 3866 Α
