2590 3900
160 175 224 240 252
464 177 559 230 xxlv,
583 175 862 230 ΔΗΜΟΣΘΕΝΟΤΣ

158 338 308 419 τίθησιν·
331 337 362 400 εί
383 334 424 402 δέ
442 358 530 412 τινες
552 335 705 420 πρέσβεις
727 333 917 418 αἱρεθέντες
939 335 1005 402 ὑπὸ
1028 345 1090 402 τοῦ
1113 338 1172 421 δή·

159 464 234 526 μου,
258 442 412 507 πλούσιοι
430 444 533 524 ὄντες,
551 441 730 526 ὑφείλοντο
749 443 896 525 χρήματα
914 442 1031 524 πολλά,
1049 443 1090 507 τά
1108 439 1172 526 μὲν

160 547 243 631 ίερδι,
261 548 301 613 τό
320 545 350 612 δ’
368 547 454 628 ὅσια,
473 546 528 613 καὶ
547 541 638 632 εἶχον
656 549 780 632 χρόνον
798 547 915 629 πολύν,
934 548 1065 625 τούτοις
1081 549 1171 625 ὅπως
1276 609 1277 612 ,

159 648 264 737 μηδὲν
286 655 455 718 πείσονται
478 650 559 738 μήθ’
583 647 631 718 ὧν
654 653 690 719 οί
709 656 807 738 νόμοι
830 650 911 737 μήθ’
933 647 981 720 ὧν
1002 655 1043 719 τὰ
1065 657 1170 738 ψηφί-

109 773 146 814 ιιο
159 775 266 843 σματα
291 760 501 844 προστάττει,
529 757 605 844 μάλ’
637 759 780 845 ἀκριβῶς
807 751 913 844 εὑρεν.
958 761 1065 826 καίτοι
1092 754 1124 843 γ’
1150 760 1170 826 ὁ
1277 817 1278 848 3

158 866 279 931 Σόλων
302 859 329 930 ὑ
352 865 472 951 ἄνδρες
495 866 657 949 δικασταί,
681 857 707 954 ᾧ
728 861 802 932 οὐδ’
825 862 867 930 ἀν
885 864 985 942 αὐτὸς
1007 866 1169 950 Τιμοκρά-

158 993 217 1053 της
238 973 376 1054 φήσειεν
399 971 512 1055 όμοιος
533 970 720 1056 νομοθέτης
742 965 843 1053 εἶναι,
868 970 929 1055 οὐχ
952 971 1041 1048 ὅπως
1063 970 1168 1056 ἀσφα-

159 1081 224 1152 λῶς
251 1079 518 1161 κακουργήσουσι
546 1080 699 1160 φαίνεται
725 1077 981 1162 παρασκευάζων
1007 1087 1078 1155 τοϊς
1100 1099 1170 1145 τοι·
1278 1095 1279 1110 λ

158 1184 280 1266 ούτοις,
304 1180 375 1248 ἀλλ’
398 1183 487 1260 ὅπως
508 1181 530 1267 ἢ
553 1184 597 1268 μή
621 1182 840 1266 ἀδικήσουσιν
861 1181 883 1267 ἢ
905 1183 1052 1250 δώσουσι
1071 1184 1169 1268 δίκην

158 1287 268 1372 ἀξίαν,
295 1286 350 1354 καὶ
372 1291 478 1373 νόμον
502 1289 707 1372 εἰσήνεγκεν,
731 1291 763 1354 εί
783 1287 845 1372 μέν
866 1311 916 1366 τις
938 1285 1014 1374 μεθ’
1039 1287 1168 1374 ἡμέραν

157 1391 241 1476 ὑπὲρ
277 1396 481 1477 πεντήκοντα
507 1394 658 1479 ’δραχμάς
689 1392 836 1476 κλέπτοι,
874 1393 1054 1479 ἀπαγωγὴν
1085 1397 1170 1480 πρὸς

157 1504 236 1579 τοὺς
263 1496 368 1566 ἕνδεκ’
395 1495 495 1584 εἶναι,
524 1501 555 1565 εί
581 1498 621 1565 δέ
644 1523 695 1577 τις
720 1501 851 1585 νύκτωρ
877 1500 992 1566 ὁτιοῦν
1015 1500 1158 1586 κλέπτοι,
1169 1509 1220 1560 ‘136

158 1605 213 1674 καί
231 1606 421 1673 ἀποκτείναι
438 1615 559 1672 τοῦτον
578 1605 700 1685 έξεῑναι
718 1603 773 1672 καὶ
792 1605 956 1672 διώκοντα
972 1618 1097 1691 τρῶσαι
1113 1605 1168 1674 καί

159 1714 340 1796 ἀπαγαγεῖν
361 1723 432 1789 τοῖς
454 1709 575 1793 ἕνδεκ’,
600 1713 631 1776 εί
651 1712 814 1796 βούλοιτο.
854 1721 900 1800 τῷ
925 1708 955 1777 δ’
982 1711 1096 1778 άλόντι
1119 1709 1168 1780 ὧν

158 1821 196 1885 αἱ
215 1819 391 1902 ἀπαγωγαί
410 1819 510 1899 είσιν,
539 1816 600 1882 οὑκ
624 1817 783 1900 ἐγγυητὰς
805 1820 1046 1902 καταστήσαντι
1068 1822 1167 1885 ἔκτει-

158 1942 213 1992 σιν
241 1920 327 1990 είναι
352 1934 420 1988 τῶν
442 1924 650 2007 κλεμμάτων,
679 1923 761 1989 ἀλλὰ
783 1924 934 1990 θάνατον
955 1925 1017 2008 τήν
1042 1927 1167 2008 ζημίαν.

106 2043 145 2084 1¹⁴
157 2029 213 2098 καί
236 2037 270 2097 εί
286 2033 337 2106 τίς
358 2022 389 2112 γ’
411 2029 446 2094 ἐκ
464 2033 612 2094 Λυκείου
634 2028 655 2112 ή
678 2028 711 2107 έξ
731 2023 944 2113 Ἀκαδημείας
963 2028 984 2113 ή
1002 2029 1039 2096 ἐκ
1057 2033 1167 2098 Κυνο-

157 2139 303 2223 σάργους
326 2135 456 2219 [μάτιον
479 2133 499 2218 ή
523 2135 688 2218 ληκύθιον
710 2133 730 2218 ή
751 2136 832 2201 άλλο
851 2159 883 2200 τι
901 2138 1122 2220 φαυλότατον,
1146 2137 1168 2222 ή

157 2247 188 2310 εί
213 2253 281 2308 τῶν
308 2251 436 2306 σκευῶν
458 2264 490 2305 τι
512 2251 579 2306 τῶν
602 2240 727 2307 ἐκτῶν
749 2245 943 2325 γυμνασίων
964 2240 1123 2326 ὑφέλοιτο
1146 2242 1166 2327 ή

158 2351 193 2416 έκ
215 2361 283 2414 τῶν
306 2346 464 2431 λιμένων,
486 2344 569 2432 ὑπὲρ
594 2345 673 2412 δέκα
696 2347 852 2432 δραχμάς,
876 2344 931 2413 καί
952 2347 1084 2424 τούτοις
1104 2349 1167 2413 θά-

156 2478 260 2522 νατον
283 2451 525 2537 ἐνομοθέτησεν
549 2448 634 2518 εἶναι
656 2454 718 2536 τήν
743 2455 867 2537 ζημίαν.
904 2455 936 2518 εί
953 2451 993 2519 δέ
1007 2475 1058 2530 τις
1076 2455 1167 2520 ἰδίαν

159 2563 255 2645 δίκην
286 2565 409 2643 κλοπῆς
440 2557 551 2643 ἁλοίη,
583 2557 744 2642 ὑπάρχειν
775 2555 837 2643 μὲν
869 2558 958 2646 αύτῷ
992 2560 1168 2626 διπλάσιον

158 2667 328 2732 ἀποτεῖσαι
348 2667 386 2731 τό
405 2663 557 2748 τιμηθέν,
580 2673 801 2748 προστιμῆσαι
819 2660 851 2730 δ’
874 2664 994 2744 έξείναι
1011 2674 1057 2755 τῷ
1076 2662 1166 2731 δικα-

158 2776 280 2860 στηρίω
311 2773 395 2856 πρὸς
424 2777 470 2859 τῷ
499 2769 647 2858 ἀργυρίῳ
675 2772 799 2856 δεσμὸν
823 2779 869 2858 τῷ
897 2769 1033 2857 κλέπτῃ,
1065 2769 1162 2837 πένθ’

156 2877 280 2963 ἡμέρας
305 2874 360 2943 καὶ
387 2876 509 2952 νύκτας
537 2882 624 2958 ίσας,
652 2877 741 2953 ὅπως
768 2877 874 2964 ὁρῷεν
901 2877 1042 2953 ἅπαντες
1063 2878 1167 2944 αὑτὸν

158 2983 344 3068 δεδεμένον.
381 2979 587 3047 καὶτούτων
610 2981 711 3070 ὀλίγῳ
734 2986 896 3067 πρότερον
918 2983 1081 3066 ήκούσατε
1099 2995 1167 3049 τῶν

106 3103 143 3142 11⁵
157 3093 279 3174 νόμων.
317 3087 397 3175 ᾤετο
421 3088 485 3173 γάρ
509 3088 581 3152 δεῖν
603 3090 663 3153 τόν
685 3089 781 3170 γετὰ
799 3090 918 3172 αἰσχρά
937 3088 1165 3174 ἐργαζόμενον,

158 3196 201 3278 μή
234 3194 255 3260 δ
286 3195 440 3277 ὑφείλετο
470 3196 575 3277 μόνον
603 3192 770 3259 ἀποδόντα
798 3193 1007 3278 ἀπηλλάχθαι
1035 3191 1166 3281 (πολλοὶ

156 3300 220 3381 γάρ
244 3299 332 3384 αὐτῷ
352 3298 492 3363 ἐδόκουν
511 3297 598 3363 οὑτω
617 3296 649 3381 γ’
672 3299 707 3364 οί
722 3298 856 3365 κλέπται
875 3302 1023 3382 ἔσεσθαι,
1046 3301 1078 3363 εί
1094 3298 1166 3383 μέλ·

158 3408 248 3466 λοιεν
271 3406 432 3479 λαθόντες
454 3399 515 3486 μὲν
538 3401 633 3486 ἕξειν,
656 3405 700 3487 μή
725 3407 887 3481 λαθόντες
905 3402 935 3470 δ’
958 3403 1042 3469 αὑτὰ
1060 3405 1165 3486 μόνον

158 3508 385 3587 καταθήσειν),
409 3506 492 3571 ἀλλὰ
510 3517 612 3572 ταῦτα
632 3505 692 3592 μὲν
712 3508 867 3574 διπλάσια
885 3514 1090 3592 καταθεῖναι,
1113 3511 1163 3574 δε·
