2590 3900
420 160 503 213 μετ’
523 162 891 218 ιειεεοεειυοαοεε.
1094 155 1159 222 311

85 307 90 334 ¹
149 329 288 403 φρονῶν
311 318 402 387 έστλυ
426 321 515 399 ὅστις
534 318 720 404 ἀντιλέγειν
739 321 947 406 ἐπιχειρήσει,
970 320 1057 404 πλην
1076 316 1160 404 ‘'210⁸-

148 427 357 509 στογείτονος
382 425 517 495 τουτουὶ
545 424 683 510 καὶτῆς
708 428 830 493 τούτου
852 429 1022 512 πονηρίας.
1065 424 1216 491 ἀλλάδθῖ

148 534 255 610 πάσας
281 530 336 624 καί
362 535 420 611 τὰς
446 533 549 619 ἀρχάς
574 531 736 612 καὶτοὺς
764 531 1042 617 πολιτευομένους
1065 530 1161 616 εὑρήί

149 653 271 722 μομευ,.
292 637 426 704 ἐπειδάν
449 640 533 719 άπαξ
555 662 588 705 τι
609 637 798 723 καταγνῶθ’
824 639 929 725 ὑμεῖς,
952 640 1084 715 τούτοις
1099 636 1161 720 ’έμ

121 743 318 828 σμένοντας.
349 755 448 812 τοῦτο
466 743 527 830 μὲν
545 747 609 829 γάρ
628 746 708 811 ὅταν
727 745 1060 832 ἀποχειροτονηθῶσι
1072 764 1162 820 τινες

148 860 216 914 τῶν
234 848 271 915 ἐν
288 861 360 927 ταῖς
378 850 503 937 ἀρχαῖς,
521 860 718 936 παραχρῆμα
734 850 920 919 πέπαυνται
933 852 1090 936 ἀρχουτες
1103 846 1160 924 καῖ

148 958 228 1034 τοὺς
250 956 437 1041 στεφάνους
457 954 687 1043 περιῄρηνται·
719 967 818 1024 τοῦτο
842 954 873 1024 δ’
899 958 992 1040 ὅσοις
1006 967 1082 1022 τῶν
1103 951 1161 1020 θεν

150 1067 325 1145 σμοθετῶν
343 1063 390 1139 είς
403 1059 537 1148 ’Ἀρειον
555 1062 663 1144 πάγον
678 1061 739 1147 οὑχ
754 1054 828 1129 οίόν
842 1057 871 1128 τ’
889 1061 979 1129 ἐστὶν
993 1061 1161 1143 ἀνελθεῖν,

149 1165 309 1252 παρέντες
329 1169 368 1234 τὸ
390 1169 563 1251 βιάζεσθαι
582 1166 779 1251 στέργουσιν
796 1177 869 1245 ταῖς
883 1165 1060 1252 ὑμετέραις
1076 1167 1162 1251 γνά·

151 1290 232 1338 σεσι.
263 1271 319 1342 καῖ
336 1271 426 1340 τοῦτ’
444 1275 588 1350 εἰκότως
608 1273 718 1359 ὥσπερ
737 1275 812 1358 γάρ,
831 1274 912 1340 ὅταν
929 1274 1065 1358 ἀρχωσι,
1083 1275 1162 1350 τοὺς

152 1379 285 1456 ἰδιώτας
303 1384 430 1446 οῖονται
449 1380 521 1446 δεῖν
540 1379 654 1458 αὑτοῖς
669 1386 874 1465 πειθαρχεῖν,
887 1380 1061 1462 ὑσαύτως,
1081 1379 1162 1457 ὅταν

152 1482 273 1566 [αὐτοὶ]
303 1486 430 1550 ἰδιῶται
457 1482 620 1568 γένωνται
641 1485 758 1570 πάλιν,
785 1497 855 1564 τοῖς
876 1497 934 1571 τῆς
955 1488 1082 1562 πόλεως
1104 1481 1162 1571 άρ·

42 1619 46 1628 2
123 1607 248 1674 ιχουσι
274 1592 391 1674 νόμοις
418 1592 554 1668 δικαίως
578 1589 621 1658 ἀν
643 1591 873 1660 ἀκολουθοῖεν.
920 1595 968 1659 ἔτι
990 1594 1106 1658 Ιτοίνυν
1129 1591 1165 1656 οί

150 1697 401 1780 πολιτευόμενοι
431 1697 567 1780 πάντες,
599 1697 636 1763 έιι
666 1707 740 1764 τῶν
765 1703 917 1766 παλαιῶν
943 1699 975 1765 εί
991 1689 1159 1782 «βούλεσθ’

151 1802 329 1888 ἀρξάμενοι
350 1805 482 1888 χρόνων
504 1808 659 1889 θεωρεῖν,
681 1804 837 1881 ὡσαύτως
859 1807 1038 1888 φαίνονται
1055 1809 1162 1868 εῖκαν·

151 1927 204 1985 τες
226 1917 296 1986 τοῖς
318 1907 488 1994 ὑμετέροις
511 1907 659 1988 δικαίοις.
696 1906 901 1996 Ἀριστείδην
923 1908 984 1996 μέν
1002 1907 1043 1993 γέ
1057 1908 1182 1993 φασιν

151 2014 216 2080 ὑπδ
234 2025 302 2080 τῶν
320 2017 497 2098 προγόνων
514 2012 749 2100 μετασταθέντ’
771 2015 809 2082 έν
827 2018 950 2102 Αίγίνη
969 2017 1162 2100 διατρίβειν,

152 2119 214 2196 ἕως
232 2119 250 2185 ὁ
269 2120 373 2204 δῆμος
390 2121 493 2187 αὐτὸν
510 2120 715 2204 κατεδέξατο,
733 2122 925 2206 Μιλτιάδην
941 2118 978 2187 δὲ
991 2118 1047 2188 καὶ
1062 2125 1163 2204 Περν-

152 2224 231 2290 κλέα
253 2224 428 2309 ὀφλόντας,
451 2228 510 2294 τὸν
533 2223 594 2311 μέν
616 2227 802 2313 τριάκοντα,
824 2227 886 2292 τὸν
904 2222 1162 2308 δδπεντηκοητα

125 2332 310 2414 ιτάλαντα,
338 2330 545 2409 ἐκτείσαντας
569 2332 659 2398 οὑτω
681 2333 891 2417 δημηγορεῖν.
936 2331 956 2398 δ
977 2330 1033 2398 καὶ
1055 2333 1163 2402 δεινόυ

152 2459 252 2505 τατον
277 2435 320 2505 ἀν
342 2445 393 2522 εῖη
417 2441 619 2523 συμβαῖνον,
646 2441 726 2515 τοὺς
747 2433 809 2524 μέν
831 2439 938 2504 πολλά
959 2437 1014 2504 καὶ
1027 2439 1165 2523 1μεγάλα

152 2546 354 2628 ποιήσαντας
370 2543 457 2629 ὑμᾶς
475 2544 586 2628 ἀγαθά
604 2544 648 2629 μὴ
666 2554 780 2628 τυχεῖν
796 2545 924 2630 ταύτης·
935 2545 1162 2629 τῆς-δωρειᾶς,
1186 2565 1201 2594 ‘-

153 2652 236 2718 ὥστε
253 2651 343 2736 παρὰ
360 2652 444 2728 τοὺς
457 2653 581 2733 νόμους
594 2672 632 2715 τι
649 2653 728 2727 τοὺς
745 2647 1016 2735 κειμένους-ὑμῖν
1030 2649 1162 2735 πρᾶξαι,

151 2759 211 2823 τὸν
237 2753 274 2822 δέ
297 2752 406 2841 μηδὲν
424 2753 485 2841 μὲν
508 2755 639 2839 ἀγαθὸν
661 2755 895 2841 εἰργασμένον,
922 2762 1104 2843 παμπληθῆ
1118 2752 1162 2823 ’δ”

109 2905 111 2914 =
153 2862 411 2948 ἐξημαρτηκότα,
437 2871 570 2934 τοῦτον
585 2861 672 2928 οὑτω
699 2865 882 2948 προχείρως
903 2866 1087 2948 φαίνεσθαι
1108 2861 1163 2933 καὶ

152 2970 242 3054 παρὰ
264 2970 301 3035 τδ
320 2965 498 3054 συμφέρον
517 2965 574 3034 ναὶ
590 2969 628 3034 τὸ
648 2966 779 3034 δίκαιον
798 2967 953 3048 ἐξουσίαν
970 2961 1047 3052 παρ’
1068 2968 1164 3053 ὑμῶν

152 3085 214 3142 τοῦ
235 3084 440 3157 παρανομεῖν
464 3075 637 3159 είληφότα.Ι
667 3072 723 3140 καὶ
744 3075 780 3138 τί
800 3075 855 3139 δεῖ
874 3071 990 3158 λέγεινΙ
1003 3073 1078 3158 περὶ
1095 3087 1164 3140 τῶν

153 3185 316 3259 παλαιῶν;
346 3181 429 3246 ἀλλά
455 3181 534 3257 τοὺς
562 3174 615 3263 ἐφ’
645 3179 740 3264 ὑμῶν
768 3179 879 3258 αὐτῶν
905 3180 1163 3264 ἀναλογίσασθε,

154 3292 188 3354 ελ
210 3309 260 3364 τις
283 3285 389 3364 οὑτως
410 3285 549 3369 ἀναιδὴς
570 3284 688 3369 γέγονε
710 3286 853 3369 πώποτε·
882 3284 1004 3353 οὑδένα
1026 3286 1090 3370 γάρ
1112 3283 1217 3352 ἀνθοα

127 3390 294 3475 ίεῦροιτε,
316 3393 348 3457 ἐί
367 3388 542 3475 βούλοισθ’
566 3389 708 3477 ἀκριβῶς
726 3391 894 3471 ἐξετάζειν.
929 3389 1030 3477 χωρὶς
1046 3395 1165 3474 τοίνυν

153 3497 292 3578 τούτων,
312 3496 392 3562 ὅταν
410 3521 460 3575 τις
474 3499 685 3581 ψηφίσματος
699 3495 720 3582 ἣ
733 3499 840 3582 νόμου
853 3498 987 3582 γραφὴν
1001 3493 1169 3581 ἀπενέγκχ
