2590 3900
445 162 541 214 ΚΑΤΑ
558 162 826 216 τοτοΚΡετοτε.
1077 159 1151 228 257,

129 323 267 397 κοσίους
285 322 472 406 δαρεικούς;
493 321 576 387 ἀλλὰ
592 322 694 387 ταῦτά
708 318 740 404 γ’
758 321 844 388 οὕτω
859 331 1026 406 περιφανῆ
1042 321 1143 406 ἐστιν,

131 425 215 490 ὥστε
233 427 358 504 πάντας
376 427 578 513 ἀνθρώπους
596 426 728 492 εἰδέναι.
759 427 841 492 ἀλλὰ
855 425 944 492 τᾶλλ’
964 427 1005 493 οὐ
1020 431 1142 511 βίαιος;

79 547 117 587 1³0
131 531 174 608 ὡς
198 531 310 610 οὐδείς
332 529 363 616 γ’
386 532 585 618 ἀνθρώπων.
622 529 692 598 εἶτα
714 535 902 617 φείσασθαί
921 556 1011 610 τινος
1032 533 1142 600 αὐτῶν

130 637 224 716 άξιόν
249 637 349 721 ἐστιν,
373 638 456 704 ὥστε
480 640 536 704 διδι
554 640 693 716 τούτους
711 637 731 722 ή
750 650 817 705 τῶν
836 641 983 705 δεκατῶν
1001 649 1068 704 τῶν
1086 648 1143 722 τής

128 749 215 810 θεοῦ
239 744 409 828 ἀμελῆσαι,
432 743 453 828 ή
477 753 534 827 τῆς
555 746 729 821 διπλασίας
748 756 815 810 τῶν
833 745 936 810 ὁσίων
955 745 1142 830 χρημάτων,

128 847 150 932 ή
178 851 238 916 τὸν
266 851 406 927 τούτους
431 851 638 934 πειρώμενον
666 847 782 939 σῴζειν
807 851 851 935 μή
874 853 1140 935 τιμωρήσασθαι;

129 953 185 1020 καὶ
212 958 249 1020 τί
268 956 410 1021 κωλύσει
433 957 579 1033 ἅπαντας
602 951 687 1022 εἶναι
710 958 878 1041 πονηροὺς
902 951 928 1021 ὦ
952 958 1071 1042 ἀνδρες
1094 959 1143 1022 δι-

129 1067 264 1144 κασταί,
298 1064 329 1126 εί
359 1063 415 1127 διά
446 1072 548 1128 ταῦτα
580 1061 682 1128 πλέον
714 1061 861 1142 ἐξουσιν;
895 1061 960 1145 ἐγὼ
993 1059 1054 1147 μὲν
1079 1064 1144 1147 γάρ

130 1161 223 1250 οἶμαι
248 1167 357 1232 οὐδέν.

77 1287 116 1328 1³1
219 1275 281 1356 Μή
299 1278 417 1339 τοίνυν
435 1272 531 1339 αὐτοὶ
550 1275 731 1356 διδάσκετε,
751 1273 835 1340 ἀλλὰ
852 1280 1059 1359 τιμωρεῖσθε.
1089 1271 1145 1339 καὶ

129 1379 174 1463 μή
194 1378 269 1444 ἐᾶτε
288 1378 497 1463 ἀγανακτεῖν,
517 1381 548 1444 εί
566 1381 767 1463 δεθήσονται
787 1383 917 1464 ἔχοντες
934 1381 975 1444 τά
992 1379 1144 1464 ὑμέτερα,

129 1477 201 1549 ἀλλ’
230 1479 317 1566 ἄγετ’
343 1485 465 1562 αὐτοὺς
487 1485 553 1552 ὑπὸ
576 1487 655 1562 τοὺς
677 1488 809 1571 νόμους.
847 1481 926 1552 οὐδὲ
948 1486 1012 1569 γάρ
1035 1485 1071 1550 oc
1087 1494 1145 1569 τής

129 1588 241 1667 ξενίας
259 1589 470 1676 ἁλισκόμενοι
489 1591 734 1674 ἀγανακτοῦσιν
753 1590 789 1656 ἐν
807 1600 852 1678 τῷ
872 1592 1024 1674 οίκήματι
1037 1591 1143 1678 τούτῳ

130 1696 237 1779 ὄντες,
258 1695 319 1773 ἕως
338 1695 379 1761 ἀν
398 1709 465 1762 τῶν
483 1699 782 1783 ψευδομαρτυριῶν
801 1697 1042 1786 ἀγωνίσωνται,
1061 1695 1144 1762 ἀλλά

129 1800 271 1886 μένουσι
293 1799 349 1867 καὶ
372 1802 433 1868 οὐκ
456 1809 583 1868 οίονται
608 1805 680 1868 δεῖν
703 1801 863 1887 ἐγγυητὰς
885 1804 1146 1886 καταστήσαντες

77 1922 117 1964 1³2
129 1906 304 1992 περιιέναι.
338 1908 429 1986 ἔδοξε
447 1909 512 1992 γὰρ
530 1918 570 1994 τῇ
588 1911 683 1974 πόλει
701 1908 851 1974 ἀπιστεῖν
870 1908 990 1991 αὐτοῖς,
1009 1905 1065 1973 καὶ
1083 1907 1145 1974 ούκ

130 2011 214 2100 ᾤετο
244 2013 316 2077 δεῖν
344 2015 610 2099 διακρουσθῆναι
636 2023 694 2098 τῆς
721 2017 879 2099 τιμωρίας
905 2007 949 2078 δι’
975 2012 1144 2096 ἐγγυητῶν

128 2119 371 2202 καταστάσεως,
390 2117 460 2184 ἀλλ’
479 2119 626 2186 ἐνταῦθα
642 2119 755 2202 μένειν
774 2119 907 2201 αύτούς,
926 2112 967 2184 οὗ
980 2116 1036 2184 καὶ
1050 2119 1144 2184 άλλοι

129 2223 251 2290 πολλοὶ
268 2235 336 2290 τῶν
353 2230 506 2290 πολιτῶν.
538 2229 646 2291 καίτοι
663 2222 719 2290 καὶ
735 2222 789 2291 ἐπὶ
802 2227 966 2309 χρήμασιν
979 2225 1043 2308 ήδη
1058 2221 1145 2303 τινὲς

130 2328 300 2413 ἐδέθησαν
318 2328 373 2396 καὶ
392 2328 444 2396 ἐπὶ
461 2333 622 2415 κρίσεσιν,
641 2329 713 2396 ἀλλ’
738 2331 825 2414 ὅμως
843 2329 1016 2414 ὑπέμενον.
1046 2327 1146 2415 ἀηδὲς

131 2431 194 2520 μὲν
223 2429 285 2500 οὖν
313 2442 391 2512 ἴσως
418 2434 509 2502 ἐστὶν
536 2433 696 2520 ὀνομαστὶ
722 2437 802 2522 περί
819 2459 922 2501 τινων
944 2443 1144 2522 μεμνῆσθαι,

77 2559 116 2600 1³³
131 2542 316 2624 ἀναγκαῖον
339 2537 376 2606 δὲ
395 2540 609 2625 παρεξετάσαι
628 2540 749 2618 αὐτούς
767 2542 855 2623 παρὰ
873 2541 1021 2618 τούτους.
1058 2545 1197 2620 τούςτεκ

130 2643 195 2732 μὲν
218 2640 281 2712 οὖν
302 2646 367 2731 πρὸ
386 2647 573 2714 Εὐκλείδου
596 2648 755 2732 ἄρχοντος
778 2647 863 2714 ἐάσω
887 2644 942 2713 καὶ
964 2649 1042 2724 τοὺς
1063 2651 1145 2732 σφό-

131 2755 199 2838 δρα
222 2753 391 2832 παλαιούς.
432 2756 540 2819 καίτοι
563 2754 645 2819 κατά
667 2756 746 2831 τοὺς
767 2755 909 2839 χρόνους
932 2752 991 2831 οὓς
1013 2752 1145 2820 ἕκαστοι

130 2859 245 2924 αὐτῶν
271 2853 374 2942 ήσαν,
400 2864 528 2926 πολλοῦ
553 2859 639 2937 ἀξιοι
663 2861 840 2935 δοκοῦντες
862 2864 1064 2942 γεγενῆσθαι
1086 2863 1145 2925 τὸν

129 2967 302 3050 ἔμπροσθε
320 2967 454 3050 χρόνον,
473 2965 561 3049 ὅμως
580 2966 718 3051 ἰσχυρᾶς
735 2966 824 3048 παρὰ
840 2973 901 3030 τοῦ
920 2966 1029 3048 δήμου
1045 2964 1146 3051 ὀργῆς

130 3070 315 3154 ἐτύγχανον
347 3068 399 3135 ἐπὶ
430 3081 499 3147 τοῖς
526 3069 668 3154 ὕστερον
694 3067 904 3154 γιγνομένοις
931 3069 1144 3156 ἀδικήμασιν·

131 3176 175 3240 ού
197 3177 260 3262 γάρ
278 3178 401 3259 χρόνον
419 3177 494 3241 τινά
513 3176 663 3252 δικαίους
681 3174 763 3264 ᾤετο
781 3178 854 3240 δεῖν
872 3174 994 3253 αύτούς
1011 3176 1031 3260 ή
1050 3179 1145 3255 πόλις

131 3276 236 3366 εἶναι,
268 3276 337 3347 εἶτα
364 3279 518 3364 κλέπτας,
548 3281 631 3347 ἀλλὰ
658 3285 737 3367 περί
760 3303 798 3364 γε
825 3282 866 3346 τά
893 3283 989 3347 κοινά
1017 3271 1068 3348 ἀεὶ
1095 3284 1144 3348 δι-

129 3391 260 3463 καίους’
293 3385 401 3454 ἐδόκει
432 3388 494 3480 γάρ
517 3388 576 3452 τὸν
599 3390 789 3470 ἔμπροσθεν
812 3388 936 3471 χρόνον
963 3386 1006 3454 οὐ
1032 3388 1143 3470 φύσει,

129 3490 205 3558 ἀλλ’
228 3491 464 3577 ἐπιβουλεύων,
486 3503 547 3559 τοῦ
569 3499 800 3578 πιστευθῆναι,
824 3495 950 3570 δίκαιος
970 3491 1143 3576 γεγονέναι

186 3607 311 3648 Duom.
332 3607 383 3648 v01.
392 3608 423 3648 11.
949 3601 981 3648 17
