<?xml version="1.0" encoding="UTF-8"?>
<!DOCTYPE html PUBLIC "-//W3C//DTD XHTML 1.0 Transitional//EN"
    "http://www.w3.org/TR/xhtml1/DTD/xhtml1-transitional.dtd">
<html xmlns="http://www.w3.org/1999/xhtml" xml:lang="en" lang="en">
 <head>
  <title>
</title>
<meta http-equiv="Content-Type" content="text/html;charset=utf-8" />
  <meta name='ocr-system' content='tesseract 3.04.00' />
  <meta name='ocr-capabilities' content='ocr_page ocr_carea ocr_par ocr_line ocrx_word'/>
</head>
<body>
  <div class='ocr_page' id='page_1' title='image "./orationes00demogoog_0431.png"; bbox 0 0 2590 3900; ppageno 0'>
   <div class='ocr_carea' id='block_1_1' title="bbox 157 150 1277 239">
    <p class='ocr_par' dir='ltr' id='par_1_1' title="bbox 157 150 1277 239">
     <span class='ocr_line' id='line_1_1' title="bbox 157 150 1277 239; baseline -0.015 0"><span class='ocrx_word' id='word_1_1' title='bbox 157 175 222 239; x_wconf 79' lang='lat'><strong><em>280</em></strong></span> <span class='ocrx_word' id='word_1_2' title='bbox 465 180 548 233; x_wconf 83' lang='lat' dir='ltr'>xxv.</span> <span class='ocrx_word' id='word_1_3' title='bbox 572 179 851 234; x_wconf 74' lang='grc' dir='ltr'><strong><em>Δεκοεοεαοτε</em></strong></span> <span class='ocrx_word' id='word_1_4' title='bbox 1276 150 1277 222; x_wconf 80' lang='grc' dir='ltr'><strong><em>λ</em></strong></span> 
     </span>
    </p>
   </div>
   <div class='ocr_carea' id='block_1_2' title="bbox 155 330 1278 426">
    <p class='ocr_par' dir='ltr' id='par_1_2' title="bbox 155 330 1278 426">
     <span class='ocr_line' id='line_1_2' title="bbox 155 330 1278 426; baseline -0.002 -24"><span class='ocrx_word' id='word_1_5' title='bbox 155 337 275 414; x_wconf 85' lang='grc' dir='ltr'><strong><em>πάντες</em></strong></span> <span class='ocrx_word' id='word_1_6' title='bbox 296 338 474 406; x_wconf 70' lang='grc' dir='ltr'><strong><em>ἀποσταῖεν</em></strong></span> <span class='ocrx_word' id='word_1_7' title='bbox 494 349 555 406; x_wconf 85' lang='grc' dir='ltr'><strong><em>τοῦ</em></strong></span> <span class='ocrx_word' id='word_1_8' title='bbox 572 338 809 426; x_wconf 86' lang='grc' dir='ltr'><strong><em>κακουργεῖνῆ</em></strong></span> <span class='ocrx_word' id='word_1_9' title='bbox 828 342 931 406; x_wconf 86' lang='grc' dir='ltr'><strong><em>κακόν</em></strong></span> <span class='ocrx_word' id='word_1_10' title='bbox 949 361 982 404; x_wconf 92' lang='grc' dir='ltr'><strong><em>τι</em></strong></span> <span class='ocrx_word' id='word_1_11' title='bbox 999 339 1164 422; x_wconf 87' lang='grc' dir='ltr'><strong><em>πράττειν,</em></strong></span> <span class='ocrx_word' id='word_1_12' title='bbox 1277 330 1278 422; x_wconf 67' lang='grc' dir='ltr'><strong><em>λ</em></strong></span> 
     </span>
    </p>
   </div>
   <div class='ocr_carea' id='block_1_3' title="bbox 99 440 1282 2436">
    <p class='ocr_par' dir='ltr' id='par_1_3' title="bbox 99 440 1282 2436">
     <span class='ocr_line' id='line_1_3' title="bbox 155 440 1247 531; baseline -0.001 -24"><span class='ocrx_word' id='word_1_13' title='bbox 155 444 212 520; x_wconf 86' lang='grc' dir='ltr'><strong><em>τάς</em></strong></span> <span class='ocrx_word' id='word_1_14' title='bbox 239 445 363 528; x_wconf 79' lang='grc' dir='ltr'><em>βλάβας</em></span> <span class='ocrx_word' id='word_1_15' title='bbox 389 443 444 511; x_wconf 76' lang='grc' dir='ltr'><strong><em>καὶ</em></strong></span> <span class='ocrx_word' id='word_1_16' title='bbox 471 447 528 523; x_wconf 83' lang='grc' dir='ltr'><strong><em>τὰς</em></strong></span> <span class='ocrx_word' id='word_1_17' title='bbox 556 449 668 531; x_wconf 87' lang='grc' dir='ltr'><strong><em>ζημιάς</em></strong></span> <span class='ocrx_word' id='word_1_18' title='bbox 694 447 752 523; x_wconf 79' lang='grc' dir='ltr'><strong><em>τὰς</em></strong></span> <span class='ocrx_word' id='word_1_19' title='bbox 778 442 831 511; x_wconf 78' lang='grc' dir='ltr'><strong><em>ἐπὶ</em></strong></span> <span class='ocrx_word' id='word_1_20' title='bbox 857 445 989 521; x_wconf 78' lang='grc' dir='ltr'><strong><em>τούτοις</em></strong></span> <span class='ocrx_word' id='word_1_21' title='bbox 1015 440 1166 526; x_wconf 79' lang='grc' dir='ltr'><strong><em>κειμένας</em></strong></span> <span class='ocrx_word' id='word_1_22' title='bbox 1245 521 1247 526; x_wconf 23' lang='grc' dir='ltr'>Ι</span> 
     </span>
     <span class='ocr_line' id='line_1_4' title="bbox 155 543 1163 636; baseline -0.001 -23"><span class='ocrx_word' id='word_1_23' title='bbox 155 547 372 633; x_wconf 77' lang='grc' dir='ltr'><strong><em>φοβηθέντες,</em></strong></span> <span class='ocrx_word' id='word_1_24' title='bbox 391 546 465 618; x_wconf 75' lang='grc' dir='ltr'><strong><em>ἔσθ’</em></strong></span> <span class='ocrx_word' id='word_1_25' title='bbox 481 551 500 617; x_wconf 82' lang='grc' dir='ltr'>ὅ</span> <span class='ocrx_word' id='word_1_26' title='bbox 518 576 550 617; x_wconf 91' lang='grc' dir='ltr'><strong><em>τι</em></strong></span> <span class='ocrx_word' id='word_1_27' title='bbox 569 553 689 618; x_wconf 87' lang='grc' dir='ltr'><strong><em>κωλύει</em></strong></span> <span class='ocrx_word' id='word_1_28' title='bbox 705 552 766 636; x_wconf 84' lang='grc' dir='ltr'><strong><em>την</em></strong></span> <span class='ocrx_word' id='word_1_29' title='bbox 780 553 878 618; x_wconf 84' lang='grc' dir='ltr'><strong><em>πόλιν</em></strong></span> <span class='ocrx_word' id='word_1_30' title='bbox 891 552 1049 635; x_wconf 79' lang='grc' dir='ltr'><strong><em>μεγίστην</em></strong></span> <span class='ocrx_word' id='word_1_31' title='bbox 1062 543 1163 626; x_wconf 78' lang='grc' dir='ltr'><strong><em>εἶναις</em></strong></span> 
     </span>
     <span class='ocr_line' id='line_1_5' title="bbox 155 652 1280 742; baseline -0.001 -23"><span class='ocrx_word' id='word_1_32' title='bbox 155 655 196 720; x_wconf 87' lang='grc' dir='ltr'><strong><em>οὐ</em></strong></span> <span class='ocrx_word' id='word_1_33' title='bbox 219 658 363 740; x_wconf 82' lang='grc' dir='ltr'><strong><em>τριηρεις</em></strong></span> <span class='ocrx_word' id='word_1_34' title='bbox 385 658 465 736; x_wconf 86' lang='grc' dir='ltr'><strong><em>ὅσας</em></strong></span> <span class='ocrx_word' id='word_1_35' title='bbox 487 655 615 742; x_wconf 85' lang='grc' dir='ltr'><strong><em>οὐδεμί’</em></strong></span> <span class='ocrx_word' id='word_1_36' title='bbox 641 659 736 742; x_wconf 83' lang='grc' dir='ltr'><strong><em>[άλλη</em></strong></span> <span class='ocrx_word' id='word_1_37' title='bbox 755 659 863 740; x_wconf 90' lang='grc' dir='ltr'><strong><em>πόλις]</em></strong></span> <span class='ocrx_word' id='word_1_38' title='bbox 883 653 1035 741; x_wconf 82' lang='grc' dir='ltr'><strong><em>Ἑλληνίς</em></strong></span> <span class='ocrx_word' id='word_1_39' title='bbox 1052 652 1164 737; x_wconf 88' lang='grc' dir='ltr'><strong><em>κέκτη-</em></strong></span> <span class='ocrx_word' id='word_1_40' title='bbox 1279 687 1280 738; x_wconf 62' lang='grc' dir='ltr'><strong><em>ρ</em></strong></span> 
     </span>
     <span class='ocr_line' id='line_1_6' title="bbox 153 761 1219 849; baseline 0.001 -24"><span class='ocrx_word' id='word_1_41' title='bbox 153 783 221 840; x_wconf 74' lang='grc' dir='ltr'><strong><em>ταις</em></strong></span> <span class='ocrx_word' id='word_1_42' title='bbox 242 762 303 846; x_wconf 82' lang='grc' dir='ltr'><strong><em>οὐχ</em></strong></span> <span class='ocrx_word' id='word_1_43' title='bbox 318 761 465 843; x_wconf 78' lang='grc' dir='ltr'><strong><em>δπλίταςς</em></strong></span> <span class='ocrx_word' id='word_1_44' title='bbox 485 764 546 849; x_wconf 83' lang='grc' dir='ltr'><strong><em>οὐχ</em></strong></span> <span class='ocrx_word' id='word_1_45' title='bbox 561 763 689 843; x_wconf 86' lang='grc' dir='ltr'><strong><em>ίππέας;</em></strong></span> <span class='ocrx_word' id='word_1_46' title='bbox 710 765 751 831; x_wconf 91' lang='grc' dir='ltr'><strong><em>ού</em></strong></span> <span class='ocrx_word' id='word_1_47' title='bbox 765 764 967 846; x_wconf 76' lang='grc' dir='ltr'><strong><em>προσόδουςς</em></strong></span> <span class='ocrx_word' id='word_1_48' title='bbox 983 761 1025 829; x_wconf 85' lang='grc' dir='ltr'><strong><em>οὐ</em></strong></span> <span class='ocrx_word' id='word_1_49' title='bbox 1038 762 1156 840; x_wconf 74' lang='grc' dir='ltr'><strong><em>τύπους</em></strong></span> <span class='ocrx_word' id='word_1_50' title='bbox 1166 768 1219 848; x_wconf 79' lang='lat'>⁷⁶⁷.</span> 
     </span>
     <span class='ocr_line' id='line_1_7' title="bbox 154 865 1281 957; baseline 0 -25"><span class='ocrx_word' id='word_1_51' title='bbox 154 866 196 933; x_wconf 88' lang='grc' dir='ltr'><strong><em>οὐ</em></strong></span> <span class='ocrx_word' id='word_1_52' title='bbox 219 865 367 951; x_wconf 77' lang='grc' dir='ltr'><strong><em>λιμέναςς</em></strong></span> <span class='ocrx_word' id='word_1_53' title='bbox 395 878 498 936; x_wconf 88' lang='grc' dir='ltr'><strong><em>ταῦτα</em></strong></span> <span class='ocrx_word' id='word_1_54' title='bbox 522 867 559 936; x_wconf 76' lang='grc' dir='ltr'><strong><em>δδ</em></strong></span> <span class='ocrx_word' id='word_1_55' title='bbox 581 869 689 935; x_wconf 89' lang='grc' dir='ltr'><strong><em>πάντα</em></strong></span> <span class='ocrx_word' id='word_1_56' title='bbox 710 871 747 934; x_wconf 92' lang='grc' dir='ltr'><strong><em>τί</em></strong></span> <span class='ocrx_word' id='word_1_57' title='bbox 765 866 859 957; x_wconf 75' lang='grc' dir='ltr'><strong><em>σῴζει</em></strong></span> <span class='ocrx_word' id='word_1_58' title='bbox 881 866 937 934; x_wconf 81' lang='grc' dir='ltr'><strong><em>καὶ</em></strong></span> <span class='ocrx_word' id='word_1_59' title='bbox 960 867 1105 952; x_wconf 75' lang='grc' dir='ltr'><strong><em>συνίηεις</em></strong></span> <span class='ocrx_word' id='word_1_60' title='bbox 1132 867 1167 933; x_wconf 89' lang='grc' dir='ltr'><strong><em>οί</em></strong></span> <span class='ocrx_word' id='word_1_61' title='bbox 1280 866 1281 910; x_wconf 58' lang='lat'>¹</span> 
     </span>
     <span class='ocr_line' id='line_1_8' title="bbox 153 972 1282 1064; baseline 0.002 -27"><span class='ocrx_word' id='word_1_62' title='bbox 153 974 263 1057; x_wconf 86' lang='grc' dir='ltr'><strong><em>νόμοι·</em></strong></span> <span class='ocrx_word' id='word_1_63' title='bbox 286 975 368 1039; x_wconf 80' lang='grc' dir='ltr'><strong><em>κατὰ</em></strong></span> <span class='ocrx_word' id='word_1_64' title='bbox 391 976 454 1058; x_wconf 84' lang='grc' dir='ltr'><strong><em>γάρ</em></strong></span> <span class='ocrx_word' id='word_1_65' title='bbox 476 976 616 1052; x_wconf 87' lang='grc' dir='ltr'><strong><em>τούτους</em></strong></span> <span class='ocrx_word' id='word_1_66' title='bbox 636 975 738 1059; x_wconf 81' lang='grc' dir='ltr'><strong><em>οὔσης</em></strong></span> <span class='ocrx_word' id='word_1_67' title='bbox 757 984 814 1059; x_wconf 78' lang='grc' dir='ltr'><strong><em>τῆς</em></strong></span> <span class='ocrx_word' id='word_1_68' title='bbox 831 975 997 1050; x_wconf 77' lang='grc' dir='ltr'><strong><em>πολιτείας</em></strong></span> <span class='ocrx_word' id='word_1_69' title='bbox 1015 972 1106 1040; x_wconf 81' lang='grc' dir='ltr'><strong><em>ἐστὶν</em></strong></span> <span class='ocrx_word' id='word_1_70' title='bbox 1123 974 1164 1039; x_wconf 87' lang='grc' dir='ltr'><strong><em>τά</em></strong></span> <span class='ocrx_word' id='word_1_71' title='bbox 1281 1046 1282 1064; x_wconf 20' lang='grc' dir='ltr'>ἢ</span> 
     </span>
     <span class='ocr_line' id='line_1_9' title="bbox 101 1071 1164 1170; baseline 0.008 -35"><span class='ocrx_word' id='word_1_72' title='bbox 101 1093 140 1136; x_wconf 80' lang='grc' dir='ltr'><strong><em>ιιι</em></strong></span> <span class='ocrx_word' id='word_1_73' title='bbox 154 1071 290 1144; x_wconf 84' lang='grc' dir='ltr'><strong><em>τοιαῦτα</em></strong></span> <span class='ocrx_word' id='word_1_74' title='bbox 311 1082 455 1164; x_wconf 76' lang='grc' dir='ltr'><strong><em>χρήσιμα</em></strong></span> <span class='ocrx_word' id='word_1_75' title='bbox 477 1090 523 1170; x_wconf 75' lang='grc' dir='ltr'><strong><em>ιφ</em></strong></span> <span class='ocrx_word' id='word_1_76' title='bbox 545 1089 655 1170; x_wconf 76' lang='grc' dir='ltr'><strong><em>κοινῷ.</em></strong></span> <span class='ocrx_word' id='word_1_77' title='bbox 700 1083 732 1146; x_wconf 87' lang='grc' dir='ltr'><strong><em>εί</em></strong></span> <span class='ocrx_word' id='word_1_78' title='bbox 753 1076 790 1146; x_wconf 79' lang='grc' dir='ltr'><strong><em>δδ</em></strong></span> <span class='ocrx_word' id='word_1_79' title='bbox 812 1079 1011 1147; x_wconf 82' lang='grc' dir='ltr'><strong><em>τούναντίον</em></strong></span> <span class='ocrx_word' id='word_1_80' title='bbox 1033 1078 1164 1162; x_wconf 81' lang='grc' dir='ltr'><strong><em>γένοιτο</em></strong></span> 
     </span>
     <span class='ocr_line' id='line_1_10' title="bbox 153 1182 1164 1271; baseline 0.003 -22"><span class='ocrx_word' id='word_1_81' title='bbox 153 1196 222 1262; x_wconf 91' lang='grc' dir='ltr'><strong><em>τοῖς</em></strong></span> <span class='ocrx_word' id='word_1_82' title='bbox 244 1195 399 1271; x_wconf 82' lang='grc' dir='ltr'><strong><em>χρηστοῖς</em></strong></span> <span class='ocrx_word' id='word_1_83' title='bbox 422 1182 482 1271; x_wconf 73' lang='grc' dir='ltr'><strong><em>μὲν</em></strong></span> <span class='ocrx_word' id='word_1_84' title='bbox 505 1184 582 1271; x_wconf 88' lang='grc' dir='ltr'><strong><em>μηδ’</em></strong></span> <span class='ocrx_word' id='word_1_85' title='bbox 610 1185 722 1252; x_wconf 84' lang='grc' dir='ltr'><strong><em>ὁτιοῦν</em></strong></span> <span class='ocrx_word' id='word_1_86' title='bbox 745 1185 858 1269; x_wconf 89' lang='grc' dir='ltr'><strong><em>πλέον,</em></strong></span> <span class='ocrx_word' id='word_1_87' title='bbox 880 1196 950 1263; x_wconf 86' lang='grc' dir='ltr'><strong><em>τοῖς</em></strong></span> <span class='ocrx_word' id='word_1_88' title='bbox 973 1182 1005 1250; x_wconf 88' lang='grc' dir='ltr'><strong><em>δ’</em></strong></span> <span class='ocrx_word' id='word_1_89' title='bbox 1031 1184 1164 1252; x_wconf 85' lang='grc' dir='ltr'><strong><em>άδικοῦ·</em></strong></span> 
     </span>
     <span class='ocr_line' id='line_1_11' title="bbox 154 1287 1164 1377; baseline 0 -21"><span class='ocrx_word' id='word_1_90' title='bbox 154 1307 209 1357; x_wconf 92' lang='grc' dir='ltr'><strong><em>σιν</em></strong></span> <span class='ocrx_word' id='word_1_91' title='bbox 240 1287 323 1356; x_wconf 76' lang='grc' dir='ltr'><strong><em>ἄδει’</em></strong></span> <span class='ocrx_word' id='word_1_92' title='bbox 357 1291 440 1375; x_wconf 81' lang='grc' dir='ltr'><strong><em>ὅσην</em></strong></span> <span class='ocrx_word' id='word_1_93' title='bbox 472 1293 676 1377; x_wconf 76' lang='grc' dir='ltr'><strong><em>Τιμοκράτης</em></strong></span> <span class='ocrx_word' id='word_1_94' title='bbox 708 1290 890 1377; x_wconf 81' lang='grc' dir='ltr'><strong><em>γέγραφεν,</em></strong></span> <span class='ocrx_word' id='word_1_95' title='bbox 920 1293 1008 1375; x_wconf 83' lang='grc' dir='ltr'><strong><em>πόση</em></strong></span> <span class='ocrx_word' id='word_1_96' title='bbox 1039 1293 1164 1376; x_wconf 79' lang='grc' dir='ltr'><strong><em>ταραχὴ</em></strong></span> 
     </span>
     <span class='ocr_line' id='line_1_12' title="bbox 152 1391 1164 1483; baseline 0 -19"><span class='ocrx_word' id='word_1_97' title='bbox 152 1394 273 1481; x_wconf 89' lang='grc' dir='ltr'><strong><em>γένοιτ’</em></strong></span> <span class='ocrx_word' id='word_1_98' title='bbox 300 1394 342 1462; x_wconf 84' lang='grc' dir='ltr'><strong><em>ἀν</em></strong></span> <span class='ocrx_word' id='word_1_99' title='bbox 365 1399 512 1476; x_wconf 78' lang='grc' dir='ltr'><strong><em>είκότωςς</em></strong></span> <span class='ocrx_word' id='word_1_100' title='bbox 541 1393 579 1464; x_wconf 84' lang='grc' dir='ltr'><strong><em>εὖ</em></strong></span> <span class='ocrx_word' id='word_1_101' title='bbox 602 1399 665 1483; x_wconf 85' lang='grc' dir='ltr'><strong><em>γάρ</em></strong></span> <span class='ocrx_word' id='word_1_102' title='bbox 689 1392 759 1464; x_wconf 77' lang='grc' dir='ltr'><strong><em>ίσθ’</em></strong></span> <span class='ocrx_word' id='word_1_103' title='bbox 785 1397 986 1464; x_wconf 82' lang='grc' dir='ltr'><strong><em>ὅτιτούτων</em></strong></span> <span class='ocrx_word' id='word_1_104' title='bbox 1009 1391 1057 1464; x_wconf 83' lang='grc' dir='ltr'><strong><em>άιν</em></strong></span> <span class='ocrx_word' id='word_1_105' title='bbox 1081 1396 1164 1476; x_wconf 83' lang='grc' dir='ltr'><strong><em>διεξ-</em></strong></span> 
     </span>
     <span class='ocr_line' id='line_1_13' title="bbox 152 1499 1162 1586; baseline 0.002 -20"><span class='ocrx_word' id='word_1_106' title='bbox 152 1507 263 1585; x_wconf 74' lang='grc' dir='ltr'><strong><em>ῆλθον</em></strong></span> <span class='ocrx_word' id='word_1_107' title='bbox 285 1501 474 1586; x_wconf 90' lang='grc' dir='ltr'><strong><em>κτημάτων,</em></strong></span> <span class='ocrx_word' id='word_1_108' title='bbox 502 1499 575 1568; x_wconf 88' lang='grc' dir='ltr'><strong><em>οὐδ’</em></strong></span> <span class='ocrx_word' id='word_1_109' title='bbox 603 1504 634 1569; x_wconf 87' lang='grc' dir='ltr'><strong><em>εί</em></strong></span> <span class='ocrx_word' id='word_1_110' title='bbox 660 1500 712 1580; x_wconf 81' lang='grc' dir='ltr'><strong><em>δὶς</em></strong></span> <span class='ocrx_word' id='word_1_111' title='bbox 733 1499 863 1586; x_wconf 74' lang='grc' dir='ltr'><strong><em>γένοιθ’</em></strong></span> <span class='ocrx_word' id='word_1_112' title='bbox 890 1504 952 1569; x_wconf 82' lang='grc' dir='ltr'><strong><em>ὅσα</em></strong></span> <span class='ocrx_word' id='word_1_113' title='bbox 974 1512 1039 1568; x_wconf 87' lang='grc' dir='ltr'><strong><em>νῦν</em></strong></span> <span class='ocrx_word' id='word_1_114' title='bbox 1062 1501 1162 1586; x_wconf 78' lang='grc' dir='ltr'><strong><em>ἐστιν,</em></strong></span> 
     </span>
     <span class='ocr_line' id='line_1_14' title="bbox 154 1602 1162 1698; baseline 0.001 -24"><span class='ocrx_word' id='word_1_115' title='bbox 154 1605 227 1674; x_wconf 90' lang='grc' dir='ltr'><strong><em>οὐδ’</em></strong></span> <span class='ocrx_word' id='word_1_116' title='bbox 259 1607 373 1674; x_wconf 85' lang='grc' dir='ltr'><strong><em>ὁτιοῦν</em></strong></span> <span class='ocrx_word' id='word_1_117' title='bbox 400 1605 442 1672; x_wconf 83' lang='grc' dir='ltr'><strong><em>ἀν</em></strong></span> <span class='ocrx_word' id='word_1_118' title='bbox 469 1609 590 1691; x_wconf 79' lang='grc' dir='ltr'><strong><em>ὄφελος</em></strong></span> <span class='ocrx_word' id='word_1_119' title='bbox 616 1614 676 1692; x_wconf 86' lang='grc' dir='ltr'><strong><em>εῖη.</em></strong></span> <span class='ocrx_word' id='word_1_120' title='bbox 723 1602 820 1685; x_wconf 82' lang='grc' dir='ltr'><strong><em>οὗτος</em></strong></span> <span class='ocrx_word' id='word_1_121' title='bbox 847 1612 965 1675; x_wconf 88' lang='grc' dir='ltr'><strong><em>τοίνυν</em></strong></span> <span class='ocrx_word' id='word_1_122' title='bbox 992 1608 1162 1698; x_wconf 76' lang='grc' dir='ltr'><strong><em>ἐντούτῳ</em></strong></span> 
     </span>
     <span class='ocr_line' id='line_1_15' title="bbox 123 1709 1159 1800; baseline 0.001 -21"><span class='ocrx_word' id='word_1_123' title='bbox 123 1745 126 1754; x_wconf 91' lang='grc'><strong><em>·</em></strong></span> <span class='ocrx_word' id='word_1_124' title='bbox 152 1725 220 1779; x_wconf 81' lang='grc' dir='ltr'><strong><em>τῶν</em></strong></span> <span class='ocrx_word' id='word_1_125' title='bbox 242 1716 355 1799; x_wconf 87' lang='grc' dir='ltr'><strong><em>νόμων</em></strong></span> <span class='ocrx_word' id='word_1_126' title='bbox 379 1716 532 1797; x_wconf 88' lang='grc' dir='ltr'><strong><em>φαίνεται</em></strong></span> <span class='ocrx_word' id='word_1_127' title='bbox 554 1724 660 1791; x_wconf 80' lang='grc' dir='ltr'><strong><em>κακῶς</em></strong></span> <span class='ocrx_word' id='word_1_128' title='bbox 678 1713 852 1800; x_wconf 80' lang='grc' dir='ltr'><strong><em>ἐπιχειρῶν</em></strong></span> <span class='ocrx_word' id='word_1_129' title='bbox 869 1714 955 1800; x_wconf 81' lang='grc' dir='ltr'><strong><em>ὑμᾶς</em></strong></span> <span class='ocrx_word' id='word_1_130' title='bbox 972 1724 1092 1798; x_wconf 84' lang='grc' dir='ltr'><strong><em>ποιεῖν,</em></strong></span> <span class='ocrx_word' id='word_1_131' title='bbox 1116 1709 1159 1780; x_wconf 92' lang='grc' dir='ltr'><strong><em>δι’</em></strong></span> 
     </span>
     <span class='ocr_line' id='line_1_16' title="bbox 153 1814 1030 1905; baseline 0.001 -20"><span class='ocrx_word' id='word_1_132' title='bbox 153 1814 195 1886; x_wconf 86' lang='grc' dir='ltr'><strong><em>οὗ</em></strong></span> <span class='ocrx_word' id='word_1_133' title='bbox 217 1830 286 1897; x_wconf 90' lang='grc' dir='ltr'><strong><em>τοῖς</em></strong></span> <span class='ocrx_word' id='word_1_134' title='bbox 309 1820 436 1886; x_wconf 79' lang='grc' dir='ltr'><strong><em>ἀδικεῖν</em></strong></span> <span class='ocrx_word' id='word_1_135' title='bbox 458 1819 681 1903; x_wconf 79' lang='grc' dir='ltr'><strong><em>ἐπιχειροῦσιν</em></strong></span> <span class='ocrx_word' id='word_1_136' title='bbox 704 1818 789 1886; x_wconf 80' lang='grc' dir='ltr'><strong><em>είσὶν</em></strong></span> <span class='ocrx_word' id='word_1_137' title='bbox 811 1820 850 1885; x_wconf 91' lang='grc' dir='ltr'><strong><em>αί</em></strong></span> <span class='ocrx_word' id='word_1_138' title='bbox 868 1823 1030 1905; x_wconf 83' lang='grc' dir='ltr'><strong><em>τιμωρίαι.</em></strong></span> 
     </span>
     <span class='ocr_line' id='line_1_17' title="bbox 99 1921 1162 2012; baseline 0.001 -21"><span class='ocrx_word' id='word_1_139' title='bbox 99 1941 139 1983; x_wconf 76' lang='lat'><strong><em>¹1⁸</em></strong></span> <span class='ocrx_word' id='word_1_140' title='bbox 242 1927 385 1992; x_wconf 87' lang='grc' dir='ltr'><strong><em>Πάντων</em></strong></span> <span class='ocrx_word' id='word_1_141' title='bbox 404 1921 466 1992; x_wconf 85' lang='grc' dir='ltr'><strong><em>οὖν</em></strong></span> <span class='ocrx_word' id='word_1_142' title='bbox 485 1927 593 1992; x_wconf 81' lang='grc' dir='ltr'><strong><em>εἵνεκα</em></strong></span> <span class='ocrx_word' id='word_1_143' title='bbox 611 1937 677 1990; x_wconf 86' lang='grc' dir='ltr'><strong><em>τῶν</em></strong></span> <span class='ocrx_word' id='word_1_144' title='bbox 696 1925 879 2010; x_wconf 82' lang='grc' dir='ltr'><strong><em>εἰρημένων</em></strong></span> <span class='ocrx_word' id='word_1_145' title='bbox 896 1925 988 2004; x_wconf 82' lang='grc' dir='ltr'><strong><em>ἀξιον</em></strong></span> <span class='ocrx_word' id='word_1_146' title='bbox 1002 1927 1162 2012; x_wconf 71' lang='grc' dir='ltr'><strong><em>ὀργισθῆ-</em></strong></span> 
     </span>
     <span class='ocr_line' id='line_1_18' title="bbox 152 2029 1163 2117; baseline -0.002 -19"><span class='ocrx_word' id='word_1_147' title='bbox 152 2056 208 2098; x_wconf 89' lang='grc' dir='ltr'><strong><em>ναι</em></strong></span> <span class='ocrx_word' id='word_1_148' title='bbox 234 2029 289 2098; x_wconf 84' lang='grc' dir='ltr'><strong><em>καὶ</em></strong></span> <span class='ocrx_word' id='word_1_149' title='bbox 315 2033 453 2098; x_wconf 79' lang='grc' dir='ltr'><strong><em>κολάσαι</em></strong></span> <span class='ocrx_word' id='word_1_150' title='bbox 478 2030 533 2098; x_wconf 80' lang='grc' dir='ltr'><strong><em>καὶ</em></strong></span> <span class='ocrx_word' id='word_1_151' title='bbox 556 2032 763 2117; x_wconf 90' lang='grc' dir='ltr'><strong><em>παράδειγμα</em></strong></span> <span class='ocrx_word' id='word_1_152' title='bbox 785 2041 921 2115; x_wconf 81' lang='grc' dir='ltr'><strong><em>ποιῆσαι</em></strong></span> <span class='ocrx_word' id='word_1_153' title='bbox 943 2042 1013 2108; x_wconf 87' lang='grc' dir='ltr'><strong><em>τοῖς</em></strong></span> <span class='ocrx_word' id='word_1_154' title='bbox 1036 2033 1163 2109; x_wconf 82' lang='grc' dir='ltr'><strong><em>ἀλλοις·</em></strong></span> 
     </span>
     <span class='ocr_line' id='line_1_19' title="bbox 152 2135 1162 2223; baseline -0.001 -18"><span class='ocrx_word' id='word_1_155' title='bbox 152 2140 197 2216; x_wconf 80' lang='grc' dir='ltr'><strong><em>ὡς</em></strong></span> <span class='ocrx_word' id='word_1_156' title='bbox 219 2141 256 2205; x_wconf 88' lang='grc' dir='ltr'><strong><em>τὸ</em></strong></span> <span class='ocrx_word' id='word_1_157' title='bbox 279 2139 392 2222; x_wconf 87' lang='grc' dir='ltr'><strong><em>πράως</em></strong></span> <span class='ocrx_word' id='word_1_158' title='bbox 414 2140 500 2223; x_wconf 81' lang='grc' dir='ltr'><strong><em>ἔχειν</em></strong></span> <span class='ocrx_word' id='word_1_159' title='bbox 519 2147 588 2214; x_wconf 88' lang='grc' dir='ltr'><strong><em>τοῖς</em></strong></span> <span class='ocrx_word' id='word_1_160' title='bbox 605 2138 779 2220; x_wconf 81' lang='grc' dir='ltr'><strong><em>τοιούτοις,</em></strong></span> <span class='ocrx_word' id='word_1_161' title='bbox 801 2135 857 2202; x_wconf 82' lang='grc' dir='ltr'><strong><em>καί</em></strong></span> <span class='ocrx_word' id='word_1_162' title='bbox 875 2141 1162 2221; x_wconf 75' lang='grc' dir='ltr'><strong><em>καταψηφίζεσθαι</em></strong></span> 
     </span>
     <span class='ocr_line' id='line_1_20' title="bbox 152 2239 1159 2330; baseline 0 -20"><span class='ocrx_word' id='word_1_163' title='bbox 152 2244 229 2330; x_wconf 86' lang='grc' dir='ltr'><strong><em>μίν,</em></strong></span> <span class='ocrx_word' id='word_1_164' title='bbox 255 2245 371 2328; x_wconf 82' lang='grc' dir='ltr'><strong><em>ὀλίγον</em></strong></span> <span class='ocrx_word' id='word_1_165' title='bbox 399 2241 435 2310; x_wconf 72' lang='grc' dir='ltr'><strong><em>δὲ</em></strong></span> <span class='ocrx_word' id='word_1_166' title='bbox 463 2253 576 2328; x_wconf 87' lang='grc' dir='ltr'><strong><em>τιμᾶν,</em></strong></span> <span class='ocrx_word' id='word_1_167' title='bbox 606 2244 728 2329; x_wconf 79' lang='grc' dir='ltr'><strong><em>ἐθίζειν</em></strong></span> <span class='ocrx_word' id='word_1_168' title='bbox 755 2240 810 2308; x_wconf 77' lang='grc' dir='ltr'><strong><em>καί</em></strong></span> <span class='ocrx_word' id='word_1_169' title='bbox 832 2243 1070 2330; x_wconf 78' lang='grc' dir='ltr'><strong><em>προδιδάσκειν</em></strong></span> <span class='ocrx_word' id='word_1_170' title='bbox 1093 2239 1159 2310; x_wconf 83' lang='grc' dir='ltr'><strong><em>ἔστ’</em></strong></span> 
     </span>
     <span class='ocr_line' id='line_1_21' title="bbox 153 2343 658 2436; baseline -0.006 -19"><span class='ocrx_word' id='word_1_171' title='bbox 153 2351 280 2417; x_wconf 84' lang='grc' dir='ltr'><strong><em>ἀδικεῖν</em></strong></span> <span class='ocrx_word' id='word_1_172' title='bbox 301 2343 386 2436; x_wconf 84' lang='grc' dir='ltr'><strong><em>ὑμᾶς</em></strong></span> <span class='ocrx_word' id='word_1_173' title='bbox 408 2351 453 2429; x_wconf 80' lang='grc' dir='ltr'><strong><em>ὡς</em></strong></span> <span class='ocrx_word' id='word_1_174' title='bbox 475 2352 658 2427; x_wconf 82' lang='grc' dir='ltr'><strong><em>πλείστους.</em></strong></span> 
     </span>
    </p>
   </div>
   <div class='ocr_carea' id='block_1_4' title="bbox 605 2773 707 2840">
    <p class='ocr_par' dir='ltr' id='par_1_4' title="bbox 605 2773 707 2840">
     <span class='ocr_line' id='line_1_22' title="bbox 605 2773 707 2840; baseline -0.02 1"><span class='ocrx_word' id='word_1_175' title='bbox 605 2773 707 2840; x_wconf 89' lang='lat' dir='ltr'>XXV.</span> 
     </span>
    </p>
   </div>
   <div class='ocr_carea' id='block_1_5' title="bbox 315 2930 994 3138">
    <p class='ocr_par' dir='ltr' id='par_1_5' title="bbox 315 2930 994 3138">
     <span class='ocr_line' id='line_1_23' title="bbox 315 2930 994 3008; baseline 0 0"><span class='ocrx_word' id='word_1_176' title='bbox 315 2933 440 3008; x_wconf 84' lang='lat' dir='ltr'>KA&#39;P&#39;</span> <span class='ocrx_word' id='word_1_177' title='bbox 465 2930 923 3008; x_wconf 84' lang='grc' dir='ltr'>ΑΡΙΣΤΟΓΕΙΤΟΝΟΣ</span> <span class='ocrx_word' id='word_1_178' title='bbox 948 2935 994 3008; x_wconf 87' lang='grc' dir='ltr'><strong><em>Α.</em></strong></span> 
     </span>
     <span class='ocr_line' id='line_1_24' title="bbox 565 3070 739 3138; baseline 0 -17"><span class='ocrx_word' id='word_1_179' title='bbox 565 3070 739 3138; x_wconf 72' lang='grc' dir='ltr'><strong><em>(κεκαεεῐ)</em></strong></span> 
     </span>
    </p>
   </div>
   <div class='ocr_carea' id='block_1_6' title="bbox 152 3211 1271 3613">
    <p class='ocr_par' dir='ltr' id='par_1_6' title="bbox 152 3211 1271 3613">
     <span class='ocr_line' id='line_1_25' title="bbox 538 3211 769 3264; baseline 0.004 -2"><span class='ocrx_word' id='word_1_180' title='bbox 538 3211 769 3264; x_wconf 80' lang='grc' dir='ltr'><strong>ΤΠΟΘΕΣῙΣ.</strong></span> 
     </span>
     <span class='ocr_line' id='line_1_26' title="bbox 240 3317 1271 3405; baseline -0.001 -20"><span class='ocrx_word' id='word_1_181' title='bbox 240 3323 435 3405; x_wconf 86' lang='grc' dir='ltr'><strong><em>Πυθάγγελος</em></strong></span> <span class='ocrx_word' id='word_1_182' title='bbox 467 3322 517 3384; x_wconf 77' lang='grc' dir='ltr'><strong><em>καί</em></strong></span> <span class='ocrx_word' id='word_1_183' title='bbox 548 3323 682 3401; x_wconf 88' lang='grc' dir='ltr'><strong><em>Σκάφων</em></strong></span> <span class='ocrx_word' id='word_1_184' title='bbox 714 3321 825 3395; x_wconf 83' lang='grc' dir='ltr'><strong><em>ἰδόντες</em></strong></span> <span class='ocrx_word' id='word_1_185' title='bbox 853 3318 995 3404; x_wconf 85' lang='grc' dir='ltr'><strong><em>Ἱεροκλέα</em></strong></span> <span class='ocrx_word' id='word_1_186' title='bbox 1027 3317 1156 3401; x_wconf 79' lang='grc' dir='ltr'><strong><em>φέρονθ’</em></strong></span> <span class='ocrx_word' id='word_1_187' title='bbox 1267 3360 1271 3377; x_wconf 82' lang='lat'><strong>·</strong></span> 
     </span>
     <span class='ocr_line' id='line_1_27' title="bbox 152 3412 1267 3502; baseline 0 -20"><span class='ocrx_word' id='word_1_188' title='bbox 152 3422 213 3502; x_wconf 87' lang='grc' dir='ltr'><strong><em>ίερά</em></strong></span> <span class='ocrx_word' id='word_1_189' title='bbox 238 3423 347 3502; x_wconf 82' lang='grc' dir='ltr'><strong><em>ἱμάτια,</em></strong></span> <span class='ocrx_word' id='word_1_190' title='bbox 369 3416 418 3499; x_wconf 79' lang='grc' dir='ltr'><strong><em>ἐφ’</em></strong></span> <span class='ocrx_word' id='word_1_191' title='bbox 439 3415 484 3494; x_wconf 77' lang='grc' dir='ltr'><strong><em>οἷς</em></strong></span> <span class='ocrx_word' id='word_1_192' title='bbox 506 3420 557 3482; x_wconf 77' lang='grc' dir='ltr'><strong><em>καί</em></strong></span> <span class='ocrx_word' id='word_1_193' title='bbox 579 3431 670 3502; x_wconf 78' lang='grc' dir='ltr'><strong><em>χρυσᾶ</em></strong></span> <span class='ocrx_word' id='word_1_194' title='bbox 693 3413 837 3502; x_wconf 89' lang='grc' dir='ltr'><strong><em>γράμματ’</em></strong></span> <span class='ocrx_word' id='word_1_195' title='bbox 858 3412 897 3499; x_wconf 77' lang='grc' dir='ltr'><strong><em>ἦν</em></strong></span> <span class='ocrx_word' id='word_1_196' title='bbox 921 3420 1067 3498; x_wconf 80' lang='grc' dir='ltr'><strong><em>δηλοῦντα</em></strong></span> <span class='ocrx_word' id='word_1_197' title='bbox 1089 3419 1159 3493; x_wconf 84' lang='grc' dir='ltr'><strong><em>τοὺς</em></strong></span> <span class='ocrx_word' id='word_1_198' title='bbox 1261 3420 1267 3431; x_wconf 87' lang='lat'>&#39;</span> 
     </span>
     <span class='ocr_line' id='line_1_28' title="bbox 152 3514 1160 3613; baseline 0.003 -38"><span class='ocrx_word' id='word_1_199' title='bbox 152 3515 332 3613; x_wconf 82' lang='grc' dir='ltr'><strong><em>ἀναθέντας,</em></strong></span> <span class='ocrx_word' id='word_1_200' title='bbox 365 3515 511 3599; x_wconf 82' lang='grc' dir='ltr'><strong><em>ἀπάγουσι</em></strong></span> <span class='ocrx_word' id='word_1_201' title='bbox 542 3517 615 3600; x_wconf 85' lang='grc' dir='ltr'><strong><em>πρὸς</em></strong></span> <span class='ocrx_word' id='word_1_202' title='bbox 645 3518 713 3591; x_wconf 77' lang='grc' dir='ltr'><strong><em>τοὺς</em></strong></span> <span class='ocrx_word' id='word_1_203' title='bbox 742 3516 899 3598; x_wconf 85' lang='grc' dir='ltr'><strong><em>πρυτάνεις</em></strong></span> <span class='ocrx_word' id='word_1_204' title='bbox 929 3514 969 3590; x_wconf 75' lang='grc' dir='ltr'><strong><em>ὡς</em></strong></span> <span class='ocrx_word' id='word_1_205' title='bbox 997 3515 1160 3596; x_wconf 75' lang='grc' dir='ltr'><strong><em>ἱερόσυλον,</em></strong></span> 
     </span>
    </p>
   </div>
   <div class='ocr_carea' id='block_1_7' title="bbox 0 0 1300 3900">
    <p class='ocr_par' dir='ltr' id='par_1_7' title="bbox 0 0 1300 3900">
     <span class='ocr_line' id='line_1_29' title="bbox 0 0 1300 3900; baseline 0 2"><span class='ocrx_word' id='word_1_206' title='bbox 0 0 1300 3900; x_wconf 95' lang='lat' dir='ltr'><strong><em> </em></strong></span> 
     </span>
    </p>
   </div>
  </div>
 </body>
</html>
