2612 3918
235 176 299 242 100
545 181 617 232 XXI.
641 177 921 232 ΔΗΜΟΣΘΕΝΟΤΣ
1279 200 1280 276 ρ

232 335 304 405 οὐδ’
327 339 550 425 ὑπολαμβάνω
573 343 722 426 τιμήσειν
745 335 846 406 οὐδὲν
865 338 1038 415 ἐλάττονος
1056 339 1188 423 τοντςοί,
1215 329 1281 454 ἢὸή

232 446 313 511 ὅσον
341 447 496 523 καταθεὶς
519 444 633 513 οὑτοσί
655 447 813 511 παύσεται
835 455 892 529 τῆς
915 444 1054 528 ὕβρεως·
1085 451 1184 510 τοῦτο
1209 441 1247 507 δ’
1280 457 1281 464 ’

232 550 301 619 ἐστὶ
328 553 468 637 μάλιστα
495 547 556 637 μὲν
583 553 744 634 θάνατος,
774 553 805 619 εί
829 547 865 617 δὲ
888 552 949 635 μή,
977 551 1082 614 πάντα
1105 550 1144 614 τὰ
1168 548 1245 614 ὄντ’

232 657 424 742 ἀφελέσθαι.
471 654 577 725 ἔπειθ’
603 655 686 741 ὑπὲρ
713 670 781 724 τῶν
808 659 929 723 τούτου
957 662 1162 742 λῃτουργιῶν
1187 655 1249 721 καί
1281 659 1282 668 ²

230 775 299 830 τῶν
320 777 542 852 τριηραρχιῶν
564 763 618 830 καὶ
640 776 708 830 τῶν
730 766 892 831 τοιούτων
914 766 1023 847 λόγων
1041 760 1104 828 ὡδὶ
1121 763 1248 845 γιγνώ-

181 887 219 929 ιω
233 887 309 936 σκω,
351 874 383 937 εί
403 871 464 957 μέν
488 870 577 937 ἐστιν
600 867 627 936 ὦ
650 872 769 956 ἄνδρες
789 865 961 955 Ἀθηναῖοι
984 871 1020 934 τὸ
1045 874 1247 954 λῃτουργεῖν
1282 861 1283 864 “

233 985 346 1062 τοῦτο,
373 979 411 1044 τὸ
439 976 476 1043 ἐν
504 978 583 1062 ύμῖν
606 975 715 1060 λέγειν
738 976 775 1041 ἐν
798 975 939 1052 ἁπάσαις
960 986 1033 1052 ταῖς
1055 975 1247 1057 ἐκκλησίαις

232 1081 287 1148 καὶ
309 1093 478 1170 πανταχοῦ
501 1083 616 1168 ,ἡμεῖς
640 1083 675 1150 οί
695 1088 966 1170 λῃτουργοῦντες,
990 1081 1083 1166 ήμεῖς
1106 1082 1142 1146 οί
1159 1102 1245 1165 προ-

233 1188 443 1274 εισφέροντες
463 1189 553 1274 ύμῖν,
577 1189 669 1273 ήμεῖς
688 1188 723 1254 οί
738 1189 892 1253 πλούσιοι
912 1185 1073 1272 [ἐσμεν],“
1098 1188 1128 1251 εί
1144 1187 1181 1250 τὸ
1200 1187 1245 1251 τὰ

231 1304 367 1362 τοιαῦτα
389 1294 508 1379 λέγειν,
531 1289 622 1360 τοῦτ’
643 1298 733 1360 ἔστιν
755 1299 961 1381 λῃτουργεῖν,
985 1292 1137 1377 ὁμολογῶ
1156 1296 1244 1358 Μει·

234 1402 309 1467 δίαν
337 1400 491 1467 ἁπάντων
519 1412 586 1466 τῶν
614 1399 650 1466 ἐν
676 1408 715 1484 τῃ
739 1403 832 1465 πόλει
855 1402 1085 1485 λαμπρότατον
1106 1407 1244 1483 γεγενή-

233 1513 326 1573 σθαι·
347 1507 516 1574 ἀποκναίει
534 1508 598 1592 γδρ
618 1506 717 1593 ἀηδίᾳ
737 1507 845 1589 δήπου
864 1504 919 1571 καί
938 1504 1141 1591 ἀναισθησία
1158 1503 1239 1570 καθ’

181 1610 372 1698 ιεεὲκάστην
402 1614 464 1697 τήν
496 1612 671 1697 ἐκκλησίαν
703 1620 805 1677 ταῦτα
838 1609 951 1695 λέγων.
1003 1612 1035 1676 εί
1063 1608 1176 1695 μέντοι
1208 1616 1248 1677 τί

232 1714 303 1784 ποτ’
330 1717 420 1784 ἐστίν
447 1717 468 1784 δ
495 1722 673 1804 λῃτουργεῖ
696 1726 736 1802 τῃ
760 1717 901 1804 ἀληθεία
925 1718 978 1783 δεῖ
998 1727 1147 1800 σκοπεῖν,
1175 1717 1242 1801 ἐγὼ

232 1826 314 1909 πρὸς
341 1824 426 1909 ὑμᾶς
452 1822 532 1907 ἐρῶ,
559 1821 614 1889 καὶ
635 1818 801 1889 θεάσασθ’
827 1824 871 1900 ὡς
894 1825 1029 1900 δικαίως
1051 1823 1152 1889 αύτδν
1174 1823 1240 1903 ἐξε-

232 1930 336 2013 τάσω,
362 1932 444 2013 πρὸς
473 1929 614 2014 ἐμαυτὸν
641 1934 774 2012 κρίνων.
821 1925 918 2007 οὗτος
945 1925 971 1995 ὦ
999 1930 1119 2013 ἄνδρες
1142 1926 1242 2016 Ἀθη-
1289 2017 1290 2022 ¹

232 2047 321 2103 ναῖοι
339 2036 484 2120 γεγονὼς
503 2038 558 2120 ἐτη
577 2035 652 2123 περὶ
670 2034 861 2120 πεντήκοντ’
881 2043 959 2112 ἴσως
976 2034 997 2120 ή
1016 2037 1134 2121 μικρὸν
1148 2039 1240 2102 ἔλατ-

231 2165 301 2224 τον,
313 2137 413 2208 οὐδὲν
426 2141 507 2227 ἐμοῦ
521 2146 655 2219 πλείους
668 2147 865 2229 λῃτουργίας
876 2142 956 2227 ὑμῖν
966 2143 1239 2228 λελῃτούργηκεν,

233 2247 269 2325 ὃς
292 2249 353 2313 δύο
376 2245 431 2312 καὶ
453 2243 617 2333 τριάκοντ’
640 2251 694 2332 ἔτη
713 2248 843 2333 γέγονα.
879 2248 968 2331 κάγὼ
986 2244 1047 2331 μὲν
1065 2246 1134 2314 κατ’
1157 2249 1235 2315 ἐκεί-

231 2378 314 2430 νους
344 2357 423 2431 τοὺς
453 2357 595 2439 χρόνους
627 2352 880 2440 ἐτριηράρχουν,
913 2354 1017 2431 εὐθὺς
1047 2355 1083 2420 ἐκ
1108 2356 1239 2421 παίδων

232 2460 392 2544 ἐξελθών,
421 2461 473 2526 ὅτε
497 2457 614 2525 σύνδυ’
640 2455 723 2545 ήμεν
748 2461 783 2525 οί
801 2462 993 2545 τριήραρχοι
1015 2459 1071 2527 καί
1092 2461 1237 2528 τάναλώ-

233 2589 317 2651 ματα
344 2561 439 2631 πάντ’
465 2565 501 2632 ἐκ
527 2576 594 2631 τῶν
623 2567 718 2631 ίδίων
745 2564 800 2632 καί
827 2568 884 2644 τὰς
909 2575 992 2645 ναῦς
1014 2565 1236 2654 ἐπληρούμεθ’

181 2691 219 2732 ιεε
233 2672 343 2738 αὐτοί·
367 2667 464 2748 οὗτος
488 2670 533 2754 δ’,
557 2672 611 2737 ὅτε
633 2668 694 2756 μὲν
717 2673 798 2737 κατά
820 2673 945 2756 ταύτην
967 2675 1028 2756 τήν
1046 2674 1177 2757 ήλικίαν
1195 2671 1238 2760 ήν

232 2778 275 2862 ήν
297 2777 361 2861 ἐγὼ
384 2787 458 2861 νῦν,
483 2777 612 2844 οὐδέπω
637 2783 833 2864 λῃτουργεῖν
853 2779 981 2866 ήρχετο,
1004 2790 1182 2864 τηνικαῦτα
1200 2780 1236 2848 δέ

232 2893 292 2949 τοῦ
314 2884 502 2969 πράγματος
523 2879 635 2967 ήπται,
658 2884 711 2950 ὅτε
734 2896 866 2968 πρῶτον
889 2882 951 2970 μὲν
974 2887 1163 2964 διακοσίους
1182 2887 1236 2954 καὶ
1289 2865 1290 2900 ’

232 2993 358 3076 χιλίους
379 2992 575 3072 πεποιήκατε
599 2995 766 3068 συντελεῖς
788 2991 891 3076 ὑμεῖς,
914 2989 991 3078 παρ’
1018 2987 1065 3059 ὧν
1087 2995 1236 3078 είσπρατ-

233 3098 364 3181 τύμενοι
390 3096 552 3162 τάλαντον
579 3098 743 3163 ταλάντου
765 3104 926 3182 μισθοῦσι
948 3099 1004 3176 τὰς
1026 3103 1236 3185 τριηραρχίας

233 3197 336 3286 οὗτοι,
359 3198 429 3268 εἶτα
451 3199 649 3291 πληρώμαθ’
668 3203 689 3288 ή
712 3206 807 3282 πόλις
828 3205 961 3290 παρέχει
983 3203 1039 3271 καὶ
1060 3207 1159 3291 σκεύη
1179 3210 1270 3273 δίου

233 3313 351 3394 δωσιν,
379 3308 456 3377 ὥστ’
483 3311 592 3376 αὐτῶν
621 3310 721 3388 ἐνίοις
746 3320 785 3396 τῇ
809 3312 949 3398 ἀληθεία
972 3313 1008 3377 τὸ
1032 3308 1136 3398 μηδὲν
1159 3313 1234 3380 ἀνα-

233 3421 336 3482 λῶσαι
357 3415 414 3482 καί
435 3419 548 3483 δοκεῖν
570 3416 867 3502 λελῃτουργηκέναι
890 3416 944 3483 καὶ
967 3428 1033 3482 τῶν
1052 3419 1162 3485 ἄλλων
1180 3425 1233 3506 λῃ-

181 3533 396 3605 λειτουργιῶν
423 3523 547 3600 ἀτελεῖς
571 3529 770 3607 γεγενήσθαι
792 3525 965 3606 περίεστιν.
1011 3524 1094 3590 ἀλλὰ
1116 3526 1182 3610 μὴν
1202 3531 1237 3592 τί
