2938 4180
264 163 327 234 158
561 167 661 224 xxm.
684 168 963 224 Δεκοεοεκοεε

261 331 325 416 γάρ
353 330 465 419 ἐκείνφ
493 331 621 416 γράφας
648 332 717 415 ,,ἀν
743 355 793 410 τις
817 331 1029 415 ἀποκτείνῃιί,
1058 330 1119 414 τὴν
1141 329 1269 413 βουλὴν

263 436 405 516 δικάζειν
433 431 539 521 εἶπεν,
567 437 604 503 έν
631 433 668 503 δὲ
690 439 797 526 τούτω
819 439 879 504 τὸν
902 436 1116 522 ἀνδροφόνον
1138 453 1270 522 προσει-

261 543 345 626 πών,
368 542 389 608 δ
411 545 473 629 χρὴ
496 544 635 628 πάσχειν
657 549 801 630 εἴρηκεν·
825 539 866 610 οὗ
889 540 949 629 μὲν
971 545 1035 630 γδιρ
1057 538 1100 628 ἦν
1123 545 1211 608 αίτία
1230 544 1269 610 τὸ

261 658 407 734 πρᾶγμα,
428 650 490 734 τὴν
511 653 622 732 κρίσιν
645 655 785 734 είρηκεν,
810 645 851 717 οὗ
875 647 904 715 δ’
927 649 946 716 6
968 649 1070 727 ἁλοὺς
1092 652 1206 734 ἔνοχος
1223 657 1269 737 τῷ

261 758 468 841 προσρήματι
494 757 601 845 τούτῳ
626 756 823 840 καθέστηκε,
851 759 912 841 τὴν
935 759 1095 842 τιμωρίαν
1118 757 1269 838 ἔγραψεν.

262 859 336 946 περὶ
364 858 425 947 μὲν
452 863 494 947 δὴ
521 873 588 928 τῶν
615 861 807 930 ἑαλωκότων
835 861 877 928 δν
904 861 1004 947 λέγοι.
1050 861 1138 944 λέγει
1163 861 1199 928 δὲ
1222 864 1268 938 τίς

223 987 251 1028 ετ
262 967 410 1050 ,ἐξεῖναι
432 967 638 1036 ἀποκτείνειν
660 967 715 1036 καί
738 969 913 1053 ἀπάγειν“.
958 962 1010 1054 ἀρ’
1037 967 1082 1046 ώς
1104 967 1221 1045 αὑτόν;
1248 965 1269 1050 ἢ

262 1073 307 1149 ώς
334 1071 377 1138 δν
404 1075 567 1158 βούληταί
590 1098 654 1155 τις;
683 1079 808 1142 πολλοῦ
835 1100 873 1160 γε
898 1073 954 1142 καὶ
977 1075 1036 1140 δεί.
1082 1073 1165 1140 ἀλλὰ
1186 1084 1269 1150 πώς;

261 1179 329 1262 ,,ώς
352 1178 389 1246 ἐν
410 1188 455 1267 τῷ
479 1179 572 1260 άξονι
595 1183 744 1268 είρηται“
767 1183 881 1267 φησίν.
915 1191 1014 1248 τοῦτο
1039 1174 1071 1247 δ’
1091 1178 1161 1248 έστὶ
1180 1182 1226 1258 τίς
1251 1178 1269 1245 δ

260 1285 381 1363 πάντες
403 1285 574 1353 ἐπίστασθ’
595 1288 697 1373 ὑμεῖς.
734 1287 771 1355 ot
784 1287 989 1373 θεσμοθέται
1007 1288 1086 1364 τοὺς
1104 1284 1158 1354 ἐπὶ
1175 1288 1270 1374 φόνῳ

262 1392 449 1475 φεύγοντας
470 1394 581 1479 κύριοι
602 1396 739 1484 θανάτφ
765 1398 922 1480 ζημιώσαι
947 1397 1050 1478 [είσι],
1075 1391 1212 1460 καὶτὸν
1235 1392 1271 1457 ἐκ

262 1506 320 1583 τῆς
337 1496 509 1582 ἐκκλησίας
527 1497 667 1582 πέρυσιν
684 1501 805 1576 πάντες
822 1496 944 1584 ἑωρᾶτε
961 1497 1017 1564 ὑπ’
1036 1498 1172 1565 ἐκείνων
1190 1497 1270 1562 ἀπα·
1343 1502 1345 1506 ’

223 1602 392 1689 τεχθέντα
438 1605 482 1683 ώς
508 1605 648 1683 τούτους
671 1600 733 1672 οὖν
756 1605 895 1689 ἀπάγειν
918 1603 1013 1688 λέγει.
1059 1603 1211 1690 διαφέρει
1233 1600 1271 1670 δέ

261 1713 297 1775 τί
320 1720 418 1778 τοῦτο
446 1721 506 1778 τοῦ
534 1712 579 1790 ώς
605 1712 708 1778 αὑτὸν
735 1713 843 1797 ἀγεινς
872 1712 923 1778 ὅτι
951 1713 969 1777 6
997 1708 1058 1797 μὲν
1084 1711 1220 1794 ἀπάγων
1244 1705 1270 1776 ώ

261 1817 382 1904 ἄνδρες
410 1811 582 1902 Ἀθηναῖοι
614 1818 658 1896 ώς
689 1821 768 1897 τοὺς
796 1817 1014 1904 θεσμοθέτας,
1042 1820 1121 1894 τοὺς
1147 1819 1271 1902 νόμους

260 1926 398 2008 κνρίονς
424 1935 515 1991 ποιεῖ
539 1934 599 1992 τοῦ
627 1927 838 2012 δεδρακότος,
871 1924 889 1991 6
917 1922 947 1991 δ’
979 1924 1024 2002 ὡς
1050 1923 1153 1991 αὑτὸν
1179 1925 1271 2008 ἄγων
1382 1987 1383 1990 ,

262 2029 390 2098 εἀντόν.
426 2034 494 2097 ἐστι
518 2026 548 2097 δ’
570 2031 702 2109 ἐκείνως
724 2028 796 2118 μέν,
819 2031 864 2108 ώς
886 2032 904 2096 6
927 2033 1030 2115 νόμος
1051 2032 1170 2114 τάττει,
1193 2032 1270 2097 δοῦ-

261 2161 318 2203 ναι
341 2139 452 2222 δίκην,
480 2137 566 2203 οὕτω
591 2132 636 2219 δ’,
663 2138 708 2214 ώς
731 2136 749 2202 6
773 2138 885 2220 λαβὼν
907 2139 1070 2222 βούλεται.
1115 2141 1270 2202 πλεῖστον

263 2238 300 2309 δὲ
327 2244 436 2330 δήπου
465 2242 614 2330 διαφέρει
641 2244 700 2310 τὸν
722 2245 828 2328 νόμον
851 2244 968 2327 κύριον
990 2253 1048 2328 τῆς
1069 2241 1269 2329 τιμωρίαςῆ

223 2351 321 2415 εετδν
344 2349 469 2438 ἐχθρὸν
491 2352 675 2434 γίγνεσθαι.
721 2352 971 2434 ,λυμαίνεσθαι
995 2346 1058 2416 δέ“
1081 2339 1165 2435 φησί
1188 2351 1270 2434 ,,μή,

262 2452 339 2540 μηδ’
366 2455 544 2522 ἀποινᾶν“.
590 2465 692 2522 ταῦτα
715 2451 746 2521 δ’
772 2453 841 2522 ἐστὶ
863 2459 909 2533 τίς
937 2456 974 2522 τὸ
997 2453 1058 2541 μἐν
1081 2457 1122 2540 δὴ
1146 2456 1190 2541 μὴ
1214 2460 1270 2521 λν-
1379 2505 1383 2510 -

262 2564 442 2646 μαίνεσθαι
468 2563 638 2647 γνώριμον
666 2556 731 2627 οἶδ’
757 2563 808 2628 ὅτι
830 2571 910 2628 πᾶσι
933 2563 977 2647 μὴ
1000 2571 1197 2650 μαστιγοῦν,
1225 2563 1270 2647 μὴ

262 2670 345 2750 δεῖν,
369 2668 413 2754 μὴ
436 2669 476 2734 τά
499 2677 635 2734 τοιαῦτα
658 2679 766 2733 ποιεῖν
790 2667 887 2751 λέγει,
910 2664 1008 2734 τδιδδ
1029 2665 1104 2753 μηδ’
1127 2668 1271 2734 ἀποινᾶν

262 2770 345 2858 μηδὲ
363 2777 511 2860 χρήματα
529 2776 744 2858 πράττεσθαι·
764 2775 803 2839 τδι
820 2774 884 2857 γὰρ
902 2772 1038 2859 χρήματ’
1059 2773 1169 2840 ἄποιν’
1187 2775 1270 2840 ώνό-

223 2901 249 2940 ιε
262 2883 365 2965 μαζον
388 2881 423 2947 οί
443 2882 584 2945 παλαιοί.
628 2879 647 2945 6
670 2875 731 2964 μὲν
754 2881 795 2964 δὴ
818 2882 920 2964 νόμος
942 2878 1047 2958 οὕτως
1069 2881 1128 2948 τδν
1151 2880 1270 2967 ἀνδρο-

262 2990 371 3073 φόνον
398 2984 540 3052 καὶτὸν
566 2983 703 3069 ἡλωκόί
734 2986 799 3070 ἤδη
829 2986 984 3070 διώρισεν
1011 2987 1055 3065 ώς
1081 2987 1262 3055 κολαστέον
1271 2998 1323 3051 681

261 3092 316 3160 καὶ
340 3088 395 3176 οὗ,
421 3093 483 3176 τὴν
505 3100 566 3157 τοῦ
588 3095 796 3170 πεπονθότος
818 3093 921 3158 εἰπὼν
943 3094 1096 3178 πατρίδα,
1119 3093 1272 3180 καὶπερὶ

261 3209 322 3266 τοῦ
344 3193 459 3285 μηδέν’
482 3199 585 3264 ἄλλον
607 3200 732 3282 τρόπον
754 3197 775 3282 ἢ
798 3207 918 3266 τοῦτον
941 3197 1018 3283 μηδ’
1041 3199 1161 3266 ἄλλοθι
1183 3201 1271 3285 πλὴν

262 3303 397 3374 ἐνταῦθ’
434 3307 591 3391 ἄντικρυς
627 3310 767 3389 είρηκεν.
817 3304 835 3371 ὁ
868 3301 905 3370 δέ
936 3305 973 3370 τὸ
1005 3308 1160 3391 ψήφισμα
1191 3307 1271 3393 γρά-

264 3435 352 3494 φων,
380 3415 508 3478 πολλοῦ
529 3435 567 3495 γε
590 3413 657 3495 δεῖ,
685 3411 855 3495 διώρισεν,
884 3411 920 3489 ὅς
943 3434 980 3496 γε
1007 3413 1115 3477 πάντα
1140 3413 1271 3491 τούτοις

263 3510 409 3581 τάναντί’
444 3523 586 3602 είριγκεν·
632 3518 761 3601 γράψας
791 3519 855 3604 γάρ
888 3517 974 3601 ,,ἐάν
1009 3541 1059 3594 τις
1095 3517 1271 3606 ἀποκτείνῃ
