2614 3904
150 149 217 215 376
456 153 554 204 xm.
576 149 856 203 ΔΗΜΟΣΘΕΝΟΤΣ

151 309 227 395 περὶ
249 322 317 376 τῶν
339 311 464 390 αίπῶνς
488 307 561 396 ἐμοὶ
584 305 645 395 μέν
667 309 731 394 γάρ
749 305 852 386 οὐδὲν
870 306 912 374 ἂν
931 309 1026 376 δοκεῖ
1040 309 1177 373 τούτου
1279 381 1280 388 χ

151 420 262 502 μεῖξον
285 417 475 501 εὑρεθῆναι.
1279 491 1280 494 χ

125 541 138 583 ι
241 521 420 600 Σκέψασθε
447 525 563 589 τοίνυν
589 521 651 605 τὴν
678 521 866 604 ἀναίδειαν,
893 519 930 598 ὅς
956 513 990 602 γ’
1019 519 1056 584 ἐν
1083 529 1175 601 υμῖν

151 627 331 712 ἐτόλμησεν
357 631 478 712 εἰπεῖν,
506 629 551 705 ὡς
580 627 642 693 οὐκ
664 625 841 710 ἀποστερεῖ
860 623 894 711 μ’
920 623 987 712 δσςο
1010 630 1173 699 πλείονος

152 733 247 813 άξιόυ
264 733 333 799 ἐστι
352 734 527 818 ταλάντου,
545 731 600 799 καὶ
617 729 709 799 ταῦτ’
727 731 827 808 αὐτὸς
842 733 981 816 τίμησας
994 730 1056 796 οὐκ
1069 729 1172 807 όξιου

153 834 240 904 εἶναι
266 842 427 917 πλείονος.
472 842 508 905 τί
526 841 590 923 γὰρ
613 841 817 922 βουλόμενος
840 839 1012 922 δισχιλίων
1034 853 1172 916 προσω-
1279 831 1280 864 ³

153 947 236 1028 ρίσω
260 946 322 1028 τὴν
345 947 469 1026 οἰκίαν,
498 945 551 1010 ὅτι
575 945 633 1022 τδς
655 943 861 1028 ὀγδοήκοντα
883 952 968 1028 μνᾶς
990 941 1170 1022 ἐνεκάλεις,
1279 1009 1280 1036 ῃ

153 1055 187 1115 εί
201 1073 238 1134 γε
256 1052 293 1116 τὸ
312 1052 436 1134 χωρίον
454 1049 548 1130 άξιον
566 1045 609 1133 ἦν
627 1053 791 1132 πλείονος,
814 1043 886 1115 ἀλλ’
906 1048 969 1115 οὐκ
987 1047 1039 1114 ἐπὶ
1057 1053 1170 1137 τούτῳ

126 1152 208 1222 ικαὶ
230 1157 286 1232 τὰς
309 1156 471 1239 δισχιλίας
494 1155 629 1234 έτίδειςς
653 1154 673 1240 ἣ
698 1155 778 1220 ὅταν
800 1154 861 1239 μέν
884 1170 937 1220 σοι
957 1155 1038 1239 δοκῃ
1057 1155 1170 1218 πάντα
1279 1149 1280 1166 ³

152 1263 193 1326 τά
217 1258 362 1344 Ἀφόβου
390 1259 578 1348 διασῴζειν,
605 1263 643 1326 τό
669 1281 705 1326 τε
731 1262 855 1345 χωρίον
882 1262 974 1326 ἔσται
1000 1260 1171 1325 ταλάντου
1279 1323 1280 1336 ,

153 1369 259 1450 μόνον
285 1365 394 1448 άξιον,
421 1363 477 1432 καί
504 1367 566 1451 την
593 1367 703 1432 οίκίαν
725 1365 763 1431 ἐν
786 1367 962 1450 δισχιλίαις
984 1364 1168 1450 προσέξεις,
1279 1387 1280 1414 ³

153 1472 174 1555 ἥ
197 1495 232 1538 τε
254 1469 351 1555 προὶξ
374 1471 581 1555 ὀγδοήκοντα
602 1483 685 1557 μναῖ
705 1474 912 1556 γενήσονται,
937 1470 993 1538 καί
1015 1472 1170 1550 ἀξιώσεις
1279 1471 1280 1548 ί

154 1581 241 1661 ἐχειν
268 1576 452 1662 ἀμφότερα·
484 1577 564 1643 ὅταν
592 1579 630 1642 δι’
657 1593 712 1643 σοι
738 1578 782 1662 μὴ
811 1576 979 1664 συμφέρῃ,
1007 1578 1170 1644 τάναντία

154 1684 253 1749 πάλιν
280 1683 301 1766 ἡ
329 1679 390 1767 μέν
418 1684 506 1748 οίκία
532 1684 713 1765 ταλάντου,
745 1684 831 1748 διότι
857 1691 922 1747 νῦν
950 1683 1013 1765 ἐγὼ
1041 1685 1168 1767 ταύτην

154 1793 228 1873 ἐχω,
251 1799 312 1855 τοῦ
335 1784 372 1854 δέ
395 1790 518 1872 χωρίου
541 1789 578 1853 τὸ
601 1790 718 1874 περιὸν
741 1789 803 1855 οὐκ
825 1788 999 1866 ἐλάττονος
1018 1787 1039 1873 ἢ
1058 1791 1158 1855 δυοῖν
1168 1806 1220 1854 878
1256 1779 1261 1794 '

154 1895 262 1978 άξιον,
289 1891 333 1960 ἵν’
360 1894 424 1978 ἐγὼ
448 1896 536 1961 δοκῶ
559 1896 716 1978 βλάπτειν
738 1905 869 1976 τοῦτον,
893 1895 955 1960 οὐκ
977 1895 1167 1979 ἀποστερεῖ-

128 2007 245 2066 εσθαι.
291 2001 371 2088 δρᾷς
398 2001 443 2077 ὡς
469 2001 633 2086 ὑποκρίνῃ
661 1997 722 2084 μὲν
747 1999 927 2065 δεδωκέναι
949 2001 1019 2085 τὴν,
1032 2013 1166 2086 προῖκα,

155 2110 260 2192 φαίνῃ
284 2104 320 2171 δέ
343 2102 413 2172 κατ’
435 2101 508 2172 οὐδ’
531 2106 687 2171 ὁντινοῦν
709 2110 834 2192 τρόπον
853 2108 1019 2185 δεδωκάς;
1042 2109 1083 2172 τά
1101 2111 1166 2194 γάρ

154 2212 265 2296 ἀληθῆ
290 2210 345 2278 καί
368 2215 411 2297 μὴ
435 2215 708 2298 κακουργούμενα
730 2224 797 2278 τῶν
820 2214 1020 2296 πραγμάτων
1043 2213 1165 2298 ἁπλῶς,

156 2311 200 2384 οἷ’
227 2317 268 2382 δὶν
292 2318 324 2396 ἐξ
348 2319 450 2402 ἀρχῆς
471 2325 617 2404 πραχθῇ,
640 2315 765 2385 τοιαῦτ’
793 2319 877 2383 έστί·
900 2320 943 2383 σὺ
967 2314 1004 2383 δέ
1025 2319 1166 2385 τούναν-

154 2429 228 2490 τίον
256 2423 405 2510 ἐξελέγχῃ
432 2424 557 2508 πράξας
585 2426 630 2500 είς
658 2425 719 2506 τὴν
746 2421 823 2488 καθ’
852 2423 946 2508 ἡμῶν
972 2423 1164 2508 ὑπηρεσίαν.

128 2551 143 2592 υ
235 2528 351 2608 ’Ἀξιου
371 2533 489 2595 τοίνυν
510 2527 643 2594 καὶτὸν
662 2530 774 2614 ὅρκον,
799 2529 916 2595 ὁποῖόν
934 2524 998 2594 τιν’
1020 2527 1061 2594 άν
1080 2531 1165 2614 &6420-

156 2652 230 2719 σευ,
257 2641 291 2700 εί
313 2659 364 2713 τις
389 2638 527 2718 ἔδωκεν,
555 2635 590 2700 ἐκ
612 2637 741 2700 τούτων
764 2637 856 2700 ίδείν.
904 2633 940 2710 ὃς
961 2636 1024 2719 γάρ
1047 2635 1164 2721 ὀγδοη-

155 2764 256 2808 κοντα
283 2751 367 2826 μνᾶς
395 2745 458 2825 ἐφη
486 2741 547 2824 τὴν
574 2737 682 2825 προῖκ’
715 2735 816 2823 εἶναι,
846 2742 879 2805 εί
902 2737 968 2805 τότ’
1000 2740 1088 2827 αὐτῷ
1116 2765 1165 2820 τις

156 2849 291 2932 ἔδωκεν,
313 2847 472 2932 ὀμόσαντι
495 2845 585 2910 ταῦτ’
613 2845 722 2930 ἀληθῆ
746 2844 869 2928 λέγειν,
892 2848 1111 2930 κομίσασθαι,
1134 2852 1169 2914 τί

156 2955 310 3038 ἐποίησεν
333 2954 388 3031 δίας
413 2951 434 3036 ἢ
459 2953 562 3035 δῆλον
581 2953 632 3017 ὅτι
651 2951 773 3036 ὤμοσε·
796 2955 831 3017 τί
846 2953 910 3036 γὰρ
928 2949 983 3017 καὶ
1001 2951 1107 3035 λέγων
1125 2954 1164 3019 οὐ

156 3063 258 3146 φησει
279 3057 346 3125 τότ’
369 3057 411 3124 δν
430 3059 560 3143 ὀμόσαι,
583 3066 647 3123 νῦν
665 3081 703 3141 γε
721 3054 810 3124 τοῦτ’
833 3057 947 3136 άξιῶν;
973 3059 1098 3125 οὐκοῦν
1116 3060 1164 3125 ὅτι

156 3161 187 3250 γ’
223 3167 426 3249 ἐπιώρκησεν
459 3165 515 3247 ἄν,
553 3162 672 3229 ἑαυτὸν
704 3162 875 3247 ἐξελέγχει·
915 3173 979 3229 νῦν
1010 3165 1073 3248 γάρ
1106 3165 1164 3232 οὐκ

157 3274 363 3357 ὀγδοήκοντα
386 3281 480 3356 μνᾶς,
504 3270 587 3335 ἀλλὰ
605 3271 769 3334 τάλαντον
788 3269 969 3335 δεδωκέναι
987 3273 1100 3354 φησίν.
1134 3275 1168 3337 τί

157 3384 285 3464 μᾶλλον
312 3377 354 3444 διν
382 3373 445 3443 οὖν
472 3379 606 3453 είκότως
628 3399 677 3454 τις
700 3376 804 3442 αὐτὸν
827 3376 936 3442 ἐκεῖνα
959 3375 1124 3455 ἐπιορκεῖν
1145 3378 1164 3463 ἢ

157 3479 230 3548 τάδ’
257 3484 385 3566 ἡγοίτος
418 3483 438 3564 ἢ
467 3486 542 3548 τίνα
564 3507 613 3558 τις
637 3482 771 3559 δικαίως
793 3481 835 3548 διν
858 3485 926 3566 ἐχοι
948 3479 1023 3564 περὶ
1046 3483 1165 3549 τούτου
