2590 3900
439 205 534 255 RATA
552 203 818 255 Τειιοιιεετουυ.
1086 199 1151 264 231

189 367 334 447 δημοσίαν
357 361 433 429 εἶναι
454 366 510 445 την
532 365 646 430 οὐσίαν.
690 365 757 446 περλ
780 363 812 428 δὲ
834 375 893 428 τῶν
916 361 1094 446 ὠνουμένων
1117 363 1153 426 τὰ

188 464 254 543 τέλη
281 464 331 527 καλ
358 474 416 526 τῶν
443 462 636 546 ἐγγυωμένων
663 462 714 525 καλ
740 463 932 544 ἐκλεγόντων,
958 461 1009 524 καλ
1035 471 1093 523 τῶν
1118 460 1153 522 τά

189 561 358 640 μισθώσιμα
391 559 601 640 μισθουμένων
631 559 683 622 καλ
712 558 920 640 ἐγγυωμένων,
951 557 1003 632 τδις
1033 559 1153 640 πράξεις

189 651 266 719 εἶναι
287 666 322 742 τῇ
345 657 427 718 πόλει
449 656 521 718 κατά
543 659 613 731 τοὺς
633 657 745 737 νόμους
763 657 833 730 τούς
851 655 1013 736 κειμένους.
1050 653 1103 717 ἐὰν
1122 649 1150 716 δ’

189 753 236 815 ἐπὶ
258 763 310 834 τῆς
333 753 438 832 ἐνάτης
460 751 480 834 ἢ
503 755 625 833 δεκάτης
648 755 825 834 πρυτανείας
847 751 936 839 όφλη,
958 763 1010 815 τοῦ
1029 750 1153 833 ὑστέρου

188 849 326 912 ἐνιαυτοῦ
350 849 399 912 ἐπὶ
420 860 472 930 τῆς
495 849 599 929 ἐνάτης
622 852 798 930 πρυτανείας
821 849 954 912 ἐκτίνειν.

103 1029 130 1068 ιι
231 1003 409 1072 Ἠκούσατε
428 1003 489 1091 μέν
506 1016 566 1071 τοῦ
583 1010 699 1090 νόμου,
719 1007 940 1091 μνημονεύετε
955 999 986 1070 δ’
1003 1003 1036 1083 ἐξ
1051 1005 1154 1070 αὐτοῦ

143 1134 201 1197 μοι
228 1122 361 1194 πρῶτον
385 1109 449 1196 μέν
475 1113 512 1177 τὸ
538 1109 620 1194 ,καὶ
643 1117 677 1178 εί
694 1135 762 1176 τινι
783 1123 850 1177 τῶν
874 1111 1078 1195 ὀφειλόντων
1102 1110 1154 1175 δε-

144 1225 231 1301 σμοῦ
254 1222 507 1302 προστετίμηται
529 1217 551 1302 ἢ
573 1220 611 1285 τὸ
634 1219 752 1285 λοιπὸν
774 1219 1019 1302 προστιμηθῇέέ,
1045 1207 1151 1282 ἔπειθ’

144 1323 196 1389 ὅτι
226 1325 313 1407 πλὴν
344 1321 420 1408 περὶ
451 1335 518 1390 τῶν
550 1329 702 1389 τελωνῶν
729 1323 878 1411 παλτῶν
907 1321 1154 1407 μισθουμένων,

144 1428 199 1494 καὶ
228 1429 301 1495 ὅσοι
327 1428 417 1494 ταῦτ’
445 1431 644 1514 ἐγγυῶνται,
669 1436 815 1515 χρῆσθαι
837 1430 963 1494 κελεύει
986 1438 1031 1516 τῷ
1053 1432 1153 1516 νόμῳ.

145 1534 223 1611 ὅλος
252 1531 312 1619 μέν
339 1537 403 1621 γάρ
431 1537 521 1601 ἐστιν
548 1535 670 1600 άπασιν
699 1535 847 1612 ἐναντίος
874 1546 944 1610 τοῖς
972 1529 1063 1616 οὖσι,
1095 1535 1155 1617 μά·

144 1646 241 1730 λιστα
265 1639 301 1706 δέ
323 1651 437 1708 ταῦτα·
460 1641 633 1724 γνώσεσθε
657 1638 694 1707 δέ
715 1643 806 1723 [τοὺς
822 1644 959 1726 νόμους]
979 1640 1156 1715 ἀκούοντες

145 1746 275 1825 αὐτούς.
313 1746 395 1830 λέγε.
1033 1755 1034 1760 ’

580 1959 717 2012 ΝΟΜΟΣ.

102 2101 144 2142 42'
236 2091 365 2166 Διοκλῆς
392 2080 486 2148 εἶπεν·
513 2086 583 2160 τοὺς
610 2087 722 2167 νόμους
749 2085 819 2159 τούς
843 2085 900 2167 πρὸ
923 2085 1089 2148 Εὐκλείδου
1112 2106 1157 2146 τε·

191 2183 300 2257 θέντας
322 2182 356 2244 ἐν
378 2183 571 2268 δημοκρατία,
592 2182 644 2245 καλ
666 2183 731 2245 ὅσοι
753 2177 800 2244 ἐπ’
823 2182 989 2245 Εύκλείδου
1012 2181 1157 2261 ἐτέθησαν

160 2281 241 2378 ,καὶ
268 2278 342 2341 είσέν
369 2277 635 2362 ἀναγεγραμμένοι,
663 2280 786 2358 κυρίους
814 2273 898 2340 εἶναι.
943 2279 1012 2353 τοὺς
1039 2277 1070 2340 δέ
1093 2271 1155 2358 μετ’

192 2376 362 2455 Εὐκλείδην
394 2376 533 2450 τεθέντας
564 2376 614 2438 καὶ
642 2376 675 2438 τδ
703 2376 806 2438 λοιπὸν
833 2375 1008 2457 τιθεμένους
1034 2376 1158 2457 κυρίους

192 2469 269 2535 εἶναι
286 2471 344 2535 άπὸ
363 2483 415 2552 της
433 2470 544 2555 ἡμέρας
561 2467 598 2552 ἧς
617 2471 736 2546 έκαστος
754 2472 853 2553 ἐτέθη,
871 2473 949 2552 πλὴν
968 2467 1002 2536 εἴ
1010 2497 1050 2560 τιγ
1066 2490 1158 2554 προσ-

191 2571 349 2653 γέγραπται
375 2571 479 2651 χρόνος
508 2571 610 2633 ὅντινα
637 2571 682 2632 δεῖ
704 2569 813 2651 άρχειν.
857 2569 1019 2652 ἐπιγράψαι
1041 2567 1073 2632 δέ
1096 2576 1157 2642 τοῖς

192 2665 246 2747 μέν
273 2677 331 2730 νῦν
358 2667 504 2747 κειμένοις
528 2667 580 2730 τὸν
602 2666 772 2750 γραμματέα
794 2677 846 2746 της
869 2670 979 2747 βουλῆς
1002 2667 1158 2748 τριάκοντα

191 2761 322 2846 ἡμερῶν·
340 2763 372 2826 τὸ
391 2761 424 2826 δὲ
441 2763 557 2844 λοιπὸν,
575 2759 609 2837 ὅς
627 2761 665 2826 ὅν
683 2765 812 2850 τυγχάνῃ
826 2765 1049 2846 γραμματεύων,
1065 2781 1157 2845 προσ-

190 2860 325 2944 γραφέτω
346 2871 522 2943 παραχρημα
539 2861 591 2925 τὸν
608 2862 704 2944 νόμον
722 2863 828 2943 κύριον
846 2855 922 2924 εἶναι
940 2859 997 2922 ἀπὸ
1016 2871 1069 2941 τῆς
1086 2857 1158 2941 ἡμέ-

191 2982 245 3040 ρας
267 2950 304 3037 δε
327 2956 423 3042 ἐέθυ·
499 3019 501 3022 -

102 3133 131 3172 εσ
236 3116 355 3190 Καλῶς
386 3112 529 3198 ἐχόντων
560 3123 627 3178 τῶν
654 3115 769 3197 νόμων
797 3107 823 3178 ὅ)
851 3115 970 3195 ἄνδρες
997 3110 1147 3178 δικασταὶ
1159 3125 1210 3174 ‘114

144 3229 215 3285 τῶν
241 3219 474 3304 ὑπαρχόντων,
502 3216 552 3285 ὅδ’
580 3219 597 3285 ὁ
625 3227 690 3285 νῦν
717 3218 946 3302 ἀναγνωσθεὶς
968 3221 1071 3302 νόμος
1094 3219 1157 3283 ὡσ-

145 3323 239 3411 περεὶ
263 3325 418 3409 διώρισεν
440 3322 496 3390 καὶ
516 3323 748 3409 βεβαιοτέρους
766 3324 921 3407 ἐποίησεν
939 3324 1068 3400 αὐτούς.
1105 3345 1157 3388 κε-

145 3432 236 3496 λεύει
258 3431 322 3516 γάρ
345 3428 484 3496 ἕκαστον
507 3427 565 3513 ἀφ’
591 3425 630 3512 ὅς
652 3428 775 3514 ἡμέρας
798 3428 894 3514 ἐτέθη
918 3431 1036 3511 κύριον
1059 3423 1156 3509 εἶναι,

146 3538 234 3616 πλὴν
260 3541 294 3602 εί
314 3559 359 3620 τω
383 3539 501 3620 χρόνος
523 3534 805 3619 προσγέγραπται,
832 3537 938 3620 τούτῳ
963 3531 999 3599 δέ
1021 3537 1080 3598 τὸν
1103 3557 1155 3614 γε-
