2938 4180
263 141 328 207 178
563 147 662 200 xxm.
686 145 967 198 ΔΗιιοΣευκοκε

263 306 504 387 συμφερόντων
530 305 611 390 ὑμίν
638 306 842 390 ὀλιγωρήσας
869 305 1025 390 γράφειν,
1054 311 1133 382 ἴσως
1159 302 1201 369 ἀν
1228 299 1276 388 ἦν

196 497 198 504 Ι
260 419 375 477 τοῦτο·
406 419 470 477 νῦν
493 409 524 476 δ’
551 413 658 478 όντων
682 412 743 477 οὐκ
766 412 888 495 ὀλίγων
911 408 985 495 οὐχὶ
1008 416 1115 487 καλῶς
1137 413 1203 495 ἔχει
1226 409 1274 494 μὴ

262 520 361 581 λῦσαι
386 518 424 582 τὸ
452 515 595 601 ψήφισμ’
621 518 710 601 ύμῖν.
756 520 805 593 τίς
832 517 895 600 γάρ
923 516 964 581 οὐ
989 517 1109 599 γράψει
1131 522 1275 601 θαρρῶν

261 623 372 700 πάλιν,
396 620 482 705 ἡνίκ’
504 621 547 688 ἀν
569 614 590 708 ᾖ
613 620 701 689 τοῦτ’
724 622 968 705 ἀποπεφευγόςη
993 625 1042 698 τίς
1065 619 1096 687 δ’
1118 623 1180 688 οὐκ
1203 623 1273 688 έπι-

261 737 394 811 ψηφιεί;
424 732 473 805 τίς
501 724 538 795 δέ
565 729 738 814 γράψεται;
767 728 809 794 οὐ
836 731 953 793 τοίνυν
979 736 1077 794 τοῦτο
1101 727 1273 811 σκεπτέον,

262 835 295 899 εί
319 831 407 898 τοῦτ’
434 837 524 900 ἔστιν
552 836 677 917 άκυρον
703 845 773 911 τοῖς
795 835 942 919 χρόνοις,
971 831 1042 899 ἀλλ’
1070 834 1191 916 έκεῖνο,
1220 837 1274 901 ὅτι

262 947 302 1024 τῇ
325 937 400 1022 περὶ
426 940 547 1006 τούτου
574 942 690 1028 ψηφφ,
721 949 786 1005 νῦν
813 939 871 1006 έάν
898 939 1174 1024 ἀποψηφίσησθε,
1201 952 1274 1018 τοῖς

263 1044 390 1110 ἀδικεῖν
412 1045 672 1129 βουλησομένοις
694 1039 794 1123 αὐθις
816 1044 902 1129 ὑμᾶς
923 1047 1039 1111 ἄδειαν
1063 1046 1192 1113 δώσετε.

223 1168 249 1208 9⁶
354 1151 404 1216 Οὐ
435 1156 551 1217 τοίνυν
583 1149 656 1217 οὐδ’
687 1151 792 1218 ἐκεῖνό
826 1150 858 1232 μ’
890 1147 916 1216 ώ
950 1153 1070 1237 ἀνδρες
1097 1149 1272 1234 Ἀθηναῖοι

263 1255 422 1342 λέληθεν,
449 1257 499 1323 ὅτι
527 1256 634 1340 άπλῆν
661 1254 722 1341 μὲν
749 1255 828 1324 οὐδὲ
856 1259 987 1323 δικαίαν
1014 1252 1087 1324 οὐδ’
1112 1257 1272 1341 ἡντινοῦν

263 1361 446 1446 ἀπολογίαν
474 1358 724 1447 Ἀριστοκράτης
753 1363 816 1442 ἕξει
849 1361 971 1446 λέγειν,
1004 1367 1202 1449 παραγωγάς
1234 1365 1275 1431 δέ

263 1491 356 1545 τινας
377 1471 531 1546 τοιαύτας
553 1469 630 1553 ἐρεί,
654 1471 698 1546 ώς
721 1471 784 1553 ἀρα
802 1471 907 1535 πολλὰ
925 1468 1049 1535 τοιαῦτ’
1071 1470 1135 1554 ἤδη
1153 1471 1271 1554 γέγονε

263 1580 458 1659 ψηφίσματα
480 1579 623 1652 πολλοῖς.
661 1574 778 1641 ἔστιδ’
799 1573 901 1641 οὐδὲν
919 1570 945 1641 ώ
964 1577 1084 1659 ἄνδρες
1099 1571 1272 1659 Ἀθηναῖοι

264 1689 362 1746 τοῦτο
395 1691 530 1764 σημείου
560 1690 621 1746 τοῦ
647 1691 766 1747 τοῦτον
794 1679 905 1763 ἔννομ’
936 1681 1115 1767 εἰρηκέναι·
1151 1682 1272 1749 πολλαὶ

264 1787 328 1871 γάρ
347 1786 529 1872 προφάσεις
547 1785 633 1852 εἰσὶν
652 1781 695 1851 δι’
715 1786 754 1863 ἀς
771 1787 928 1863 πολλάκις
947 1787 1038 1871 ὑμεῖς
1057 1787 1271 1873 ἐξηπάτησθε.

225 1907 252 1950 ⁹⁶
266 1884 339 1958 οἷον
364 1897 397 1957 εί
415 1914 446 1956 τι
469 1902 536 1956 τῶν
559 1890 751 1957 ἑαλωκότων
773 1893 996 1976 ψηφισμάτων
1019 1890 1096 1977 παρ’
1121 1893 1203 1976 ὑμῖν
1225 1895 1270 1978 μὴ

266 1997 408 2080 ἐγράφη,
431 1998 549 2082 κύριον
572 1996 614 2064 ἀν
637 1999 809 2081 δήπουθεν
831 1993 886 2080 ην·
917 1995 973 2064 καί
995 1999 1061 2083 μὴν
1083 1999 1171 2082 παρδ
1192 1997 1271 2078 τοὺς

265 2107 389 2186 νόμους
415 2099 446 2186 γ’
475 2101 542 2183 ww]
567 2110 686 2186 είρητο.
732 2101 786 2168 καλ
809 2110 843 2168 εί
861 2127 893 2168 τι
915 2103 1044 2188 γραφέν
1065 2100 1095 2188 γ’
1122 2103 1271 2188 ἦκαθυ-

265 2208 397 2294 φέντων
423 2220 489 2274 τών
516 2212 710 2295 κατηγόρων
737 2209 757 2292 ἢ
785 2210 828 2294 μὴ
853 2209 1071 2292 δυνηθέντων
1093 2209 1198 2296 μηδὲν
1222 2213 1270 2278 δι-

266 2316 361 2394 δάξαι
393 2315 557 2399 ἀπέφυγε,
588 2312 644 2381 καί
673 2312 762 2381 τοῦτ’
794 2312 895 2380 οὐδέν
926 2315 1047 2379 κωλύει
1075 2316 1270 2400 παράνομον

266 2418 361 2488 εἶναι.
405 2421 466 2488 οὐκ
493 2419 545 2505 ἄρ’
577 2422 774 2506 εὐορκοῦσιν
801 2421 837 2487 oc
862 2421 1054 2498 δικάσαντες
1080 2420 1175 2500 αὐτό;
1204 2429 1269 2490 ναί.

265 2540 348 2605 πῶς;
370 2527 433 2610 ἐγὼ
452 2527 584 2602 διδάξω.
620 2527 734 2611 γνώμη
752 2536 792 2612 τῇ
812 2527 1001 2612 δικαιοτάτη
1020 2528 1168 2594 δικάσειν
1186 2528 1269 2613 όμω-

265 2636 422 2719 μόκασιν,
448 2633 468 2717 η
498 2631 534 2698 δὲ
556 2643 613 2716 τῆς
635 2634 767 2716 γνώμης
790 2627 858 2710 δόξ’
885 2631 942 2716 ἀφ’
970 2626 1016 2698 ών
1039 2631 1081 2698 ὐυ
1104 2633 1269 2702 ἀκούσωσι

265 2744 473 2822 παρίσταται·
491 2739 546 2805 δτε
564 2743 680 2805 τοίνυν
698 2741 779 2804 κατὰ
796 2740 920 2822 ταύτην
938 2741 1055 2804 ἔθεντο
1068 2740 1130 2823 την
1144 2749 1267 2825 ψῆφον,

226 2867 251 2906 ετ
267 2848 449 2929 εὐσεβοῦσι.
494 2855 558 2921 πᾶς
583 2846 647 2929 γάρ
674 2845 692 2911 ό
720 2846 799 2928 μήτε
828 2839 872 2910 δι’
897 2847 1022 2930 ἔχθραν
1044 2847 1124 2929 μήτε
1146 2843 1191 2911 δι’
1217 2848 1268 2912 εύ-

265 2976 363 3020 νοιαυ
386 2955 465 3036 μήτε
488 2948 531 3016 δι’
554 2952 657 3034 ἀλλην
680 2952 797 3017 ἄδικον
819 2952 988 3034 πρόφασιν
1010 2951 1174 3036 μηδεμίαν
1190 2951 1266 3038 παρ’

266 3059 287 3125 ἀ
305 3061 479 3142 γιγνώσκει
497 3055 640 3141 θέμενος
658 3059 720 3140 τὴν
737 3066 853 3140 ψῆφον
871 3057 1012 3139 εὐσεβεῖ·
1035 3058 1067 3124 εί
1082 3057 1146 3142 γὰρ
1164 3057 1317 3142 ηγνό-οσε

266 3165 347 3251 ἠσέυ
364 3189 395 3230 τι
414 3165 662 3248 διδασκόμενος,
680 3173 741 3229 τοῦ
759 3165 802 3246 μὴ
821 3173 972 3228 συνεῖναι
990 3163 1086 3246 δίκην
1105 3161 1166 3228 οὐκ
1180 3162 1268 3248 όφεί

267 3277 316 3337 λει
340 3271 470 3337 δοῦναι·
494 3267 564 3334 ἀλλ’
588 3275 621 3335 εί
639 3293 689 3345 τις
711 3269 807 3345 είδδκς
826 3269 931 3335 έκεῖνο
949 3268 1268 3353 προύδωκενὲἦέξα-

268 3385 369 3462 πατᾷ,
401 3371 497 3452 αὐτός
525 3371 590 3440 ἐστ’
622 3377 736 3458 ἔνοχος
762 3383 801 3460 τῇ
829 3374 903 3461 άρᾷ.
952 3375 1067 3458 διόπερ
1093 3384 1268 3461 καταρᾶται

269 3477 344 3544 καθ’
363 3480 502 3563 ἑκάστην
520 3481 695 3563 ἐκκλησίαν
714 3480 732 3546 ὁ
751 3479 865 3566 κῆρυξ,
888 3480 949 3547 οὐκ
966 3485 1002 3546 εί
1013 3477 1102 3558 τινες
1115 3479 1268 3568 έξηπατή·
