2590 3900
374 181 457 236 τιν’
477 182 796 236 ιειτεουωιυοωου
813 184 845 236 A.
1049 180 1113 246 281

105 347 136 408 οί
161 344 193 409 δέ
217 356 253 432 τή
276 346 414 432 ὀστεραίμ
436 353 612 409 καθιστᾶσιν
636 349 677 421 είς
700 347 755 427 τήν
777 346 942 427 ἐκκλησίαν.
978 345 1115 420 κάκεῖνος

105 441 163 505 όπό
186 453 238 524 τῆς
262 445 368 527 ίερείας
386 443 444 524 ἐφη
463 444 613 524 πεμφθείς
632 447 733 526 λαβεῖν
752 444 786 506 τά
806 445 915 525 ἱμάτια,
940 445 990 506 ἵνα
1007 443 1115 530 κομίσῃ

104 539 177 622 πρὸς
208 541 241 603 τό
273 540 354 624 ίερόν
380 539 566 623 κυννγέσιου.
615 537 738 604 ἐνταῦθ’
766 536 983 623 Ἀριστογείτων
1009 541 1117 622 γράφει

104 637 257 720 ψήφισμα,
275 647 392 721 πρῶτον
411 635 465 719 μὲν
484 636 733 720 ἀπροβούλευτον,
755 637 853 700 ἔπειτα
871 637 1050 717 δεινότατον,
1068 659 1116 700 κε-

104 738 206 815 λεῦον,
235 735 289 799 ἐάν
317 734 372 817 μέν
400 732 528 821 ὀμολογή
556 733 591 796 τά
619 729 709 816 λ’μάτῖ
737 734 912 816 ἐξενεγκεῖν,
939 732 1106 796 ἀποθανεῖν
1117 739 1184 791 768·

80 830 195 894 ἀὐτὸν
219 831 336 912 αιίτίκα,
357 831 411 895 ἐάν
434 827 463 893 δ’
483 830 617 914 ἀρνῆται,
639 832 807 914 κρίνεσθαι·
830 829 860 906 ἐξ
883 825 921 893 οδ
942 830 1117 913 συνέβαινεν

105 927 195 1015 αὐτῷ,
209 926 424 1012 ὁμολογήσαντι
438 926 492 1008 μὲν
505 924 633 1007 τάληθές
647 937 823 1010 παραχρῆμα
836 929 990 1008 τεθνάναι,
1003 926 1116 1015 ἐξάρνῳ

105 1023 136 1086 δέ
157 1025 309 1114 γενομένω
331 1022 392 1107 μετ’
418 1024 518 1108 ὀλίγον
542 1034 627 1087 τοῦτο
650 1030 769 1086 παθεῖν.
809 1035 895 1088 τοῦτο
919 1024 950 1087 τό
973 1025 1116 1106 ψήφισμα

104 1124 295 1204 γραψάμενος
317 1124 499 1206 παρανόμων
520 1121 725 1203 Φανόστρατος
750 1119 766 1183 ὀ
785 1117 962 1204 Ἱεροκλέους
981 1132 1033 1184 τοῦ
1052 1145 1116 1184 κιν-

104 1219 284 1295 δυνεύοντος
311 1221 422 1302 πατήρ,
450 1217 760 1302 συγκατνγορήσαντος
785 1218 865 1304 αὐτῷ
888 1218 1117 1299 Δημοσθένους,

102 1317 182 1399 αίρεῖ
209 1309 409 1400 παρανόμων,
441 1316 491 1378 καλ
523 1322 592 1400 τιμᾷ
622 1313 654 1376 τό
682 1315 870 1397 δικαστήριον
895 1311 1118 1398 Ἀριστογείτονι

102 1413 187 1477 πέντε
204 1415 366 1478 ταλάντοιν.
395 1423 482 1476 τοῦτο
501 1410 555 1494 μὲν
573 1411 611 1490 δή
629 1420 746 1493 πρῶτον
765 1407 877 1493 ὄφλημ’
896 1407 1118 1494 Ἀριστογείτονι

98 1512 221 1594 γίνεται.
269 1506 365 1574 ἔπειθ’
391 1508 545 1592 Ἡγήμονα
567 1509 757 1591 γραψάμενος
779 1508 830 1571 καί
851 1507 904 1571 τόν
927 1504 1017 1590 ἀγῶν’
1044 1509 1116 1572 ἀπο-

78 1609 229 1690 8δόμενος
258 1602 338 1689 ἀφλε
365 1609 466 1690 χιλίας.
511 1606 567 1670 οὐκ
595 1604 759 1680 ἀποδόντος
786 1601 814 1667 δ’
840 1605 933 1669 αὐτοῦ
961 1605 1034 1668 κατὰ
1061 1605 1117 1686 τήν

104 1703 271 1788 ὡρισμένην
302 1706 505 1788 προθεσμίαν,
537 1704 690 1765 διπλοῦται
719 1703 754 1764 τά
781 1699 938 1784 ὀφλήματα
964 1703 1037 1766 κατά
1065 1702 1117 1765 τὸν

106 1805 207 1884 νόμον,
226 1803 278 1866 καί
294 1804 405 1885 γίνεται
424 1801 494 1866 δέκα
512 1803 639 1864 τάλαντα
656 1799 706 1863 καί
725 1800 861 1882 δισχίλιαι
879 1801 1012 1882 δραχμαί.
1042 1797 1117 1882 ὑπὲρ

106 1903 217 1964 τούτων
241 1909 299 1962 τῶν
322 1901 478 1982 χρημάτων
501 1898 666 1982 ἀπογράφει
688 1921 716 1958 τι
734 1898 776 1970 είς
795 1896 827 1958 τό
847 1897 990 1977 δημόσιον
1008 1898 1117 1979 χωρίον

103 1996 226 2078 ἐαυτοῦ,
253 1996 304 2060 καλ
330 1995 363 2058 τὸ
388 1997 496 2078 χωρίον
519 2007 604 2059 τοῦτο
627 1992 768 2075 Εὔνομος
792 1991 922 2073 ἀνεῖται,
950 1992 1117 2074 ὀάδελφός

104 2095 208 2175 αὐτοῦ,
227 2095 310 2170 τάξιν
328 2094 522 2174 αἰτησάμενος
541 2103 593 2156 τοῦ
612 2091 792 2173 ὀφλήματος,
810 2085 880 2153 ὥστ’
901 2089 934 2152 ἐν
948 2086 1010 2153 δέκ’
1025 2091 1118 2154 ἐτεσιν

104 2189 229 2254 ἐκτεῖσαι
252 2189 284 2252 τό
309 2190 439 2270 σύμπαν,
461 2185 533 2251 καθ’
558 2189 681 2252 ἕκαστον
704 2187 767 2262 έτος
789 2187 884 2262 τιθείς
907 2187 938 2250 τὸ
960 2188 1118 2270 ἐπιβάλλον

105 2286 201 2370 μέρος.
248 2287 304 2350 δύο
327 2283 381 2366 μέν
405 2285 442 2366 δή
465 2286 629 2368 καταβολὰς
652 2285 813 2368 ἀπήνεγκε,
841 2286 967 2348 τάλαντα
989 2286 1044 2348 δύο
1067 2285 1116 2349 καί

105 2385 237 2467 δραχμὰς
259 2385 458 2466 τετρακοσίας·
482 2385 514 2448 τὸ
538 2383 570 2447 δέ
592 2384 696 2447 λοιπὸν
719 2381 878 2462 ὀφείλεται,
901 2378 1017 2445 τάλαντ’
1042 2380 1117 2447 ὀκτδο

79 2481 155 2544 ἐκαὶ
178 2480 305 2562 δραχμαί
327 2481 415 2561 χίλιαι
437 2480 488 2543 καί
510 2481 665 2557 ἑξακόσιαι.
706 2481 804 2543 δοκῶν
827 2471 883 2543 οόν
906 2479 981 2561 ἐχειν
1004 2478 1020 2541 ὀ
1041 2475 1117 2563 Ἀρι-

105 2579 261 2660 στογείτων
288 2586 340 2640 τοῦ
368 2575 462 2659 λέγειν
488 2578 625 2654 ἐξουσίαν
647 2577 697 2641 καί
720 2572 820 2659 μηκέτ’
845 2576 990 2658 ὀφείλειν,
1016 2577 1117 2658 ἐπειδή

104 2675 235 2756 χρήστην
257 2671 403 2736 ἀντέδωκε
425 2684 460 2760 τῇ
483 2676 575 2756 πόλει,
597 2676 647 2739 καλ
670 2674 811 2758 ἐγράφετο
833 2676 962 2750 πολλοὺς
982 2675 1032 2738 καλ
1049 2675 1117 2755 ἐδη-

105 2771 242 2852 μηγόρει,
270 2779 329 2832 τῶν
356 2769 457 2850 νόμων
484 2771 536 2834 τὸν
559 2770 716 2851 ὀφείλοντα
738 2778 777 2858 τῷ
801 2772 948 2859 δημοσίω,
975 2771 1057 2854 μέχρι
1079 2771 1117 2834 ἀν

104 2867 231 2954 ἐκτείσῃ,
253 2868 421 2930 ποωύντων
443 2865 557 2948 άτιμον.
601 2869 700 2948 διόπερ
723 2867 815 2930 αὐτὸν
838 2870 869 2930 οῖ
889 2869 955 2951 περί
977 2875 1117 2953 Λυκοῦρ-

104 2988 160 3044 γον
193 2963 355 3044 ἐνέδειξαν,
387 2962 427 3038 ἀς
457 2965 513 3028 οόκ
539 2964 606 3040 ἐξόν
632 2964 760 3046 λέγοντα.
806 2964 862 3027 οὐκ
888 2965 1118 3047 ἐξαλήλιμμένου

104 3062 210 3124 τοίνυν
236 3061 265 3138 ἐξ
294 3060 478 3144 ἀκροπόλεως
503 3057 761 3145 Ἀριστογείτονος,
788 3057 851 3124 ἀλλ’
876 3060 920 3125 ἐτι
947 3073 999 3126 τοῦ
1024 3062 1117 3144 ὀφλή-

104 3180 198 3236 ματος
215 3155 461 3239 ἐγγεγραμμένου,
472 3157 606 3239 Ιχρήστου
626 3155 658 3219 δὲ
675 3159 870 3233 καταστάντος
889 3169 941 3222 τοῦ
960 3160 992 3222 τὸ
1010 3161 1118 3243 χωρίον
1178 3198 1180 3202 -

104 3251 312 3334 ὠνησαμένου,
331 3254 443 3334 ζήτημα
462 3255 639 3335 συνίσταται,
657 3256 780 3338 πότερον
799 3254 815 3317 ὀ
832 3258 992 3338 πριάμενος
1006 3260 1038 3320 τό
1052 3282 1107 3340 χω·
1119 3265 1169 3314 769

105 3352 174 3432 ρίον
197 3350 307 3431 ὀφείλει
330 3352 435 3433 μόνον,
456 3351 476 3433 ή
499 3352 550 3415 καί
573 3351 589 3414 ὀ
612 3363 725 3435 πρῶτος
749 3351 861 3433 ὀφλών,
884 3353 950 3436 ἀχρι
973 3353 1011 3418 ἀν
1029 3355 1117 3417 ἐκτει-

78 3455 170 3535 σσθή
195 3448 227 3512 τὸ
249 3448 341 3530 χρέος.
385 3449 452 3532 περί
475 3447 530 3530 μὲν
553 3449 590 3530 δή
614 3449 648 3510 τά
671 3445 720 3512 δύ’
746 3448 902 3531 ὀφλήματα
924 3461 1010 3514 τοῦτο
1033 3450 1117 3512 συνί-

107 3564 207 3607 σταται
234 3547 266 3607 τὸ
295 3546 419 3626 ζήτημα·
447 3546 520 3625 φασλ
547 3542 575 3607 δ’
601 3546 692 3609 αὐτὸν
717 3549 748 3608 οί
768 3546 925 3626 κατήγοροι
947 3545 997 3608 καί
1019 3546 1116 3624 τρίτον
