2614 3904
474 164 480 175 '
520 189 605 258 μετ’
622 191 774 255 εοοεου
791 193 824 246 κ
851 247 852 252 ς
1115 188 1179 256 327

171 372 242 428 ποις
262 351 393 428 τούτοις
415 353 645 434 πεποιήκασιν·
669 348 749 418 οὐδὲ
771 353 835 436 γάρ
858 347 948 417 ταῦτ’
976 351 1182 436 ἀποφαίνου-

6 513 7 530 ,
173 474 236 522 σιν.
285 460 392 524 καίτοι
423 455 624 541 κεκτημένον
654 454 716 543 μέν
746 458 938 535 τοσούτους·
958 457 1182 541 κλινοποιούς,

5 543 7 553 ¹
57 611 61 617 -
172 561 372 647 κεκτημένον
395 558 433 627 δὲ
454 564 723 648 μαχαιροποιούς,
748 563 810 649 ούχ
827 554 900 628 οἷόν
918 585 953 628 τε
971 565 1016 648 μή
1035 562 1110 648 ούχὶ
1127 561 1183 628 καὶ

173 665 391 754 σίδηρονικαδ
414 667 577 753 ἐλέφαντα
598 674 805 751 καταλιπεῖν,
834 661 906 733 ἀλλ’
932 667 1059 753 ἀνάγκη
1081 669 1185 734 ταῦτά

172 771 204 859 γ’
230 775 405 860 ὑπάρχειν·
432 777 468 840 τί
491 775 556 860 γάρ
582 772 625 840 ἀν
652 774 833 860 ἠργάζοντο
861 774 989 840 τούτων
1012 774 1057 858 μή
1079 773 1185 859 ἀπαρ-

133 897 159 938 ⁸1
174 881 316 961 ξάντων;
347 881 407 946 τὸν
438 883 555 946 τοίνυν
586 885 682 947 πλεῖν
713 880 734 965 ή
765 876 957 965 πεντήκοντ’
988 879 1185 964 ἀνδράποδα

172 984 373 1072 κεκτημένον
395 984 449 1052 καὶ
473 988 570 1052 δυοῖν
592 986 725 1072 τέχναιν
748 986 1023 1072 ἐπιμελούμενον,
1048 981 1099 1052 ὧν
1121 987 1184 1052 θά-

173 1115 270 1181 τερον
289 1092 506 1178 ἐργαστήριον
525 1095 572 1170 είς
589 1094 647 1170 τάς
665 1096 780 1172 κλίνας
798 1093 921 1180 ῥᾳδίως
940 1093 1002 1158 δύο
1021 1102 1106 1178 μυάς
1123 1102 1185 1158 τοῦ

172 1200 277 1285 μηνὸς
300 1197 477 1281 ἀνήλισκεν
500 1197 689 1283 ἐλέφαντος,
711 1199 749 1264 τὸ
773 1195 810 1264 δὲ
833 1209 1105 1283 μαχαιροποιεῖον
1123 1199 1186 1266 ούιι

174 1308 309 1370 ἔλαττον
336 1303 357 1388 ή
383 1312 547 1370 τοσοῦτον
573 1303 703 1389 ἕτερον,
734 1306 798 1369 σύν
826 1305 967 1392 σιδήρῳ,
995 1313 1116 1372 τούτου
1144 1305 1186 1372 οὔ
1240 1374 1254 1406 s

173 1428 257 1495 φασι
287 1414 478 1477 καταλιπεῖν
512 1407 613 1476 οὐδὲν
643 1409 785 1475 τούτων’
818 1411 865 1487 είς
896 1405 985 1474 τοῦτ’
1017 1409 1186 1489 ἀναιδείας

133 1533 159 1574 ⁸²
174 1515 387 1600 ἐληλύθασιν.
433 1516 483 1581 ὅτι
510 1512 571 1600 μέν
599 1510 663 1582 οὖν
690 1515 731 1582 ού
758 1517 857 1581 πιστά
884 1513 1034 1599 λέγουσι,
1066 1514 1122 1584 καλ
1149 1515 1186 1584 ἐκ

173 1621 302 1687 τούτων
320 1620 430 1687 αὐτῶν
449 1619 568 1708 ῥᾴδιόν
586 1622 656 1689 έστι
674 1627 810 1707 μαθεῖν·
830 1621 880 1687 ὅτι
899 1616 929 1686 δ’
949 1619 1075 1698 ἐκεῖνος
1092 1620 1183 1687 κατέ-

174 1733 247 1794 λιπε
269 1736 432 1793 τοσοῦτον
452 1729 491 1795 τὸ
512 1733 652 1812 πλῆθος,
676 1728 759 1794 ὥστε
777 1729 821 1813 μή
840 1729 945 1812 μόνον
964 1727 1081 1793 ίκανδν
1099 1722 1186 1794 είναι

173 1834 431 1919 κατεργάζεσθαι
458 1843 528 1911 τοῖς
555 1832 675 1900 ἑαυτοῦ
698 1834 929 1919 δημιουργοῖς,
957 1833 1041 1899 ἀλλὰ
1062 1831 1118 1900 καί
1139 1843 1185 1924 τῷ

174 1939 367 2027 βουλομένῳ
395 1940 478 2025 πρὸς
505 1940 667 2005 δινεῖσθαι
687 1951 755 2006 τῶν
778 1941 903 2023 ἀλλων,
931 1939 1062 2006 έκεῖθεν
1085 1964 1186 2025 φανε-

174 2049 247 2132 ρόν,
270 2047 322 2112 ὅτι
345 2045 445 2123 αύτός
464 2042 493 2110 τ’
515 2045 633 2111 ἐπώλει
653 2048 726 2128 ζῶν,
748 2043 805 2112 καί
822 2051 998 2131 Δημοφῶν
1016 2044 1071 2112 καὶ
1090 2040 1187 2124 οὗτος

174 2161 234 2218 τοῦ
257 2153 379 2237 πατρὸς
402 2152 466 2236 ήδη
488 2154 755 2235 τετελευτηκότος
777 2151 814 2218 ἐκ
832 2161 891 2237 τής
910 2154 1090 2236 οἰκίας-της
1109 2151 1188 2237 έμής

134 2275 161 2315 ⁸³
176 2257 374 2324 ἀπεδίδοντο
401 2269 471 2334 τοῖς
497 2256 722 2343 βουλομένοις.
767 2261 875 2324 καίτοι
899 2260 1006 2324 πόσον
1027 2258 1102 2324 τινά
1124 2261 1186 2344 χρή

171 2364 234 2444 τὸν
261 2361 525 2448 καταλειφθέντα
551 2366 697 2448 νομίζειν
719 2358 821 2448 εἶναι,
849 2364 929 2430 ὅταν
951 2367 1110 2450 φαίνηται
1131 2387 1187 2450 τη-

176 2471 342 2547 λικούτοις
363 2467 392 2533 τ’
415 2469 644 2555 ἐργαστηρίοις
665 2469 822 2555 ἐξαρκῶν,
845 2468 900 2536 καί
918 2469 1018 2554 χωρὶς
1035 2469 1101 2538 ὑπὸ
1119 2481 1187 2537 τῶν

118 2641 120 2648 ς
176 2575 362 2662 ἐπιτρόπων
384 2578 663 2660 πιτιρασκύμευοςς
687 2568 741 2661 ἀρ’
767 2575 893 2659 ὀλήιον,
916 2573 987 2641 ἀλλ’
1010 2576 1052 2643 οὐ
1074 2582 1186 2666 πολλῷ

175 2686 276 2748 πλείω
300 2693 366 2748 τῶν
389 2678 649 2766 έγκεκλημέυιους
682 2677 761 2765 λαβὲ
784 2684 901 2748 τοίνυν
923 2682 982 2759 τὰς
1003 2687 1186 2768 μαρτυρίας

175 2785 314 2854 ταυτασὶ
336 2785 391 2853 καὶ
414 2784 586 2871 ἀνάγνωθ’
611 2787 734 2864 αὐτοῖς.

578 2999 782 3052 ΜΑΡΤΤΡΙΑΙ.
1186 3003 1240 3052 824

172 3181 174 3186 ¹
270 3105 399 3170 Τούτου
425 3107 542 3170 τοίνυν
568 3113 628 3171 τοῦ
656 3103 834 3189 ἐλέφαντός
861 3103 931 3172 έστι
957 3104 1060 3172 πλέον
1085 3105 1106 3190 ή
1130 3107 1186 3174 τά-

178 3215 310 3294 λαντον,
334 3211 374 3277 ὃν
397 3205 466 3276 οὔτ’
488 3211 591 3277 αύτδυ
609 3211 685 3277 οὔτε
703 3213 741 3278 τὸ
760 3214 859 3297 ἔργον
878 3216 965 3298 [μοι]
981 3212 1186 3298 ἀποφαίνου-

178 3334 249 3401 σιν,
272 3316 355 3382 άλλά
377 3314 432 3382 καὶ
454 3325 575 3382 τοῦτον
597 3317 707 3401 ἀρδην
729 3317 948 3401 ἀφανίζουσιν
970 3319 1058 3385 ὅλον.
1080 3360 1083 3366 ·
1161 3354 1166 3361 *

138 3441 165 3481 τι
258 3421 331 3488 ”Im
360 3425 477 3488 τοίνυν
505 3416 531 3488 ὦ
558 3423 678 3509 ἀνδρες
705 3422 857 3490 δικασταὶ
883 3426 971 3509 παρὰ
996 3425 1057 3490 τὸν
1084 3428 1186 3507 λόγον

179 3527 219 3595 δν
235 3558 237 3564 “
255 3526 499 3614 ἀποφέρουσιν,
535 3529 567 3609 ἐξ
600 3524 648 3597 ὧν
679 3528 779 3602 αὐτοὶ,
806 3534 920 3616 λαβεῖν
952 3530 1184 3614 ὁμολογοῦσιν,
