2644 4182
168 141 214 205 46
494 130 856 198 amomon:

168 303 298 368 τούτων
324 301 536 368 ἀτοπώτατον
562 299 605 368 ἂν
627 302 762 368 πάντων
784 304 946 387 συμβαίη,
973 303 1005 367 εί
1025 302 1099 368 τότε
1121 297 1188 387 μὲν

168 409 209 472 τά
227 410 378 492 Χαβρίου
399 405 479 492 παρ’
504 408 585 492 ὑμῖν
607 410 688 492 ἔργα
711 411 822 492 μεῖζον
845 413 937 492 ίσχυε
960 418 1028 472 τῶν
1047 407 1187 474 Λεωδά-

168 537 292 598 μαντος
314 516 434 597 λόγων,
458 512 570 596 ἐπειδη
593 509 630 578 δὲ
648 513 751 580 ταῦτά
768 507 806 579 θ’
827 513 966 598 ὑπάρχει
983 511 1039 578 ιιαλ
1056 514 1097 580 τὰ
1114 523 1187 579 τῶν

169 620 280 685 ἀλλων
311 619 494 707 εὐεργετῶν
525 618 766 703 προσγέγονεν,
797 627 977 703 τηνικαῦτα
1007 618 1187 709 σύμπαντα

117 744 155 784 ιιι
168 722 260 790 ταῦτ’
279 723 502 809 ἀσθενέστερα
519 735 588 789 τῶν
605 725 727 790 τούτου
745 727 855 807 λόγων
872 722 1012 808 γίνοιτο.
1041 722 1098 790 καὶ
1115 725 1186 809 μην

168 833 252 914 πρός
274 827 306 913 γ’
325 825 571 916 Ἀριστοφῶντα
589 831 696 896 πολλὰ
712 827 768 896 καὶ
787 827 886 896 δίκαι’
910 827 952 896 ἂν
970 831 1057 914 ἔχειν
1075 831 1185 896 εἰπεῖν

168 933 269 1020 οἶμαι.
306 930 405 1013 οὗτος
423 935 537 1020 εὕρετο
556 936 618 1019 τὴν
637 936 780 1019 δωρειάν
798 929 875 1018 παρ’
892 934 983 1020 ὑμίν,
1002 934 1040 1000 όν
1053 927 1074 1021 ᾗ
1087 933 1180 1002 τοῦτ’

168 1040 257 1124 ίνῆυ.
302 1039 359 1108 καὶ
381 1041 423 1107 οὑ
444 1038 535 1106 τοῦτ’
562 1040 714 1125 ἐπιτιμῶ·
751 1042 806 1106 δεῖ
824 1043 889 1126 γὰρ
912 1039 965 1126 ἐφ’
991 1040 1072 1126 ὑμῖν
1094 1037 1184 1108 εἶναι

169 1149 303 1214 διδόναι
320 1147 360 1212 τὰ
378 1144 508 1232 ὑμέτερ’
526 1146 638 1212 αὐτῶν
656 1138 707 1222 οἷς
720 1143 763 1212 ἂν
775 1147 957 1230 βούλησθε.
985 1140 1057 1214 ἀλλ’
1074 1146 1183 1214 ἐκεῖνό

167 1250 199 1337 γ’
225 1251 301 1338 οὐχὶ
329 1254 460 1319 δίκαιον
487 1248 577 1318 εἶναι’
601 1275 702 1337 φημι,
730 1253 768 1318 τὸ
796 1253 851 1318 ὅτε
873 1247 935 1337 μὲν
956 1254 1063 1342 τοὺτφ
1086 1251 1178 1318 ταῦτ’

168 1362 303 1444 ἔμελλεν
338 1359 499 1444 ὑπάρχειν
537 1360 691 1441 λαβόντι,
727 1353 832 1443 μηδὲν
868 1357 1024 1441 ἡγεῖσθαι
1055 1361 1181 1442 δεινόν,

168 1464 281 1549 ἐπειδὴ
309 1461 340 1530 δ’
372 1462 497 1548 ἑτέροις
524 1462 672 1545 δίδοται,
702 1461 870 1547 τηνικαῦτ’
902 1463 1099 1546 ἀγανακτεῖν
1125 1463 1182 1531 καὶ

116 1589 154 1629 ιιι
167 1575 300 1637 πείθειν
322 1570 408 1655 ὑμᾶς
430 1569 624 1653 ἀφελέσθαι.
660 1567 716 1635 καί
738 1571 805 1654 μην
826 1566 882 1635 καὶ
906 1571 1061 1658 Γελάρχφ
1083 1569 1181 1636 πέντε

166 1674 298 1743 τάλαντ’
325 1676 511 1743 ἀποδοῦναι
534 1674 674 1761 γέγραφ’
698 1670 796 1752 οὗτος
819 1676 863 1752 ὡς
885 1679 1088 1761 παρασχόντι
1110 1689 1181 1755 τοῖς

166 1782 204 1848 όν
228 1789 381 1863 Πειραιεῖ
399 1790 461 1846 τοῦ
483 1783 608 1866 δήμου,
632 1778 687 1848 καὶ
709 1787 818 1858 καλῶς
840 1780 951 1846 ίποίει.
993 1782 1038 1866 μη
1060 1787 1179 1848 τοίνυν

167 1887 188 1953 ἃ
210 1885 272 1973 μὲν
293 1883 336 1971 ἦν
357 1887 539 1972 ἀμάρτυρα,
562 1881 655 1950 ταῦτ’
677 1883 729 1952 ἐπὶ
747 1895 787 1970 τῇ
805 1897 867 1953 τοῦ
886 1889 994 1970 δήμου
1011 1888 1179 1974 προφάσει

167 1994 223 2059 διὰ
254 2002 318 2059 σοῦ
349 1994 519 2073 δεδόσθω,
552 1985 600 2057 ὧν
629 1988 661 2058 δ’
693 1992 793 2070 αὐτὸς
820 1992 838 2059 ὑ
867 1994 971 2079 δῆμος
997 1996 1178 2079 μαρτυρίας

167 2095 276 2183 ἔστησ’
298 2097 336 2163 ἐν
358 2109 428 2175 τοῖς
451 2098 552 2180 ίεροίς
575 2097 769 2181 ἀναγράψας
790 2097 845 2164 καί
868 2100 988 2175 πάντες
1010 2103 1177 2184 συνίσασι,

165 2201 256 2271 ταῦτ’
284 2203 469 2288 ἀφελέσθαι
496 2206 664 2284 παραίνει·
696 2199 773 2288 μηδ’
799 2205 899 2282 αὑτὸς
926 2209 1051 2290 φαίνου
1077 2207 1118 2271 τά
1144 2205 1174 2272 τ’

167 2305 354 2396 ὀφειλόμεν’
376 2310 420 2386 ὡς
444 2309 629 2374 ἀποδοῦναι
653 2309 707 2374 δεῖ
726 2311 878 2394 γράφου,
901 2309 957 2377 καὶ
979 2311 1067 2388 ἅτις
1087 2313 1177 2397 παρὰ

115 2435 153 2474 ιω
165 2427 226 2484 τοῦ
245 2418 355 2501 δήμου
371 2418 570 2499 κεκόμισται,
593 2408 687 2480 ταῦτ’
708 2414 891 2498 ἀφελέσθαι
909 2428 1089 2500 παραινῶν.
1120 2417 1175 2484 καί

165 2523 231 2606 μην
253 2524 336 2604 πρός
355 2544 393 2605 γε
411 2522 649 2605 Κηφισόδοτον
666 2529 829 2586 τοσοῦτον
847 2520 890 2586 ἂν
909 2528 1041 2606 είποιμι.
1078 2516 1175 2603 οὗτός

165 2627 256 2693 ἐστιν
282 2627 421 2702 οὐδενὸς
447 2621 546 2708 ἦττον
575 2620 602 2690 ὦ
630 2625 750 2709 ἄνδρες
773 2619 945 2709 Ἀθηναῖοι
972 2638 1040 2693 τῶν
1062 2632 1173 2712 λεγόν-

163 2755 232 2797 τοιυ
255 2733 365 2809 δεινὸς
386 2734 499 2798 είπεῑυ.
535 2733 622 2796 πολὺ
644 2733 761 2796 τοίνυν
782 2731 918 2797 κάλλιον
941 2741 981 2818 τη
1000 2735 1162 2820 δεινότητι
1173 2749 1222 2799 σοι

163 2840 267 2925 ταότη
290 2844 434 2922 χρῆσθαι
457 2835 510 2902 ἐπὶ
533 2839 571 2903 τὸ
593 2838 672 2914 τοὺς
695 2837 893 2916 ἀδικοῦντας
910 2839 996 2923 ὑμᾶς
1012 2841 1170 2925 κολάζειν,

163 2944 185 3030 ἢ
207 2948 286 3022 τοὺς
308 2943 440 3027 ἀγαθοῦ
461 2945 552 3020 τινὸς
574 2946 701 3020 αἰτίους
723 2943 859 3010 ἀδικεῖν.
896 2947 928 3010 εί
946 2946 1010 3029 γὰρ
1028 2945 1168 3032 άπεχθά-
1295 3035 1296 3038 χ

163 3059 284 3118 υεσθαι
313 3053 404 3132 [τισι]
434 3053 499 3132 δεῖ,
527 3060 598 3126 τοῖς
624 3048 776 3115 ἀδικοῦσι
802 3050 862 3116 τὸν
889 3051 1011 3134 δῆμον,
1039 3052 1081 3118 οὐ
1103 3063 1170 3130 τοῖς

112 3175 149 3217 151
164 3157 294 3242 ἀγαθόν
321 3180 353 3222 τι
377 3165 534 3222 ποιοῦσιν
557 3157 659 3239 ἔγωγε
681 3157 802 3240 νομίζω
826 3157 905 3221 δεῖν.
950 3158 1033 3240 πρὸς
1054 3159 1168 3224 τοίνυν

165 3267 318 3330 Δεινίαν·
348 3257 446 3339 οὗτος
472 3268 552 3338 ίσως
579 3259 650 3345 ἐρεῖ
673 3264 886 3346 τριηραρχίας
911 3261 1015 3327 αὑτοῦ
1037 3261 1093 3328 καὶ
1114 3268 1168 3350 λη-

162 3373 327 3462 τουργίυς.
373 3367 436 3452 ἐγὼ
465 3364 510 3451 δ’,
538 3369 570 3432 εί
589 3370 716 3433 πολλοῦ
737 3376 778 3452 τῇ
800 3370 895 3434 πόλει
917 3371 1054 3446 Δεινίας
1076 3370 1168 3450 ἀξιον

163 3475 266 3541 αὑτὸν
296 3471 516 3559 παρέσχηκεν,
549 3473 593 3549 ὡς
624 3475 735 3556 ἔμοιγε
764 3473 859 3539 δοκεῖ
882 3473 924 3556 νὴ
952 3475 1030 3552 τοὺς
1056 3478 1165 3554 θεούς,
