2612 3918
487 145 582 196 ΚΑΤΑ
599 143 760 196 ΜΕΙΔΙΟΤ,
1062 140 1123 206 101

138 307 214 382 λλο;
239 306 423 393 τραγῳδοῖς
440 302 642 389 κεχορήγηκέ
656 301 737 368 ποθ’
762 297 869 386 οὗτος,
891 302 954 386 έγδι
974 300 1005 368 δ’
1027 303 1128 384 αὐλη-

116 407 187 488 frte
213 409 364 495 άνδράσι.
400 407 455 474 καὶ
477 409 528 474 ὅτι
549 418 646 474 τοῦτο
664 407 828 494 τάνάλωμ’
851 408 976 493 ἐκείνης
995 418 1051 493 τῆς
1070 411 1126 474 δα-

11 543 13 546 ·
43 535 69 566 ··-
101 527 106 535 “
131 523 226 600 ’άνης
248 515 350 582 πλέον
372 514 440 581 ἐστὶ
462 519 589 603 πολλῷ,
613 514 723 592 οὐδεὶς
746 515 862 599 ἀγνοεῖ
883 515 999 598 δήπου.
1036 513 1126 598 κάγδ)

11 651 13 660 ·
132 619 175 688 ὲν
202 621 381 707 ἐθελοντής
402 631 482 704 νῦν,
510 615 607 698 οὗτος
630 618 667 688 δὲ
690 622 850 699 καταστάς
873 620 906 701 έξ
929 621 1128 698 άντιδόσεως

75 741 111 763 “·”
130 731 207 813 ότε,
236 724 277 794 οὐ
304 729 401 813 χάριν
429 728 588 812 οὐδεμίαν
616 730 725 812 δήπου
753 729 887 804 δικαίως
914 729 956 793 άν
977 750 1027 804 τις
1049 729 1126 812 ἔχοι.

60 855 93 872 ·”
131 840 147 902 ι’
168 838 235 914 ἔτις
261 836 406 902 είστίακα
428 834 490 918 τήν
513 835 625 918 φυλήν
647 835 711 918 ἐγὼ
732 833 787 901 καὶ
807 836 1059 916 Παναθηναίοις
1076 855 1127 899 κε-

11 995 19 1013 ,
65 963 88 974 “
124 967 164 1028 χοι
177 945 300 1028 ήγηκα,
323 936 420 1018 οὗτος
441 935 471 1006 δ’
493 939 659 1027 οὐδέτερα.
696 942 828 1026 ἡγεμὼν
846 943 1030 1026 συμμορίας
1048 939 1127 1024 ύμῖν

51 1075 85 1114 ,·-
121 1049 283 1133 ἷγενόμην
315 1045 405 1130 [ἐγὼ]
439 1049 494 1130 ἔτη
525 1043 606 1128 δέκ’,
639 1052 715 1113 ίσον
745 1050 916 1132 Φορμίωνι
942 1042 998 1111 καὶ
1023 1048 1126 1110 Λυσι-

75 1176 96 1193 ·‘
119 1157 219 1240 θείδη
241 1151 296 1218 καὶ
317 1155 534 1239 Καλλαίσχρῳ
556 1150 612 1216 καὶ
633 1163 704 1228 τοῖς
725 1153 995 1234 πλουσιωτάτοις,
1018 1150 1127 1235 εἰσφέ-

117 1287 188 1348 ρων
217 1259 279 1326 οὐκ
305 1255 363 1342 ἀφ’
390 1257 602 1342 ὑπαρχούσης
629 1257 744 1334 οὐσίας
772 1257 852 1346 (ὑπὸ
879 1259 943 1343 γάρ
970 1268 1037 1322 τῶν
1060 1255 1126 1321 έπι-

111 1371 253 1454 τρόπων
274 1363 525 1449 ἀπεστερήμην),
549 1361 620 1428 ἀλλ’
643 1363 707 1430 άπὸ
725 1372 783 1446 τής
802 1364 899 1447 δόξης
918 1357 965 1428 ὧν
984 1362 1002 1428 ὁ
1020 1365 1127 1447 πατήρ

64 1498 96 1542 ,·
113 1499 173 1559 μοι
207 1469 379 1537 κατέλιπεν
410 1468 465 1534 καὶ
497 1463 545 1534 ὧν
578 1471 708 1537 δίκαιον
738 1466 782 1554 ήν
812 1492 852 1555 με
883 1469 1127 1554 δοκιμασθέντα

11 1631 32 1644 ..
58 1617 73 1652 ;
102 1581 330 1664 κομίσασθαι.
368 1570 516 1659 ἐγὼμὲν
540 1569 602 1639 οὖν
625 1574 731 1652 οὕτως
753 1575 834 1659 ὑμῖν
852 1577 1126 1661 προσενήνεγμαι,

11 1747 13 1754 ,
70 1719 80 1729 ·
112 1685 264 1760 Μειδίας
286 1679 323 1748 δὲ
345 1691 427 1758 πῶςς
453 1678 582 1746 οὐδέπω
605 1678 660 1746 καὶ
687 1684 830 1766 τήμερον
852 1685 1037 1767 συμμορίας
1054 1681 1124 1766 ήγε-

112 1794 190 1878 μὼν
218 1788 370 1873 γέγονεν,
398 1782 497 1852 οὐδὲν
524 1798 591 1852 τῶν
617 1784 779 1876 πατρῴων
808 1785 1046 1873 ἀποστερηθεὶς
1067 1783 1123 1854 ὐπ’

28 1975 35 1985 ,
70 1956 79 1966 .
114 1899 270 1979 οὐδενός,
293 1895 376 1960 άλλδ
398 1893 486 1977 παρά
508 1901 569 1957 τοῦ
591 1894 714 1977 πατρὸς
736 1895 863 1978 πολλήν
885 1893 1005 1960 οὐσίαν
1025 1917 1126 1978 παρα-

29 2062 34 2071 .
113 2003 242 2088 λαβών.
286 2003 336 2077 τίς
363 1993 425 2065 οὐν
451 1997 472 2081 ή
495 2001 697 2084 λαμπρότης,
724 1997 744 2082 ή
768 2001 855 2075 τίνες
877 1999 915 2064 αι’
935 2003 1127 2086 λητουργίαι

11 2179 16 2192 ,
50 2109 173 2192 ,ικαὶ
201 2109 242 2173 τά
269 2103 359 2191 σέμν’
391 2104 588 2189 ἀναλώματα
615 2105 749 2184 τούτους
782 2104 845 2189 ἐγὼ
873 2101 934 2190 μλν
961 2107 1021 2191 οὐχ
1049 2106 1126 2192 ὁρῶ,

112 2217 208 2298 πλήν
235 2214 266 2277 εί
291 2212 392 2276 ταῦτά
419 2233 469 2286 τις
490 2216 626 2293 θεωρεῖ·
657 2211 766 2275 οίκίαν
789 2207 1000 2297 ςόκοδόμηκεν
1019 2208 1127 2278 Ἐλευ-

11 2309 16 2318 ’
35 2403 39 2413 Ι
113 2334 190 2389 σῖνι
207 2319 381 2401 τοσαύτην,
402 2317 483 2382 ὥστε
502 2325 603 2381 πᾶσιν
622 2315 806 2382 ἐπισκοτεῖν
823 2327 893 2393 τοῖς
912 2316 948 2382 έν
965 2326 1011 2406 τῷ
1026 2320 1126 2407 τόπφ,

56 2469 70 2480 -
112 2425 177 2494 καὶ
204 2427 251 2502 είς
277 2427 440 2509 μυστήρια
467 2424 528 2507 τήν
554 2418 684 2507 γυναῖκ’
715 2423 803 2504 άγει,
834 2420 897 2487 κάν
925 2421 1047 2488 άλλοσέ
1070 2444 1126 2488 ποι

11 2527 13 2534 ’
43 2586 79 2599 ..
112 2533 295 2619 βούληται,
322 2528 374 2597 ἐπὶ
401 2537 462 2595 τοῦ
488 2533 608 2594 λευκοῦ
637 2529 771 2612 ζεύγους
797 2537 858 2593 τοῦ
885 2527 921 2593 έκ
943 2533 1126 2611 Σικυῶνος,

69 2672 74 2682 ’
112 2637 175 2707 καὶ
202 2647 290 2720 τρεῖς
312 2635 522 2711 άκολούθονς
544 2632 565 2717 ή
588 2631 743 2719 τέτταρας
765 2633 864 2711 αὐτὸς
887 2637 971 2719 ἔχων
994 2635 1050 2701 διδ
1070 2644 1129 2719 τής

113 2747 244 2830 ἀγορᾶς
271 2746 378 2826 σοβεῖ,
406 2741 489 2827 ῥυτά
513 2737 569 2806 καὶ
591 2743 713 2823 κυμβία
736 2738 790 2805 καλ
813 2741 934 2824 φιάλας
957 2739 1128 2826 ὀνομάζων

25 2921 32 2930 ,
57 2871 99 2912 ..ιο
115 2851 227 2926 οὕτως
250 2849 332 2913 ὥστε
354 2849 432 2924 τοὺς
455 2849 633 2931 παριόντας
658 2843 799 2911 άκούειν.
837 2843 901 2928 έγέο
925 2843 955 2910 δ’
978 2847 1039 2913 ὅσα
1057 2844 1178 2932 μὲνῖοο

50 2991 70 3040 :¹
114 2967 178 3042 τῆς
206 2957 292 3032 ίδίας
313 2963 441 3038 τρυφῆς
464 2953 573 3018 εἵνεκα
597 2952 738 3028 Μειδίας
761 2950 816 3016 καὶ
838 2956 1032 3035 περιουσίας
1052 2965 1126 3020 κτᾶ-

11 3061 15 3150 f
53 3108 60 3118 ·
114 3088 189 3146 ται,
218 3061 279 3126 οὐκ
306 3055 369 3126 οὐδ’
397 3059 415 3123 ὅ
441 3081 473 3123 τι
500 3059 578 3134 τοὺς
600 3059 743 3133 πολλοὺς
765 3057 859 3141 ὑμῶν
883 3058 1015 3142 ὠφελεῖ·
1048 3058 1122 3125 δύ’

19 3157 32 3172 ’
63 3199 68 3211 ·
115 3169 336 3252 ἐπαιρόμενος
366 3165 496 3240 τούτοις
527 3163 668 3248 ὑβρίζει,
704 3160 756 3227 ἐπὶ
789 3167 933 3241 πολλοὺς
963 3163 1018 3231 καὶ
1049 3169 1127 3244 τοὺς

32 3257 37 3266 ’
56 3312 61 3341 ι
114 3276 279 3358 τυχόντας
298 3272 390 3356 ὑμῶν
409 3266 623 3353 ἀφικνούμεν’
642 3267 717 3352 ὁρῶ.
749 3268 791 3334 οὐ
810 3270 863 3334 δεῖ
879 3270 920 3352 δή
936 3271 977 3335 τδι
990 3270 1120 3339 τοιαῦθ’

32 3359 40 3372 ’
116 3381 273 3448 ἑκάστοτε
295 3386 393 3462 τιμάν
416 3372 496 3441 οὐδὲ
518 3375 701 3459 θαυμάζειν
723 3374 824 3458 ὑμᾶς,
846 3371 925 3440 οὐδὲ
946 3377 1009 3460 τήν
1032 3381 1126 3462 φιλο-

53 3541 58 3551 ,
115 3488 234 3577 τιμίαν
257 3483 292 3557 ἐκ
313 3483 441 3554 τούτων
463 3483 599 3572 κρίνειν,
624 3487 724 3566 εἴτις
747 3481 917 3574 οἰκοδομεῖ
932 3485 1125 3579 λαμπρῶςή
