2612 3918
154 145 219 208 120
463 148 549 200 xx11.
572 145 851 198 Δεεωοεοοαονυ

152 305 297 390 θέατρον
320 316 440 372 τοῦτον
463 306 643 389 ἐσυρίττετε
666 303 722 371 καὶ
744 304 910 387 ἐκλώζετε,
934 301 1113 370 καὶπάνθ’
1141 301 1162 368 δ

152 417 271 497 μίσους
293 410 361 479 ἐστὶ
385 410 493 498 σημεῖ’
518 411 668 495 ἐποιεῖτε,
692 409 792 478 οὐδὲν
815 411 990 496 ἀκηκοότες
1012 432 1063 476 πω
1085 409 1162 492 περὶ

153 520 256 585 αὐτοῦ
282 517 359 605 παρ’
387 520 476 603 ἐμοῦ.
523 514 592 584 εἶτα
614 516 695 602 πρὶν
717 515 778 602 μέν
801 517 997 602 ἐλεγχθῆναι
1019 518 1057 583 τὸ
1079 527 1162 600 πρά-

153 649 234 709 γμα,
262 626 457 710 ὠργίζεσθε,
484 623 721 708 προύκαλεῖσθ’
749 623 802 690 ἐπὶ
828 627 988 710 τιμωρίαν
1015 624 1075 689 τὸν
1102 645 1161 688 πα-

153 733 269 814 θόντα,
289 730 465 816 ἐκροτεθθᾈ
488 732 541 796 ὅτε
559 731 797 816 προύβαλόμην
816 730 918 796 αὐτὸν
936 730 972 795 ἐν
991 738 1035 817 τῷ
1056 730 1160 817 δήμω·

100 854 138 894 2²²
154 837 266 920 ἐπειδή
300 833 330 902 δ’
362 837 601 921 ἐξελήλεγκται,
633 835 688 902 καὶ
715 836 985 921 προκατέγνωκεν
1012 835 1030 901 ὁ
1059 837 1162 919 δήμος

155 945 301 1026 [τούτου]
326 947 373 1021 είς
396 945 486 1029 ίερὸν
509 945 738 1028 καθεζόμενος,
765 940 820 1008 καλ
842 944 944 1007 τάλλα
964 942 1162 1025 προσεξήτα-

155 1067 227 1115 σται
251 1051 291 1114 τὰ
313 1049 524 1134 πεπραγμένα
547 1058 591 1137 τῷ
614 1057 720 1136 μιαρῷ
743 1049 865 1136 τούτῳ,
893 1046 948 1113 καὶ
971 1047 1162 1124 δικάσοντες

154 1158 313 1241 εἰλήχατε,
333 1155 387 1222 καί
406 1153 501 1221 πάντ’
525 1154 614 1221 ἐστίν
634 1155 670 1220 ἐν
688 1155 769 1240 ὑμῖν
787 1163 845 1242 μιᾷ
864 1157 965 1241 ψήφῳ
985 1154 1161 1239 διαπράξα-

154 1269 249 1345 σθαι,
277 1272 341 1329 νῦν
369 1257 518 1346 ὀκνήσετ’
544 1260 616 1346 ἐμοὶ
638 1266 820 1346 βοηθήσοι,
843 1272 888 1348 τῷ
913 1262 1005 1349 δήμῳ
1028 1263 1162 1345 χαρίσα-

154 1374 245 1450 σθαι,
269 1372 347 1446 τοὺς
365 1370 486 1445 άλλους
505 1371 722 1451 σωφρονίσαι,
743 1369 822 1452 μετὰ
841 1372 964 1450 πολλῆς
981 1366 1163 1450 ἀσφαλείας

153 1476 190 1539 τὸ
210 1475 326 1540 λοιπὸν
345 1476 483 1559 διάγειν,
507 1474 714 1557 παράδειγμα
732 1476 929 1557 ποιήσαντες
950 1481 1071 1538 τοῦτον
1093 1484 1163 1550 τοῖς

154 1582 279 1659 άλλοις;

243 1687 386 1752 Πάντων
410 1681 473 1751 οὖν
497 1686 605 1751 ε’ίνεκα
628 1696 694 1750 τῶν
718 1684 911 1770 εἰρημένων,
936 1682 991 1750 καὶ
1013 1687 1153 1769 μάλιστα
1163 1696 1215 1747 587

154 1802 213 1858 τοῦ
246 1799 330 1858 θεοῦ
362 1793 458 1876 χάριν
490 1789 564 1875 περὶ
597 1785 638 1855 οὗ
669 1793 731 1875 τήν
762 1789 880 1874 ἑορτήν
910 1790 1039 1874 ἀσεβῶν
1066 1785 1163 1868 οὗτος

154 1900 271 1982 ήλωκε,
294 1899 355 1980 τήν
378 1897 474 1962 ὁσίαν
497 1895 552 1962 καὶ
576 1899 705 1962 δικαίαν
728 1896 866 1980 θέμενοι
889 1905 1004 1980 ήήφον
1021 1901 1163 1982 τιμωρή-

155 2013 261 2071 σασθε
284 2013 412 2070 τοῦτον.

606 2361 709 2427 XXII.

212 2501 333 2576 KAT'
361 2501 734 2578 ΑΝΔΡΟΤΙΩΝΟΣ
759 2501 1100 2581 ΠΑΡΑΝΟΜΩΝ.

460 2690 638 2742 ΛΙΒΑΝΙΟΤ
657 2691 856 2746 ΤΠΟΘΕΣΙΣ.

244 2805 303 2874 Δί’
327 2805 403 2892 ἦσαν
430 2810 462 2872 ἐν
487 2805 630 2889 Ἀθήναις
657 2811 777 2890 βουλαί,
803 2807 822 2890 ή
849 2808 902 2892 μὲν
925 2812 1064 2893 διηνεκής
1086 2811 1107 2894 ή
1130 2815 1164 2879 ἐν

152 2907 253 2996 Ἀρείῳ
280 2909 380 2996 πάγῳ,
407 2909 474 2988 περί
498 2931 527 2969 τε
555 2907 658 2986 φόνων
681 2907 824 2970 ἑκουσίων
847 2908 897 2970 καί
918 2912 1091 2991 τραυμάτων
1113 2914 1164 2976 καὶ

155 3009 297 3070 τοιούτων
325 3015 414 3068 τινῶν
442 3005 614 3086 δικάζουσα,
641 3004 722 3088 ἕτέρα
750 3001 777 3066 δ’
804 3002 824 3084 ή
851 3005 887 3067 τὰ
914 3007 1046 3069 πολιτικὰ
1072 3011 1163 3092 πράτ-

155 3120 259 3167 τουσα·
283 3104 357 3183 αὕτη
382 3100 413 3165 δὲ
436 3098 499 3164 κατ’
520 3102 656 3165 ἐνιαυτὸν
674 3103 820 3186 ἠμείβετο,
842 3103 875 3164 ἐκ
891 3107 1091 3168 πεντακοσίων
1110 3106 1163 3168 διν-

157 3203 236 3284 δρῶν
267 3211 325 3262 τῶν
355 3201 409 3280 τήν
436 3199 627 3282 βουλευτικήν
654 3197 771 3278 ἡλικίαν
799 3197 930 3281 άγόντων
958 3201 1163 3283 συνισταμένη.

157 3300 248 3379 νόμος
275 3295 303 3361 δ’
329 3293 368 3380 ἦν
395 3299 551 3361 ἐπιτάττων
577 3309 612 3383 τῇ
635 3301 729 3384 βουλῇ
752 3297 842 3383 ταύτῃ
865 3303 1017 3359 ποιεῖσθαι
1037 3299 1163 3382 τριήρεις

157 3397 277 3474 καινάς,
305 3395 357 3457 ἐὰν
387 3393 418 3456 δὲ
445 3394 484 3476 μή
509 3395 681 3476 ποιήσηται,
708 3394 831 3457 κωλύων
854 3393 948 3474 αὐτήν
971 3397 1062 3458 αίτεῖν
1083 3397 1163 3476 παρὰ

159 3501 210 3556 τοῦ
238 3492 334 3574 δήμου
358 3493 477 3574 δωρεάν,
523 3501 580 3559 νῦν
604 3492 706 3558 τοίνυν
729 3489 748 3578 ἡ
772 3489 825 3578 μὲν
848 3491 941 3580 βουλή
964 3491 1015 3574 τάς
1038 3494 1163 3580 τριήρεις
