2590 3900
166 173 232 238 254
467 173 566 227 xx1v.
589 171 868 225 ΔΗΜΟΣΘΕΝΟΤΣ

165 334 290 412 πάντας
316 331 428 422 σςόζεις
454 342 500 422 τῷ
523 335 623 421 νόμω.
669 336 776 398 καίτοι
799 333 889 410 ὅστις
911 331 948 399 ἐν
971 333 1174 419 δημοκρατίᾳ

165 446 360 525 νομοθετῶν
378 436 459 524 μήθ’
476 434 560 524 ὑπὲρ
578 449 645 504 τῶν
665 439 764 523 ίερῶν
782 433 864 523 μήθ’
885 435 969 521 ὑπὲρ
987 448 1048 505 τοῦ
1067 441 1175 523 δήμου

165 553 351 630 νομοθετεῖ,
375 543 446 610 ἀλλ’
468 541 552 629 ὑπὲρ
571 537 619 608 ὧν
637 539 732 611 εἷπον
751 544 880 630 ἀρτίως,
901 556 971 622 πῶς
988 545 1030 611 ού
1049 546 1176 622 δίκαιός

115 673 152 713 ιεο
166 651 236 717 έστι
256 661 314 736 της
337 651 471 735 ἐσχάτης
493 653 651 736 τιμωρίας
672 660 799 735 τνχείν;
824 650 866 716 οὐ
887 651 951 734 γὰρ
971 651 1012 734 δή
1032 649 1102 737 ἐρετ
1118 663 1225 734 ναῖεν

166 759 211 836 ὡς
237 761 315 835 τοὺς
341 759 514 835 τοιούτους
541 757 583 823 οὐ
609 754 665 823 καὶ
689 759 848 840 προσήκει
870 754 926 823 καὶ
949 757 985 822 οί
1003 759 1101 842 νόμοι
1124 781 1176 822 κε·

166 864 301 930 λεύουσι
327 874 398 940 ταῖς
425 866 592 948 μεγίσταις
615 865 787 950 τιμωρίαις
810 861 948 947 ἐνόχους
970 859 1085 948 είναιφ
1099 860 1173 929 οὐδ’

166 972 211 1048 ὡς
233 965 337 1053 οὗτοι,
362 965 445 1051 ὑπὲρ
469 964 517 1035 ὧν
540 969 658 1054 εὕρηκε
680 969 740 1035 τὸν
760 971 878 1054 νόμον,
901 969 943 1035 οὐ
965 967 1019 1034 καὶ
1041 969 1177 1036 κλέπται

165 1075 221 1143 καλ
244 1078 415 1160 ίερόσυλοί
434 1077 509 1158 είσι,
532 1077 573 1141 τά
595 1071 656 1159 μέν
681 1076 763 1159 ίερά,
786 1076 844 1153 τὰς
862 1076 999 1153 δεκάτας
1016 1085 1074 1160 τῆς
1090 1084 1176 1142 θεοῦ

165 1181 221 1249 καὶ
238 1185 296 1260 τάς
313 1182 534 1265 πεντηκοστὰς
551 1191 619 1247 τῶν
637 1182 747 1247 ἀλλων
764 1186 867 1264 θεῶν,
886 1185 1103 1266 σεσυληκότες
1120 1180 1176 1248 καὶ

166 1286 239 1354 ἀντὶ
261 1297 322 1354 τοῦ
345 1287 530 1354 ἀποδοῦναι
553 1285 648 1352 αὐτοὶ
671 1289 810 1372 ἔχοντες,
833 1288 874 1353 τά
897 1281 927 1352 δ’
953 1287 1043 1371 όσια,
1066 1286 1088 1353 δ
1111 1288 1176 1371 ἐγί-

165 1417 262 1478 γνετο
276 1393 427 1479 ὑμέτερα,
441 1395 647 1477 κεκλοφότες.
673 1393 824 1478 διαφέρει
839 1389 876 1459 δέ
889 1401 1051 1459 τοσοῦτον
1065 1394 1177 1460 αὐτῶν

165 1499 186 1584 ή
215 1500 383 1585 ἱεροσυλία
409 1509 476 1564 τῶν
504 1499 629 1582 ἀλλων,
662 1498 744 1564 ὅσον
769 1499 832 1582 τήν
859 1497 965 1584 ἀρχήν
992 1497 1065 1565 οὐδ’
1096 1500 1176 1584 ἀνή-

113 1626 149 1667 ιει
165 1629 287 1688 νενκαν
310 1607 357 1682 είς
379 1605 440 1688 τήν
463 1603 661 1688 ἀκρόπολιν,
684 1603 763 1670 δέον
785 1604 915 1682 αὐτούς.
959 1600 1051 1691 οἶμαι
1073 1602 1111 1672 δέ
1133 1608 1176 1690 νὴ

166 1713 225 1777 τὸν
247 1715 315 1777 Δία
342 1713 401 1777 τὸν
425 1707 604 1794 Ὀλύμπιον
632 1706 657 1775 ὦ
686 1712 805 1796 ἀνδρες
832 1712 998 1796 δικασταί,
1026 1712 1089 1778 οὐκ
1111 1712 1175 1778 ἀπὸ
1215 1739 1218 1744 ·

166 1815 373 1902 ταάτομάτον
399 1819 461 1901 τήν
482 1815 583 1901 ὕβριν
604 1814 660 1882 καὶ
682 1819 744 1901 τήν
766 1817 1000 1902 ὑπερηφανίαν
1022 1817 1177 1884 ἐπελθεῖν

163 1920 390 2009 Ἀνδροτίωνι,
421 1921 493 1988 ἀλλ’
519 1923 584 1988 ὑπὸ
612 1932 670 2007 της
695 1929 781 1989 θεοῦ
808 1924 1089 2009 ἐπιπεμφθεῖσαν,
1117 1922 1175 2009 ἵν’,

166 2031 275 2115 ὥσπερ
299 2031 335 2096 οί
353 2030 394 2094 τά
417 2030 603 2115 ἀκρωτήρια
626 2039 683 2114 τῆς
701 2033 809 2113 Νίκης
830 2033 1068 2114 περικόψαντες
1088 2029 1177 2095 ἀπώ-

165 2134 255 2204 λοντ’
282 2133 377 2203 αὐτοὶ
399 2130 458 2220 ὑφ’
485 2136 611 2220 αὑτῶν,
641 2135 727 2201 οὕτω
750 2133 806 2202 καλ
828 2130 923 2201 οὗτοι
946 2131 1041 2201 αὐτοὶ
1063 2135 1176 2214 αὐτοῖς

165 2245 372 2327 δικαζόμενοι
391 2241 580 2326 ἀπόλοιντο,
598 2240 654 2307 καὶ
671 2244 711 2306 τά
729 2245 877 2327 χρήματα
891 2249 1068 2307 καταθεῖεν
1081 2242 1176 2308 δεκα·

164 2351 287 2416 πλάσια
310 2348 391 2414 κατὰ
413 2349 492 2424 τοὺς
514 2349 638 2432 νόμους
660 2346 681 2431 ή
705 2349 845 2414 δεθεῖεν.

113 2475 152 2515 ιεε
253 2454 425 2538 Βούλομαι
452 2450 482 2518 δ’
509 2452 606 2537 ὑμίν,
634 2453 652 2518 ὃ
678 2454 798 2537 μεταξὺ
820 2452 926 2537 λέγων
949 2452 1025 2538 περὶ
1047 2454 1175 2520 τούτων

166 2559 392 2643 ἐνεθυμήθην,
416 2560 521 2624 εἰπεῖν
544 2556 619 2644 περὶ
642 2553 683 2625 οὗ
705 2557 825 2643 τέθηκε
845 2562 964 2643 νόμον,
986 2559 1175 2643 παράδοξόν
1198 2589 1199 2592 “

164 2689 212 2750 τι,
234 2667 431 2750 θαυμαστὸν
453 2665 579 2748 ἡλίκον.
624 2660 722 2741 οὗτος
744 2665 807 2749 νάρ
831 2659 858 2730 δι
881 2666 1001 2749 ἀνδρες
1023 2663 1175 2731 δικασταί

164 2783 234 2849 τοῖς
270 2767 330 2856 μέν
361 2773 402 2837 τά
432 2771 508 2856 τέλη
542 2770 745 2855 ὠνουμένοις
776 2774 898 2855 ἔγραψε
930 2772 987 2848 τάς
1016 2775 1175 2856 τιμωρίας

165 2874 265 2959 εἶναι,
294 2878 325 2942 εί
350 2878 394 2962 μή
422 2878 638 2961 καταβάλοιεν
661 2878 700 2941 τά
723 2879 886 2962 χρήματα,
913 2877 996 2942 κατά
1017 2879 1096 2954 τοὺς
1118 2880 1174 2943 νό-

165 3008 247 3070 μους
273 2986 352 3060 τοὺς
378 2981 574 3066 προτέρους,
603 2982 640 3048 έν
667 2975 718 3060 οἷς
742 2981 798 3048 καὶ
821 2982 839 3048 ό
863 2983 982 3067 δεσμὸς
1004 2980 1059 3048 καὶ
1081 2984 1102 3067 ή
1127 2985 1175 3049 δι-

164 3094 286 3156 πλασία
317 3087 513 3175 γέγραπται,
546 3089 740 3175 ἀνθρώποις
766 3091 803 3168 οἳ
828 3090 883 3154 διά
910 3089 947 3153 τὸ
976 3091 1175 3173 ζημιοῦσθαι

164 3196 217 3261 ἐπὶ
239 3205 279 3282 τῇ
303 3196 372 3280 ὠνῇ
394 3197 530 3272 ἀκοντες
547 3198 685 3280 ἔμελλον
702 3197 764 3280 τήν
783 3197 881 3262 πόλιν
900 3196 1084 3280 ἀδικήσειν·
1107 3207 1177 3273 τοῖς

164 3297 194 3364 δ’
222 3300 484 3387 ὑφαιρουμένοις
510 3303 550 3367 τά
577 3311 633 3385 τῆς
660 3305 787 3379 πόλεως
813 3300 870 3367 καὶ
897 3303 1109 3387 ἱεροσυλοῦσι
1135 3305 1174 3368 τά

163 3413 221 3487 τῆς
248 3411 332 3471 θεοῦ
358 3409 418 3472 τὸν
446 3409 571 3492 δεσμὸν
597 3405 741 3492 ἀφεῖλεν.
772 3410 894 3473 καίτοι
916 3409 949 3472 εί
969 3404 1030 3491 μὲν
1052 3407 1174 3474 ἐλάττω

163 3509 304 3587 τούτους
326 3511 453 3579 ἀδικεῖν
476 3513 612 3580 ἐκείνων
633 3517 769 3598 νομίσαι
792 3517 923 3598 φήσεις,
950 3513 1076 3598 ἀνάγκη
1100 3517 1173 3599 μαί-
