2614 3904
183 262 250 328 418
467 265 576 319 xxxv.
600 262 905 336 [αευοεοταουτ]

183 419 264 508 πρὶν
286 422 477 490 ἀποδοῦναί
495 447 553 509 μοι
575 427 615 490 τά
638 427 802 510 χρήματα,
830 427 984 512 Λακρίτῳ
1006 422 1127 513 τουτῳὶ
1150 430 1196 490 εί·
1296 485 1297 488 ,

185 533 267 613 ληχα
290 529 351 616 την
375 530 472 614 δίκην
493 531 618 614 ταύτην
640 530 722 596 κατὰ
742 532 820 607 τοὺς
838 530 960 607 αὐτοὺς
977 531 1102 614 νόμους
1118 532 1196 596 τού-
1238 567 1242 582 ·

156 655 272 717 ιτους,
295 631 373 700 καθ’
396 633 520 715 οὕσπερ
539 636 575 700 τὸ
595 636 801 719 συμβόλαιον
818 632 1035 719 ἐποιησάμην,
1058 634 1194 723 ἀδελφῷ

185 741 257 806 ὄντι
278 741 385 828 τούτῳ
407 737 537 804 ἐκείνου
560 737 614 804 καὶ
637 741 747 824 ἔχοντι
770 740 899 804 ἅπαντα
920 741 961 804 τά
981 735 1195 824 Ἀρτέμωνος,
1296 767 1297 776 ’

184 842 239 909 καί
262 839 312 910 δσ’
335 843 458 912 ένδάδε
481 845 632 912 κατέλιπε
655 843 710 911 καὶ
733 847 795 911 ὅσα
817 841 860 929 ἦν
887 845 976 934 αὐτῷ
1002 846 1039 912 έν
1061 855 1100 932 τῇ
1127 850 1195 912 Φα-
1296 865 1297 898 ¹

185 951 307 1035 σήλιδι,
329 949 384 1017 καὶ
406 953 602 1040 κληρονόμῳ
626 953 698 1016 όντι
716 959 783 1017 τῶν
803 951 932 1016 ἐκείνου
950 950 1116 1034 ἀπάντων,
1139 951 1195 1019 καὶ

184 1057 246 1125 οὐκ
273 1055 315 1122 ἀν
342 1059 476 1141 ἔχοντος
498 1058 620 1123 τούτου
644 1054 748 1134 δείξαι
770 1059 893 1142 νόμον,
920 1057 1009 1134 ὅστις
1032 1057 1121 1146 αὐτῷ
1144 1059 1195 1123 δί
1296 1119 1297 1132 ,

185 1164 289 1229 δοσιν
316 1161 484 1245 ἐξουσίαν,
515 1163 602 1247 ἔχειν
630 1157 691 1246 μὲν
718 1164 758 1227 τὰ
785 1171 846 1229 τοῦ
868 1161 1017 1247 ἀδελφοῦ
1040 1160 1094 1228 καὶ
1118 1165 1195 1252 διῳ-

184 1267 318 1352 κηκέναι
337 1267 425 1345 ὅπως
443 1267 551 1333 ίδόκει
570 1267 669 1356 αὐτῷ,
688 1268 732 1352 μη
752 1267 949 1333 ἀποδιδόναι
969 1264 1005 1334 δὲ
1018 1268 1195 1354 τάλλότρια

183 1376 347 1460 χρήματα,
375 1373 458 1439 ἀλλά
485 1373 594 1457 λέγειν
621 1384 686 1440 νῦν
714 1375 764 1439 ὅτι
792 1373 854 1440 οὐκ
881 1377 950 1441 ἔστι
978 1378 1195 1460 κληρονόμος,

158 1479 255 1547 τᾶλλ’
282 1479 460 1564 ἀφίσταται
482 1491 549 1546 τῶν
573 1478 710 1546 ἐκείνου.
746 1480 766 1563 ἡ
790 1476 851 1565 μὲν
873 1477 1008 1546 τουτουί
1026 1484 1197 1565 Λακρίτου

184 1589 328 1671 πονηρία
350 1586 485 1670 τοιαύτη
509 1586 612 1652 ἐστίν·
636 1584 699 1668 ἐγὼ
724 1583 754 1650 δ’
776 1586 871 1670 ὑμῶν
894 1585 1010 1671 δέομαι
1031 1583 1057 1652 ἀι
1076 1589 1197 1674 ἀνδρες

185 1689 335 1758 δικασταὶ
368 1691 527 1768 εὐνοϊκῶς
558 1691 702 1758 ἀκοῦσαί
725 1715 791 1775 μου
817 1690 892 1777 περὶ
918 1701 980 1759 τοῦ
1005 1693 1198 1778 πράγματος

184 1800 335 1864 τουτουί·
367 1796 430 1862 κάν
459 1797 579 1879 ἐλέγξω
607 1797 710 1863 αὐτὸν
737 1796 916 1865 ἀδικοῦντα
943 1798 1029 1883 ημᾶς
1055 1821 1090 1864 τε
1117 1802 1197 1877 τοὺς

186 1905 402 1981 δανείσαντας
424 1901 480 1970 καὶ
503 1903 588 1988 ὑμᾶς
610 1899 711 1969 οὐδὲν
733 1897 849 1987 ἧττον,
875 1908 1031 1989 βοηθεῖτε
1053 1904 1132 1990 ἡμῖν
1155 1907 1197 1970 τά

186 2011 305 2076 δίκαια.

151 2133 172 2174 ε
270 2113 352 2199 Ἐγὼ
367 2117 430 2199 γὰρ
447 2111 474 2181 ὦ
493 2115 612 2200 ἀνδρες
628 2115 781 2182 δικασταί
800 2115 900 2194 αὐτὸς
917 2113 978 2200 μὲν
997 2113 1070 2183 οὐδ’
1089 2116 1196 2183 ὁπωσ-

185 2232 280 2289 τιοῦν
308 2221 484 2305 ἐγνώριζον
511 2223 590 2300 τοὺς
617 2221 818 2307 ἀνθρώπους
840 2223 991 2300 τούτους·
1020 2225 1196 2308 Θρασυμή-

186 2330 246 2413 δης
270 2321 299 2392 δ’
325 2326 343 2391 ὁ
365 2327 563 2410 Διοφάντου
585 2325 669 2410 υίὸς,
693 2327 823 2394 ἐκείνου
845 2337 905 2393 τοῦ
924 2331 1108 2412 Σφηττίου,
1131 2327 1188 2394 καὶ
1198 2341 1248 2390 925

187 2434 393 2509 Μελάνωπος
418 2431 436 2496 ὁ
460 2432 605 2517 ἀδελφὸς
627 2433 730 2500 αὐτοῦ
753 2433 935 2516 ἐπιτήδειοί
954 2437 1014 2519 μοί
1033 2435 1112 2517 εἰσι,
1140 2434 1196 2501 καὶ

185 2535 330 2625 χρώμεθ’
361 2537 517 2621 ἀλληλοις
546 2539 591 2616 ώς
610 2531 691 2605 Ιοἷόν
718 2562 753 2604 τε
779 2540 927 2622 μάλιστα.
974 2535 1067 2607 οὗτοι
1093 2558 1197 2626 προσ-

185 2647 294 2729 ῆλθόν
326 2667 383 2728 μοι
415 2645 495 2727 μετά
525 2647 695 2729 Λακρίτου
726 2647 878 2726 τουτουί,
915 2644 1042 2711 ὁπόθεν
1074 2648 1198 2730 δήποτε

159 2747 424 2835 τέχνωρισμένοι
450 2751 556 2838 τούτῳ
586 2748 642 2836 (οὐ
668 2751 732 2835 χάρ
760 2745 867 2836 οἶδα),
894 2748 1107 2830 καὶέδέοντό
1130 2775 1198 2838 μου

187 2857 337 2922 δανεῖσαι
359 2853 497 2940 χρήματ’
519 2857 566 2932 είς
588 2857 647 2921 τὸν
667 2858 801 2921 Πόντον
814 2853 993 2941 Ἀρτέμωνι
1010 2864 1056 2945 τῷ
1074 2859 1198 2924 τούτου

186 2962 320 3050 ἀδελφῷ
340 2953 394 3026 καὶ
410 2960 658 3050 Ἀπολλοδώρῳ,
679 2963 767 3039 ὅπως
783 2959 825 3027 ἀν
839 2960 968 3048 ἐνεργοὶ
983 2958 1076 3046 ώσιν,
1095 2962 1198 3032 οὐδὲν

187 3069 283 3144 εἰδώς
306 3063 332 3134 ώ
356 3069 475 3152 ἀνδρες
499 3068 650 3134 δικασταὶ
669 3065 741 3133 οὐδ’
763 3067 782 3134 ὁ
803 3069 1024 3154 Θρασυμήδης
1041 3072 1103 3155 την
1120 3073 1197 3137 τού-

186 3198 253 3245 των
280 3177 460 3259 πονηρίαν,
492 3170 563 3238 ἀλλ’
596 3175 747 3257 οίόμενος
775 3169 860 3239 εἶναι
887 3174 1037 3251 ἐπαινεῖς
1064 3176 1198 3262 ἀνδρώ-

187 3302 271 3357 πους
293 3279 348 3345 καί
372 3272 499 3364 οἷοίπερ
522 3289 784 3362 προσεποιοῦντο
806 3277 860 3345 καί
880 3282 1008 3364 ἔφασαν
1026 3276 1124 3366 εἶναι,
1142 3281 1199 3348 καὶ

187 3385 372 3470 ἡγούμενος
389 3388 541 3469 ποιησειν
560 3384 681 3463 αὐτοὺς
697 3387 815 3469 πάντα,
834 3386 958 3489 όσαητερ
971 3385 1197 3473 ὑπισχνοῦντο

160 3488 243 3553 sual
271 3489 441 3574 ἀνεδέχετο
466 3491 630 3576 Λάκριτος
656 3492 778 3558 οὑτοσί.
824 3498 979 3558 πλεῖστον
1008 3489 1038 3560 δ’
1070 3491 1122 3579 ἀρ’
1154 3490 1199 3578 ἦν

189 3593 403 3678 ἐψευσμένος,
435 3594 489 3661 καὶ
523 3595 623 3663 οὐδὲν
654 3597 727 3683 ᾔδει
755 3600 838 3676 οἵοις
864 3601 997 3684 θηρίοις
1025 3599 1197 3684 ἐπλησίαζε
