2590 3900
426 170 521 219 ΚΑΤΑ
539 167 806 220 Τταοττεετοτω.
1074 162 1139 227 235

129 327 284 410 αἰσχρὸν,
317 325 392 413 περὶ
424 322 484 393 ὧν
500 323 582 412 μηδὲ
610 329 801 412 χαρίζεσθαι
829 328 901 392 δεῖν
926 326 1140 408 ὑπειλήφατε,

129 431 206 516 περὶ
238 435 366 497 τούτων
397 431 546 498 ἀκόντων
577 429 672 515 ὑμῶν
704 430 762 495 έάν
794 430 816 494 ά
846 453 934 507 τινες
960 431 1140 513 βούλονται

130 545 331 624 πραχθῆναι.

221 642 305 727 Λέγε
328 645 387 709 τὸν
411 643 490 727 μετά
512 653 632 710 τοῦτον
656 642 781 727 έφεξής.

88 865 117 906 ⁸⁴
564 854 700 906 ΝΟΜΟΣ.

211 961 310 1027 Ὅσον
337 966 405 1044 δίκη
432 964 574 1046 πρότερον
601 963 713 1047 ἐγένετο
740 962 761 1043 ἢ
788 961 907 1024 είίθυνα
930 959 951 1043 ἢ
974 962 1142 1024 διαδικασία

174 1063 244 1143 περί
263 1085 317 1125 του
340 1062 373 1125 έν
396 1062 588 1149 δικαστηρίῳ,
615 1060 635 1142 ή
658 1063 720 1146 ίδίρι
742 1059 762 1141 ή
786 1060 928 1145 δημοσίᾳ,
950 1058 971 1140 ἢ
993 1059 1026 1122 τδ
1050 1060 1142 1139 δημό-

175 1176 241 1220 σιον
262 1156 397 1238 ἀπέδοτο,
419 1157 459 1238 μή
479 1159 605 1241 εἰσάγειν
623 1157 691 1240 περὶ
708 1159 821 1220 τούτων
840 1159 882 1230 είς
900 1157 932 1218 τὸ
953 1157 1141 1236 δικαστήριον

175 1249 246 1336 μηδ’
266 1254 458 1334 ἐπιψηφίζειν
481 1265 539 1316 τῶν
560 1253 709 1338 ἀρχόντων
727 1252 852 1333 μηδένα,
875 1250 949 1333 μηδὲ
968 1259 1142 1334 κατηγορεῖν

175 1349 292 1413 έάντων
313 1348 334 1412 ἀ
357 1350 413 1413 οὐκ
435 1351 523 1413 έῶσιν
547 1351 579 1413 οἱ
598 1350 694 1431 νόμοι.

88 1508 116 1550 τε
224 1489 428 1573 Τιμοκράτης
454 1491 585 1570 τοίνυν,
614 1488 724 1572 ὥσπερ
751 1490 937 1573 μαρτυρίαν
964 1481 1011 1552 ὧν
1035 1487 1145 1552 ἀδικεῖ

129 1595 286 1680 γράφων,
314 1595 418 1676 εὐθὺς
445 1593 626 1677 ἀρχόμενος
653 1601 714 1658 τοῦ
736 1595 843 1677 νόμον
865 1587 1015 1658 τάναντί’
1041 1595 1141 1676 ἔθηκε

129 1701 270 1776 τούτοις.
306 1698 324 1764 6
347 1698 409 1783 μέν
431 1693 462 1782 γ’
485 1699 546 1764 οὐκ
570 1699 607 1784 ἐᾷ
630 1697 705 1783 περὶ
729 1693 776 1764 ἀν
798 1697 840 1763 ἀν
859 1697 943 1776 άπαξ
961 1707 1031 1786 γνῷ
1051 1699 1141 1763 δικα-

131 1808 268 1891 στήριον
295 1805 395 1870 πάλιν
421 1807 643 1890 χρηματίζειν·
671 1804 689 1870 6
718 1799 748 1869 δ’
774 1807 911 1889 έγραψε,
939 1801 995 1870 καὶ
1023 1809 1057 1870 εί
1075 1827 1142 1868 τινι

129 1913 384 1995 προστετίμηται
404 1910 486 1974 κατὰ
504 1912 609 1993 νόμον
627 1909 648 1994 ή
666 1911 748 1975 κατά
765 1913 931 1994 ψήφισμα,
953 1912 1013 1975 τὸν
1032 1911 1139 1993 δήμον

129 2018 236 2103 τούτῳ
260 2019 483 2101 χρηματίζειν,
511 2016 599 2091 ὅπως
622 2014 643 2079 δ
665 2011 726 2099 μέν
749 2018 834 2098 ἔγνω
858 2017 895 2080 τὸ
919 2017 1192 2099 δικαστήριονιιε

131 2126 328 2206 λυθήσεται,
357 2123 552 2205 καταστήσει
580 2115 610 2186 δ’
637 2121 797 2204 ἐγγυητάς
825 2121 842 2186 6
871 2121 995 2205 ὀφλών.
1040 2120 1096 2186 καί
1123 2121 1141 2187 6

130 2225 192 2313 μέν
214 2230 317 2312 νόμος
339 2224 417 2312 μηδ’
440 2227 649 2310 ἐπιψηφίζειν
672 2225 755 2310 φησί
777 2239 845 2292 τῶν
863 2227 1035 2313 ἀρχόντων
1053 2229 1142 2312 παρὰ

130 2343 234 2399 ταῦτα
257 2333 395 2417 μηδένα·
419 2333 437 2398 6
461 2329 491 2398 δ’
515 2335 637 2417 έγραήε
660 2343 729 2410 τοῖς
751 2331 927 2417 προέδροις
950 2332 1140 2416 ἐπάναγκες,

132 2440 191 2505 ε’άν
209 2463 258 2515 τις
275 2444 429 2522 καθιστῇ,
452 2439 642 2523 προσάγειν,
663 2435 718 2502 καί
736 2435 939 2523 προσέγραψ’
961 2436 1076 2522 ,ὁπότ’
1100 2441 1142 2505 ἀν

131 2569 182 2622 τις
204 2545 393 2627 βούληταίέ.

90 2671 118 2712 τε
221 2648 300 2734 Λέγ’
328 2652 430 2715 ἀλλον
452 2653 566 2735 νόμον.

565 2842 701 2895 ΝΟΜΟΣ.

222 2952 282 3027 Τάς
306 2953 390 3026 δίκας
412 2951 463 3014 καί
484 2951 536 3025 τάς
560 2951 682 3030 διαίτας,
705 2953 773 3014 δσαι
792 2951 928 3035 έγένοντο
946 2953 995 3016 έπί
1012 2962 1072 3029 τοῖς
1090 2956 1141 3019 νό-

177 3073 244 3130 μοις
266 3049 298 3112 έν
322 3047 585 3134 δημοκρατουμένη
607 3059 643 3134 τῇ
665 3051 762 3129 πόλει,
785 3051 890 3131 κυρίας
913 3045 996 3111 εἶναι.

225 3180 274 3244 Οὔ
302 3196 385 3262 φησι
411 3177 630 3261 Τιμοκράτης,
658 3178 783 3242 οὔκουν
810 3177 945 3254 ὁπόσοις
967 3177 997 3261 γ’
1025 3177 1067 3245 ἀν
1090 3183 1141 3248 δε-

133 3294 221 3370 σμοῦ
243 3290 463 3369 προστιμηθῇ.

223 3388 319 3474 Λέγε.
