2938 4180
258 163 323 229 218
561 167 658 219 mv,
681 165 960 218 οΗΜοτοΕκοτΣ

232 327 373 391 δοόσίαν.
418 331 523 392 τούτου
550 339 604 392 τοῦ
628 329 723 409 νόμον
744 327 865 411 γραφὴν
888 327 1092 411 ἀπηνέγκαντο
1115 325 1268 406 Διόδωρος

258 423 308 486 καί
330 425 513 506 Εὐκτήμων,
540 423 581 499 ὥς
607 424 783 506 παρανόμου
806 426 858 488 καί
880 425 985 488 ἀδίκου
1008 424 1058 487 καί
1081 422 1267 505 ἀσυμφόρου.

256 514 432 602 Ἀνδροτίων
456 519 488 584 δέ
509 522 560 584 καί
578 520 745 601 Γλαυκέτης
767 521 818 584 καί
836 524 1035 601 Μελάνωπος,
1058 518 1206 593 συνιέντες
1225 514 1264 580 δι’

258 617 368 691 αότοάς
394 625 572 700 γεγενῆσθαι
598 617 653 697 τὴν
679 617 815 700 γραφήν,
843 619 1078 701 καταβάλλουσιν
1104 615 1191 679 έννέα
1216 617 1268 678 τά·

257 717 349 776 λαντα
370 714 421 776 καί
441 716 597 797 τριάκοντα
620 725 710 795 μνᾶς,
737 716 807 789 ἴσως
830 713 884 796 μέν
906 716 962 780 οδκ
985 713 1023 778 ἀν
1045 713 1269 796 καταβαλόντες,

258 812 286 873 εί
303 810 343 892 μὴ
361 810 416 890 τὴν
433 811 553 893 γραφὴν
571 811 715 875 ἐπέδοσαν
733 815 766 876 οί
779 813 947 896 κατήγοροι,
965 813 1045 894 ὅμως
1063 807 1092 874 δ’
1111 803 1167 874 οδν
1185 809 1269 873 κατέ-

162 963 165 969 .
258 910 359 989 βαλον.
395 915 555 990 κατηγορεῖ
572 910 675 972 τοίνυν
693 907 861 990 Εόκτήμαν
883 908 933 972 καί
951 909 1115 992 Διόδωρος,
1136 908 1269 988 φάσκον-

259 1027 305 1077 τες
328 1002 382 1085 μέν
406 1004 455 1067 διὰ
477 1007 546 1080 τοὺς
568 1007 704 1090 πρέσβεις
725 1008 895 1090 γεγράφθαι
916 1005 968 1070 τόν
992 1006 1099 1087 νόμον·
1122 1006 1150 1068 εί
1169 1002 1201 1066 δέ
1219 1003 1269 1066 καί

258 1100 401 1176 έξέτεισαν
424 1102 457 1164 έν
480 1109 519 1190 τῷ
543 1105 650 1183 μεταξὺ
670 1103 777 1190 χρόνῳ,
799 1102 960 1184 δεδομένης
976 1113 1029 1184 τῆς
1046 1112 1164 1185 γραφῆς
1182 1111 1270 1164 τοῦτο

259 1198 413 1279 έποίησαν,
431 1199 503 1262 ὥστε
521 1199 576 1279 τὴν
594 1202 765 1282 προαίρεσιν
782 1210 835 1263 τοῦ
848 1199 1016 1281 νομοθέτου
1030 1198 1170 1261 δπαιτίαν
1184 1194 1271 1261 εἶναι.

233 1293 351 1358 θοόδέν
379 1293 410 1358 δέ
436 1289 525 1376 ἧττον
552 1297 674 1373 ἐξετάζει
698 1296 751 1360 τόν
772 1297 868 1378 νόμον
891 1294 907 1359 δ
930 1297 1041 1379 ῥήτωρ,
1068 1295 1108 1369 ὡς
1130 1294 1181 1358 καί
1203 1288 1269 1356 κατ’

260 1389 350 1454 ἀλλον
371 1393 482 1475 τρόπον
504 1392 606 1476 έχοντα
628 1403 739 1468 κακῶς·
766 1394 816 1457 καί
836 1394 893 1477 γάρ
911 1394 1093 1477 παρανόμοις
1117 1393 1274 1456 τεθεῖσθαί

260 1506 349 1570 φησι,
373 1489 423 1552 καί
445 1489 628 1564 ὑπεναντίως
650 1489 725 1572 ἔχειν
746 1497 809 1565 τοῖς
831 1489 945 1571 νόμοις,
966 1489 1017 1552 καί
1039 1489 1133 1564 ἀλλοις
1155 1488 1270 1552 ἀδικεῖν

259 1585 310 1648 καλ
331 1587 470 1668 βλάπτειν
494 1582 533 1650 δι’
554 1580 596 1650 ὧν
618 1588 789 1668 προστάττει
809 1586 865 1666 τὴν
887 1587 983 1650 πόλιν.
1019 1587 1069 1650 διὰ
1085 1597 1177 1650 ταῦτα
1193 1597 1270 1669 γοῦν

259 1681 310 1745 καί
332 1683 367 1744 αί
386 1682 545 1758 ἀποθέσεις
567 1693 620 1746 τοῦ
642 1683 731 1766 λόγου
750 1684 817 1765 δύο,
840 1685 892 1765 μία
910 1682 963 1766 μὲν
981 1684 1027 1747 ότι
1045 1683 1095 1746 διὰ
1112 1684 1182 1758 τοὺς
1199 1683 1271 1766 πρέ-

260 1783 341 1862 σβεις
366 1780 539 1863 γέγραπται,
567 1779 650 1862 ἑτέρα
677 1778 709 1843 δέ
736 1781 781 1843 ότι
806 1781 983 1855 ὑπεναντίος
1010 1788 1071 1854 τοῖς
1092 1781 1197 1862 νόμοις
1218 1781 1271 1844 καλ

235 1876 411 1958 ἵέπιζήμιος
438 1876 488 1939 καί
513 1875 625 1952 άδικος.
670 1879 742 1943 ὥστε
769 1882 796 1943 εἰ
821 1880 946 1944 έδάνατο
973 1879 1115 1961 ἐκφυγεῖν
1138 1876 1154 1940 δ
1179 1883 1270 1960 Τιμο·

260 1974 369 2054 κράτης
395 1972 450 2052 τὴν
477 1974 575 2035 αἰτίαν
601 1985 655 2037 τοῦ
682 1975 722 2056 μὴ
750 1976 803 2038 διδι
826 1978 896 2050 τοὺς
924 1976 1058 2059 πρέσβεις
1080 1975 1270 2059 γεγραφέναι,

260 2065 323 2132 ἀλλ’
346 2062 402 2134 οδν
424 2093 457 2152 γε
479 2069 511 2133 τό
535 2070 575 2151 μὴ
598 2071 732 2152 πονηρόν
755 2067 831 2134 εἶναι
853 2073 890 2136 οδ
914 2075 1107 2152 διαφεύξεται
1143 2073 1270 2137 έδόνατο

261 2166 315 2248 μέν
332 2168 388 2252 γάρ
406 2179 459 2231 τοῦ
477 2167 645 2249 νομοθέτου
662 2176 835 2251 κατηγορεῖν
854 2167 870 2232 δ
889 2172 1051 2253 Διόδωρος,
1072 2170 1117 2234 ότι
1133 2170 1270 2253 πονηρόν

260 2265 370 2347 ἔγραφε
394 2265 487 2346 νόμον
509 2265 561 2328 καί
582 2265 761 2330 ἀπεναντίον
782 2274 845 2341 τοῖς
867 2269 986 2349 νόμοις,
1012 2266 1063 2330 καλ
1078 2265 1207 2350 ἤρκεσεν
1230 2268 1270 2331 ἀν

261 2363 341 2450 αὐτῷ
363 2362 438 2445 πρὸς
459 2362 606 2426 ὑπόθεσιν
628 2373 732 2426 ταῦτα·
754 2375 813 2427 νῦν
833 2363 865 2428 δέ
882 2364 933 2428 καί
949 2364 1005 2445 τὴν
1023 2364 1097 2427 κατὰ
1113 2373 1173 2426 τῶν
1190 2365 1321 2448 πρέ-698

233 2462 357 2541 θσβεαν
382 2462 562 2541 προσείληφε
589 2461 729 2541 διαβολῆς
756 2459 842 2522 ἕνεκα
866 2470 920 2523 τοῦ
946 2459 1123 2541 νομοθέτου.
1167 2458 1187 2541 ἡ
1212 2460 1269 2543 μὲν

260 2549 317 2620 οδν
339 2557 484 2631 ὑπόθεσις
505 2566 558 2638 τῆς
581 2558 690 2636 αἰτίας,
717 2551 757 2618 δι’
781 2554 821 2637 ἣν
843 2557 934 2638 ἔθηκε
956 2557 1008 2620 τόν
1029 2557 1139 2639 νόμον,
1166 2577 1269 2641 στοχα-

260 2654 357 2734 στική·
384 2656 508 2734 ζητεῖται
533 2653 590 2737 γάρ
617 2656 645 2717 εί
670 2655 720 2717 διά
747 2657 816 2730 τοὺς
837 2654 973 2737 πρέσβεις
995 2654 1106 2735 ἔθηκεν
1127 2654 1147 2737 ἢ
1170 2655 1221 2720 οά·
1247 2655 1268 2736 ἡ

261 2749 293 2813 δέ
319 2751 393 2814 κατὰ
419 2751 471 2815 τόν
498 2751 593 2832 νόμον
619 2753 817 2835 πραγματικη·
844 2750 1054 2834 καθόλουγὰρ
1076 2762 1157 2817 πᾶσα
1178 2777 1269 2833 κατη-

259 2849 349 2931 γορία,
363 2849 454 2931 ῥητοῦ
472 2848 678 2931 πραγματικὴν
697 2848 883 2931 ἀπεργάζεται
901 2849 1011 2912 στάσιν.
1043 2849 1135 2931 ῥητοῦ
1149 2847 1268 2933 δὲλέγω

260 2945 316 3008 οόκ
338 2944 368 3021 έξ
391 2939 483 3028 οόπερ
506 2944 604 3028 έτερόν
626 2968 654 3006 τι
676 2947 815 3025 ζητεῖται,
838 2947 934 3027 ὥσπερ
955 2945 989 3008 έν
1012 2953 1173 3034 στοχοσμῷ,
1197 2947 1268 3011 οὐδὲ

259 3054 312 3106 τοῦ
335 3040 560 3125 ἀναφερομένου
582 3043 625 3116 είς
647 3041 753 3124 τέχνην
775 3041 825 3104 καῖ
846 3042 993 3123 ἐξουσίαν,
1018 3043 1114 3126 ὥσπερ
1132 3045 1165 3107 έν
1188 3044 1268 3108 ἀντι-

259 3142 357 3221 λήψει
397 3139 461 3203 έκεῖ
479 3137 533 3221 μέν
554 3139 610 3222 γὰρ
633 3139 682 3202 έπλ
703 3146 765 3215 τοῖς
786 3139 978 3222 ἐκβεβηκόσιν
999 3131 1152 3222 η’κρίσις,
1178 3139 1212 3205 έν
1235 3141 1268 3206 δέ

259 3248 295 3324 τῇ
317 3247 503 3324 πραγματικῇ
524 3236 573 3299 έπλ
595 3236 742 3318 μέλλουσι,
763 3236 814 3299 καί
835 3237 862 3299 εί
879 3238 928 3299 δεῖ
939 3238 1108 3320 γεγράφθαι
1125 3238 1158 3301 τό
1177 3239 1267 3321 βητόν

234 3334 293 3397 sev
313 3333 417 3414 νόμοις
434 3332 485 3394 καλ
501 3332 535 3395 έν
552 3334 753 3414 ψηφίσμασιν.
784 3331 844 3395 ἔστι
861 3336 965 3397 τοίνυν
982 3334 1089 3398 τούτου
1105 3345 1160 3398 τοῦ
1178 3336 1267 3418 λόγου

260 3429 404 3509 κεφάλαια
426 3427 559 3512 τέσσαρα,
577 3431 614 3491 έν
637 3428 691 3510 μὲν
713 3429 745 3492 τό
767 3429 905 3512 νόμιμον,
927 3426 944 3493 δ
968 3427 1104 3518 διῄρηται
1126 3433 1202 3520 διχῇ,
1225 3434 1268 3508 εἴς

261 3545 291 3583 τε
311 3523 344 3583 τό
366 3524 524 3606 πρόσωπον
547 3525 597 3588 καὶ
619 3527 661 3601 εἰς
678 3527 710 3589 τό
729 3537 858 3608 πρᾶγμα,
880 3525 1026 3590 τουτέστιν
1044 3529 1086 3603 εῖς
1104 3528 1196 3592 αδτδν
1214 3530 1267 3593 τόν
