2612 3918
162 141 224 206 106
472 147 543 198 XXI.
567 147 845 200 ΔΗΜΟΣΘΕΝΟΤΣ

156 303 383 392 παραπέμπειν
414 307 491 384 τοὺς
522 307 737 392 στρατιώτας,
768 305 830 374 οὐκ
857 307 1058 393 ἐβοήθησεν,
1091 301 1165 373 ἀλλ’

155 411 219 495 ήδη
247 423 314 476 τών
341 412 497 486 σπονδῶν
525 423 725 496 γεγονυιῶν,
753 411 792 491 ἃς
820 418 966 498 Διοκλῆς
994 414 1166 481 ἐσπείσατο

157 519 326 601 Θηβαίοις,
349 512 438 601 ήκεν.
473 516 527 584 καί
545 513 619 584 τόθ’
641 518 758 603 ἡττᾶτο
777 520 887 586 πλέων
904 531 971 585 τῶν
990 520 1167 586 ἰδιωτικῶν

155 626 300 708 τριήροιν
322 631 411 708 μιᾶς·
436 623 541 701 οὕτως
564 618 602 691 εὖ
624 627 686 708 τήν
710 625 803 711 ίερδιν
825 629 942 711 τριήρη
965 627 1167 710 παρεσκευά-

155 751 212 796 κει.
259 730 430 815 ἱππαρχῶν
453 733 584 814 τοίνυν,
607 734 642 797 τί
662 738 775 798 οίεσθε
797 732 914 810 τάλλα;
946 729 1017 797 ἀλλ’
1043 732 1157 816 ἵππον,
1167 743 1218 794 571

156 835 257 902 ἵππον
285 835 346 902 οὐκ
374 835 553 922 ἐτόλμησεν
580 837 598 903 δ
627 840 775 922 λαμπρὸς
802 835 857 904 καί
884 839 1042 915 πλούσιος
1069 833 1167 916 οὗτος

155 945 329 1026 πρίασθαι,
355 939 427 1008 ἀλλ’
454 937 505 1008 ἐπ’
531 943 707 1025 ἀλλοτρίου
729 945 787 1022 τὰς
808 945 939 1028 πομπάς
961 943 1084 1028 ήγεῖτο,
1105 953 1167 1010 τοῦ

158 1050 351 1132 Φιλομήλου
381 1059 443 1117 τοῦ
470 1049 657 1127 Παιανιέως
684 1050 802 1134 ίππου,
835 1048 890 1116 καὶ
916 1059 1019 1115 ταῦτα
1046 1051 1166 1128 πάντες

156 1159 268 1218 ίσασιν
291 1154 326 1219 οί
342 1155 457 1233 ίππεῖς.
493 1154 548 1222 καὶ
568 1155 618 1221 ὅτι
635 1153 726 1220 ταῦτ’
750 1156 860 1241 ώληθή
880 1155 974 1239 λέγω,
998 1157 1090 1222 κάλει
1108 1180 1165 1242 μοι

155 1256 359 1326 καὶτούτων
382 1264 460 1338 τοὺς
483 1261 658 1347 μάρτυρας.

555 1473 755 1526 ΜΑΡΓΤΡΕΣ.

104 1596 141 1638 ιτε
243 1579 414 1665 Βούλομαι
445 1583 561 1646 τοίνυν
593 1579 674 1664 ὑμῖν
705 1575 731 1645 ώ
760 1580 881 1666 ἄνδρες
906 1574 1078 1666 Ἀθηναῖοι
1109 1581 1163 1648 καὶ

154 1685 243 1753 ὅσων
276 1687 339 1770 ήδη
370 1689 747 1771 καταχειροτονήσαντος
774 1695 835 1752 τοῦ
865 1687 973 1772 δήμου
1000 1686 1075 1773 περὶ
1102 1689 1164 1774 τήν

154 1789 272 1877 ἑορτήν
301 1792 428 1857 ἀδικεῖν
455 1791 547 1877 ὑμεῖς
574 1788 806 1875 κατεγνώκατ’,
834 1793 939 1858 εἰπεῖν
966 1791 1021 1858 καὶ
1048 1793 1162 1876 δεῖξαι,

153 1903 188 1964 τί
215 1900 427 1982 πεποιηκότες
460 1897 570 1963 αὐτῶν
601 1900 688 1963 ἔνιοι
719 1901 810 1975 τίνος
841 1897 943 1984 όργής
967 1903 1163 1986 τετυχήκασι

152 1997 230 2088 παρ’
253 2002 359 2088 ὑμῶν,
382 1996 426 2068 ἵν’
448 2002 531 2068 αὐτά
553 2004 638 2085 πρὸς
659 2004 699 2069 τά
722 2004 828 2092 τούτῳ
851 2003 1051 2089 πεπραγμέν’
1074 2007 1162 2072 άντι-

152 2115 243 2193 θῆτε.
279 2119 412 2194 πρῶτον
434 2105 496 2192 μέν
518 2112 645 2192 τοίνυν,
669 2109 726 2174 ἵνα
748 2111 878 2194 πρώτης
899 2119 958 2194 τής
975 2116 1163 2192 τελευταίας

152 2219 328 2301 γεγονυίας
364 2221 504 2299 μνησθῶ
541 2215 792 2300 καταγνώσεως,
827 2215 903 2300 περὶ
935 2219 975 2284 τὰ
1007 2216 1159 2305 μυστήρι’

153 2323 280 2390 άδικεῖν
302 2320 481 2405 Εὐάνδρου
507 2325 815 2407 κατεχειροτόνησεν
843 2322 861 2388 δ
890 2325 992 2409 δῆμος
1016 2335 1077 2392 τοῦ
1101 2331 1161 2393 Θε-

152 2441 265 2511 σπιῶς,
288 2425 562 2513 προβαλλομένου
581 2427 711 2511 [αὐτὸν]
731 2431 923 2512 Μενίππου,
942 2433 1054 2515 Καρός
1071 2455 1161 2509 τινος

153 2532 344 2620 ἀνθρώπου.
384 2535 453 2598 έστι
476 2528 507 2598 δ’
534 2533 552 2599 δ
576 2533 675 2611 αὐτὸς
697 2537 800 2619 νόμος
820 2536 905 2624 τῷδε
928 2544 973 2624 τῷ
997 2535 1161 2621 περὶτῶν

122 2681 125 2688 =
152 2644 346 2708 Διονυσίων
373 2639 391 2706 ό
419 2638 493 2724 περὶ
521 2649 588 2704 τῶν
615 2644 821 2724 μυστηρίων,
852 2642 1003 2720 κάκεῖνος
1025 2643 1162 2728 ὕστερος

101 2765 138 2807 ιιι
151 2744 244 2813 τοῦδ’
271 2745 377 2830 ἐτέθη.
423 2749 458 2811 τί
482 2740 544 2810 οὖν
572 2748 772 2831 ποιήσαντος
799 2743 826 2814 ώ
849 2748 969 2832 ἄνδρες
988 2745 1158 2833 Ἀθηναῖοι

150 2852 478 2938 κατεχειροτονήσατε
492 2860 552 2916 τοῦ
566 2851 757 2936 Εὐάνδρου,
775 2850 865 2919 τοῦτ’
883 2853 1051 2919 ἀκούσατε.
1081 2855 1158 2938 [ὅτι]

152 2961 248 3044 δίκην
272 2958 453 3044 ἐμπορικήν
475 2959 776 3044 καταδικασάμενος
797 2968 859 3026 τοῦ
881 2963 1071 3045 Μενίππου,
1098 2963 1160 3029 οὐκ

151 3070 235 3152 έχων
257 3067 420 3150 πρότερον
442 3068 556 3149 λαβεῖν
579 3063 692 3147 αὐτὸν,
716 3065 760 3142 ώς
783 3068 858 3151 ἔφη,
880 3077 950 3144 τοῖς
967 3072 1160 3153 μυστηρίοις

150 3167 390 3257 ἐπιδημοῦντος
422 3171 606 3253 ἐπελάβετο.
655 3174 982 3258 κατεχειροτονήσατε
1013 3169 1075 3258 μὲν
1103 3176 1160 3240 διὰ

150 3287 262 3360 ταῦτα,
281 3274 336 3342 καί
354 3271 428 3343 οὐδ’
450 3276 564 3343 ὁτιοῦν
583 3277 662 3344 άλλο
681 3287 820 3362 προσῆν,
844 3280 1040 3344 εἰσελθόντα
1059 3276 1089 3344 δ’
1112 3283 1160 3359 είς

149 3384 187 3449 τὸ
211 3383 434 3468 δικαστήριον,
456 3383 642 3467 ήβοώλεσθε
666 3379 727 3468 μέν
750 3385 886 3474 θανάτῳ
906 3387 1074 3471 ζημιῶσαι,
1097 3397 1158 3453 τοῦ

151 3485 188 3550 δέ
219 3487 490 3572 προβαλλομένου
522 3488 731 3574 πεισθέντος,
763 3492 823 3574 τήν
857 3491 953 3574 δίκην
983 3514 1018 3558 τε
1047 3501 1158 3559 πᾶσαν
