2938 4180
492 188 576 242 m·
594 192 904 244 εειευοκεευονν..
1137 189 1200 254 211

139 364 175 404 τοι
284 351 353 414 Τοῦ
375 347 488 434 μέντοι
510 344 609 414 ταῦθ’
634 349 739 426 οὕτως
762 352 904 435 αἰσχρῶς
926 347 1202 435 προεληλυθέναι,

189 453 221 518 εἰ
248 453 301 518 δεῖ
326 456 407 538 μετὰ
433 458 619 542 παρρησίας
646 458 750 521 εἰπεῖν
776 456 922 540 τάληθῆ,
950 455 1086 532 οὐδένες
1107 456 1202 540 ὑμῶν

190 553 356 646 ὦάνδρες
370 555 543 644 Ἀθηναῖοι
560 564 686 646 μᾶλλόν
704 557 767 628 εἰσ’
785 569 893 629 αἰτιοι.
923 559 1001 627 οὐδὲ
1019 563 1083 645 γὰρ
1095 562 1200 645 δίκην

189 665 236 729 ἐτι
268 666 451 750 λαμβάνειν
483 665 613 732 ἐθέλετε
643 669 733 750 παρὰ
764 679 832 734 τῶν
863 667 1084 748 ἀδικούντων,
1118 666 1205 759 ἀλλὰ,

188 768 243 835 καί
265 769 355 836 τοῦτ’
379 771 579 855 ἐξελήλυθεν
602 770 638 837 ἐκ
659 781 718 856 τῆς
735 775 868 849 πόλεως.
906 777 1013 838 καίτοι
1032 770 1196 852 σκέψασθ’

188 875 232 951 δις
255 875 412 956 ἐκόλαζον
435 877 471 942 οἰ
489 880 653 963 πρότερον
675 881 754 954 τοὺς
777 878 975 955 ἀδικοῦντας
998 876 1148 961 ἑαυτοὺς,
1170 880 1203 946 εἰ

137 997 174 1038 τοι
187 985 424 1065 παραπλησίως
446 981 535 1064 ὑμῖν.
573 969 694 1048 ἐκεῖνοι
714 981 935 1067 Θεμιστοκλέα
956 985 1114 1065 λαβόντες
1131 994 1205 1068 μεῖ-,

188 1088 243 1165 ζον
267 1086 396 1153 ἑαυτῶν
415 1087 571 1166 ἀξιοῦντα
590 1098 740 1174 φρονεῖν,
766 1087 927 1172 ἐξήλασαν
945 1088 982 1154 ἐκ
998 1099 1056 1172 τής
1073 1094 1201 1168 πόλεως

184 1192 238 1257 καὶ
266 1194 439 1278 μηδισμὸν
465 1191 690 1277 κατέγνωσαν·
719 1192 775 1259 καί
801 1191 944 1277 Κίμων,
973 1195 1023 1260 ὅτι
1050 1197 1111 1278 τήν
1138 1198 1200 1261 πά-

181 1321 276 1382 τριον
298 1302 494 1383 μετεκίνησε
516 1301 685 1365 πολιτείαν
709 1293 763 1383 ἐφ’
783 1299 897 1382 αὑτοῦ,
921 1302 1009 1387 παρά
1031 1313 1120 1386 τρεῖς
1137 1298 1198 1387 μὲν
1258 1344 1261 1350 -

184 1403 331 1488 ἀφεῖσαν
352 1407 488 1488 ψήφους
509 1407 547 1470 τὸ
570 1405 614 1489 μή
638 1405 775 1493 θανάτῳ
799 1408 973 1490 ζημιῶσαι,
994 1409 1198 1491 πεντήκοντα

184 1511 331 1576 τάλαντα
359 1507 389 1576 δ’
417 1508 604 1594 ἐξέπραξαν.
649 1507 704 1575 καί
726 1519 846 1576 τοῦτον
869 1511 928 1576 τὸν
950 1513 1074 1597 τρόπον
1097 1529 1198 1597 προσ-

185 1615 348 1701 εφέροντο
383 1612 551 1703 τηλικαῦτ’
587 1615 708 1692 αὐτοὺς
745 1615 843 1698 ἀγάθ’
879 1615 1108 1701 εἰργασμένοις
1141 1617 1198 1683 άν-

185 1723 344 1805 θρώποις.
390 1722 538 1796 δικαίως·
574 1719 616 1786 οὐ
651 1721 715 1805 γδρ
748 1720 860 1798 αὐτοῖς
897 1722 1095 1788 ἀπεδίδοντο
1126 1724 1188 1805 τήν
1199 1731 1249 1782 689

186 1827 295 1893 αὑτῶν
320 1826 515 1912 ἐλευθερίαν
538 1824 593 1892 καί
616 1830 863 1910 μεγαλοψυχίαν
885 1838 953 1892 τῶν
971 1830 1090 1911 ἔργων,
1114 1828 1197 1895 ἀλλδ

185 1935 350 2018 χρηστοὺς
376 1928 436 2016 μέν
464 1933 563 2008 όντας
589 1930 725 2015 ἐτίμων,
757 1931 884 1997 ἀδικεῖν
912 1929 941 1996 δ’
974 1931 1198 2017 ἐπιχειροῦσιν

137 2055 174 2096 ²⁰⁶
187 2040 248 2106 οὐκ
270 2038 457 2122 ἐπέτρεπον.
498 2037 592 2123 ὑμεῖς
615 2036 645 2102 δ’
672 2033 698 2103 δ)
722 2039 842 2121 ἀνδρες
861 2036 1034 2121 Ἀθηναῖοι
1056 2043 1135 2116 τοὺς
1157 2041 1197 2106 τδ

187 2142 312 2229 μέγιστ’
344 2145 540 2220 ἀδικοῦντας
571 2141 626 2209 καί
658 2154 810 2227 φανερῶς
838 2143 1122 2230 ἐξελεγχομένους,
1154 2145 1197 2212 ἀν

186 2251 223 2316 δν
245 2250 265 2334 ή
291 2246 343 2315 δύ’
371 2243 475 2315 ἀστεῖ’
497 2255 633 2314 εῖπωσιν
655 2246 710 2313 καὶ
733 2251 822 2332 παρά
843 2259 911 2315 τῶν
934 2255 1087 2334 φυλετῶν
1109 2249 1197 2330 τινὲς

186 2353 347 2442 ᾑρημένοι
370 2355 523 2420 σύνδικοι
542 2355 721 2437 δεηθῶσιν,
744 2355 871 2439 ἀφίετε·
894 2356 953 2422 ἐδιν
972 2353 1009 2421 δὲ
1026 2354 1081 2423 καί
1099 2381 1197 2424 κατα·

186 2459 385 2546 ψηφίσησθε
404 2482 475 2543 τον,
498 2457 594 2526 πέντε
616 2457 672 2525 καὶ
695 2466 820 2527 είκοσιν
842 2461 998 2546 δραχμῶν
1017 2461 1196 2546 ἐτιμήσατε.

187 2565 241 2632 καί
263 2567 327 2650 γάρ
350 2589 402 2632 τοι
423 2568 496 2632 τότε
515 2561 575 2650 μὲν
593 2566 633 2630 τά
652 2561 713 2649 μὲν
726 2574 785 2650 τής
802 2569 928 2644 πόλεως
941 2562 984 2651 ήν
1002 2569 1127 2651 εὔπορα
1140 2569 1196 2636 καί

187 2673 319 2756 λαμπρά
343 2671 496 2758 δημοσία,
520 2671 590 2757 ἰδίη
613 2668 644 2734 δ’
666 2669 778 2747 οὐδεὶς
800 2672 950 2758 ὑπερεῖχε
967 2685 1035 2739 τῶν
1053 2678 1195 2742 πολλῶν.

136 2794 173 2835 ¹0⁷
186 2781 364 2863 τεκμήριον
391 2773 440 2844 δέ·
472 2779 533 2860 τήν
557 2775 816 2860 Θεμιστοκλέους
841 2775 1034 2862 μὲνοίκίαν
1056 2780 1196 2866 καλιήν

187 2883 378 2948 Μιλτιάδου
389 2881 443 2948 καί
457 2891 524 2947 τῶν
538 2884 610 2948 τότε
628 2887 798 2966 λαμπρῶν,
817 2889 851 2948 ελ
859 2906 909 2959 τις
923 2881 976 2965 ἀρ’
994 2885 1087 2970 ὑμῶν
1102 2883 1195 2953 οἶδεν

188 2988 285 3053 ὁποία
308 2982 380 3054 ποτ’
406 2987 510 3067 ἐστίν,
539 2986 601 3074 δρᾷ
624 2999 691 3053 τῶν
713 2992 847 3054 πολλῶν
869 2987 971 3056 οὐδὲν
993 2991 1196 3077 σεμνοτέραν
1312 2978 1314 2984 1

187 3089 303 3176 οὖσαν,
326 3098 366 3159 τά
389 3092 426 3160 δέ
442 3103 501 3179 τής
518 3097 643 3171 πόλεως
662 3096 907 3179 οἰκοδομήματα
925 3094 979 3160 καί
997 3101 1196 3164 κατασκευά-

188 3216 293 3284 σματα
320 3204 498 3284 τηλικαῦτα
525 3197 580 3265 καί
606 3209 756 3281 τοιαῦτα,
785 3201 868 3266 ὥστε
895 3201 1015 3286 μηδενὶ
1038 3213 1105 3268 τῶν
1128 3203 1197 3269 ἐπι·

187 3305 395 3390 γιγνομένων
425 3305 615 3389 ὑπερβολήν
644 3311 834 3390 λελεῖφθαι,
866 3308 1055 3389 προπύλαια
1082 3319 1195 3393 ταῦτα,

188 3412 372 3494 νεώσοικοι,
390 3410 496 3494 στοαὶ,
514 3412 699 3493 Πειραιεύς,
718 3408 809 3476 τᾶλλ’
828 3403 878 3488 οἷς
890 3413 1195 3499 κατεσκευασμένην

137 3530 176 3572 2⁰8
190 3515 284 3600 δρᾶτε
302 3518 364 3601 τήν
382 3521 488 3584 πόλιν.
520 3527 585 3583 νῦν
604 3514 634 3582 δ’
653 3519 721 3604 ἰδίᾳ
740 3514 801 3602 μὲν
820 3517 945 3608 ἑκάστῳ
963 3532 1030 3585 τῶν
1047 3521 1085 3584 τδι
1098 3521 1193 3585 κοινά

981 3623 1034 3678 14*
