2590 3900
161 149 227 216 300
471 155 554 209 XXV.
577 153 858 210 ΔΗΜΟΣΘΕΝΟΤΣ

153 335 272 396 τερον,
305 307 380 379 ὥστ’
417 314 572 398 ἄμεικτον
602 313 732 393 έαυτοίς
764 325 979 400 καταστῆσαι,
1011 316 1105 400 ὑμεῖς
1136 311 1168 381 δ’

160 417 403 503 ἐξεληλακότων
428 430 496 485 τῶν
518 422 631 504 νόμων
654 421 757 487 αὐτὸν
780 421 815 487 ἐκ
837 431 894 506 της
917 426 1095 501 πολιτείας,
1124 424 1172 498 είς

160 523 245 608 ὑμᾶς
271 525 393 603 αὐτοὺς
420 524 638 609 καταμείξετες
667 529 703 592 τί
722 537 789 593 τῶν
811 526 1052 611 πεπραγμένων
1073 526 1094 610 ἣ
1117 530 1171 610 βε-

159 628 332 714 βιωμένων
356 628 600 710 ἐπαινέσαντες;
625 630 645 715 ἢ
669 635 704 698 τί
723 644 790 704 τῶν
808 633 942 698 πάντων
961 630 1035 716 οὐχὶ
1054 634 1171 716 δυσχε-

160 736 332 818 ράναντεςς
362 736 424 802 οὐκ
446 735 581 820 ἀσεβής;
605 737 668 803 οὐκ
691 737 792 822 ὠμός;
817 737 878 803 οὑκ
901 737 1104 821 άκάθαρτοςς
1129 737 1171 804 οὑ

160 843 385 927 συκοφάντης;

120 961 146 1004 u
245 944 330 1013 Ἀλλ’
363 947 450 1033 ὅμως
481 957 619 1014 τοιαῦτα
645 961 751 1016 ποιῶν
777 948 833 1015 καὶ
859 959 1023 1027 τοιοῦτος·
1038 951 1100 1034 ὤν,
1133 951 1170 1017 ἐν

160 1050 301 1131 άπάσαις
326 1052 376 1120 ἀεὶ
398 1057 463 1141 βοᾷ
485 1065 557 1132 ταῖς
579 1053 766 1139 ἐκκλησίαις
788 1055 874 1139 ,ἐγὼ
898 1059 1000 1141 μόνος
1023 1045 1182 1140 [εὔνους]ι

159 1156 251 1242 ὑμίν·
284 1159 405 1237 πάντες
435 1154 529 1226 οὑτοι
561 1171 751 1227 συνεστᾶσι·
783 1160 1007 1247 προδέδοσθε·
1039 1162 1060 1246 ἡ
1089 1159 1166 1247 παρ’

160 1262 232 1347 ἐμοὶ
255 1268 361 1349 μόνον
384 1266 499 1331 εὑνοια
521 1268 651 1350 λοιπη“.
688 1267 851 1351 βούλομαι
874 1268 916 1351 δὴ
937 1268 998 1351 τὴν
1017 1269 1171 1353 σφοδράν

159 1365 214 1434 καὶ
246 1371 391 1454 μεγάλην
422 1372 559 1438 εὑνοιαν
588 1371 691 1438 αὐτοῦ
718 1373 842 1456 ταύτην
870 1372 1031 1457 ἐξετάσαι,
1064 1377 1171 1440 πόθεν

160 1472 229 1540 ἐστὶ
251 1474 306 1540 καὶ
329 1475 365 1542 ἐκ
387 1479 478 1555 τίνος
501 1477 588 1565 αὐτῷ
613 1489 782 1561 γεγονυία,
805 1475 849 1544 ἵν’
877 1480 909 1544 εί
929 1478 990 1562 μέν
1013 1479 1082 1546 ἐστι
1104 1503 1172 1546 τοι-

160 1582 258 1666 αύτη,
286 1579 407 1667 χρῆσθ’
434 1583 517 1669 αὐτῇ
544 1582 600 1650 καὶ
627 1585 816 1668 πιστεύητε,
844 1585 877 1650 εί
897 1581 935 1650 δὲ
957 1587 1018 1671 μὴ,
1046 1587 1171 1669 φυλάτ-

120 1694 272 1772 ιιτησθε.
317 1690 459 1773 πότερον
481 1691 560 1776 γάρ,
584 1690 634 1755 ότι
656 1699 717 1756 τοῦ
740 1691 862 1775 πατρὸς
884 1691 988 1761 αὑτοῦ
1010 1692 1162 1758 θάνατον
1173 1700 1225 1750 790

160 1791 352 1877 κατέγνωτε,
375 1792 430 1859 καλ
454 1796 515 1879 την
538 1792 649 1881 μητέρ’
678 1796 809 1877 [αὑτοῦ]
834 1795 1006 1880 ὀφλοῦσαν
1029 1797 1171 1864 άποστα-

160 1902 237 1964 σίου
269 1898 451 1984 ἀπέδοσθε,
484 1902 541 1966 διὰ
567 1896 658 1966 ταῦτ’
689 1900 791 1966 αὐτὸν
818 1900 899 1986 ὑμίν
925 1901 1167 1987 ὑπολαμβάνετ’

161 2005 284 2070 εὑνουν
315 2001 417 2084 alvan
455 2003 527 2071 ἀλλ’
563 2008 688 2073 άτοπον
719 2007 761 2090 νὴ
792 2008 852 2072 τὸν
884 2010 952 2072 Δία
983 2005 1037 2074 καὶ
1068 2013 1172 2087 θεοὺς

159 2113 258 2176 τοῦτό
285 2135 331 2194 γε.
377 2114 409 2178 εί
434 2108 495 2197 μὲν
521 2113 584 2197 γάρ
613 2113 732 2190 εὔνους
761 2111 851 2179 ἐστὶν
874 2113 1012 2191 ἐκείνοις
1034 2111 1089 2180 καὶ
1111 2117 1172 2181 τὸν

159 2227 217 2301 τῆς
249 2219 382 2302 φάσεως
413 2215 565 2306 διασῴζει
596 2221 716 2302 νόμον,
749 2218 785 2295 ὃς
815 2217 871 2284 καὶ
897 2218 1090 2303 ἀνθρώποις
1115 2219 1173 2287 καὶ

160 2327 294 2409 θηρίοις
317 2316 364 2402 εἷς
383 2321 439 2391 καὶ
457 2324 475 2391 δ
495 2323 595 2401 αὐτὸς
613 2324 736 2391 άπασιν
754 2325 901 2409 ὥρισται,
926 2323 1076 2409 στέργειν
1093 2331 1174 2406 τοὺς

121 2449 146 2489 ιι
159 2429 296 2515 γονέας,
328 2433 491 2508 κακόνους
523 2428 614 2495 ἐστὶν
644 2441 714 2508 τοῖς
747 2430 894 2508 ἐκείνους
926 2431 1173 2500 ἀπολωλεκόσιν

161 2537 265 2619 δῆλον
288 2537 354 2620 ότι,
381 2534 436 2603 καὶ
459 2539 574 2621 νόμοις
596 2534 650 2602 καὶ
674 2539 823 2624 πολιτεία
845 2545 885 2621 τη
908 2539 1049 2604 τούτων·
1081 2542 1113 2604 εί
1134 2536 1172 2606 δέ

160 2641 287 2727 μηδένα
313 2643 441 2708 τούτων
468 2641 636 2726 ὑπόλογον
658 2653 815 2726 ποιεῖται,
842 2640 949 2725 ἡδέως
971 2641 1013 2708 άυ
1035 2645 1171 2729 εἰδείην,

160 2751 209 2824 τίς
237 2746 327 2812 ἐστιν
349 2747 367 2814 ὁ
390 2749 451 2831 τὴν
474 2749 557 2834 πρὸς
579 2749 658 2825 τοὺς
681 2745 799 2832 γονέας
821 2749 958 2813 εὑνοιαυ
981 2748 1070 2835 δρῶν
1091 2773 1172 2837 προ-

161 2855 328 2920 δεδωκότα
356 2864 491 2936 τοῦτον,
518 2853 562 2937 ἣν
584 2855 667 2939 πρὸς
688 2855 748 2919 τὸν
771 2855 878 2938 δῆμον
901 2863 966 2921 νῦν
988 2859 1075 2940 ἔχειν
1097 2855 1172 2923 ὑπι-

160 2971 320 3044 σχνεῖται,
348 2959 527 3025 πιστεύων·
560 2958 623 3042 ἐγὼ
651 2955 712 3043 μὲν
739 2959 802 3043 γάρ
830 2961 970 3026 άπιστον
996 2959 1052 3026 καὶ
1078 2967 1173 3041 θεοῖς

161 3066 299 3151 ἐχθρὸν,
330 3065 372 3130 οδ
399 3067 505 3149 μόνον
533 3065 740 3149 ἀνθρώποις,
768 3064 992 3149 ὑπολαμβάνω
1019 3067 1078 3132 τὸν
1104 3080 1171 3134 τῶν

106 3163 147 3229 ἐι
161 3170 288 3255 γονέων
318 3171 511 3256 ἀμελοῦντα.
558 3171 641 3236 ἀλλὰ
667 3171 710 3254 νὴ
737 3173 822 3254 Δία,
854 3171 905 3236 ότι
931 3171 990 3248 τὰς
1016 3172 1172 3254 ἐνδείξεις

161 3276 265 3341 αὑτοῦ
283 3280 565 3362 κατεψηφίσασθε,
583 3274 639 3343 καὶ
658 3274 710 3354 δὶς
728 3279 774 3353 είς
787 3277 824 3342 τὸ
840 3277 1067 3363 δεσμωτήριον
1079 3277 1172 3345 κατί-

161 3387 268 3445 θεσθε
299 3378 355 3448 καὶ
387 3381 490 3447 αὑτὸν
516 3381 571 3448 καὶ
597 3383 657 3448 τὸν
685 3382 846 3466 ἀδελφόν,
879 3382 935 3450 διδ
961 3379 1061 3452 ταῦθ’
1091 3384 1171 3469 ὑμίν

164 3485 282 3561 εὔνους
310 3486 408 3552 ἐστί.
453 3487 536 3554 ἀλλὰ
563 3486 618 3554 καλ
645 3482 734 3554 τοῦτ’
761 3489 893 3556 άτοπον.
938 3484 1010 3555 ἀλλ’
1037 3490 1087 3555 ὅτι
1109 3490 1171 3574 τὴν
