2612 3918
434 159 518 212 Κατ’
536 161 801 217 Ammon.
1062 158 1125 223 129

10 359 11 380 ι
118 316 207 385 τάλλ’
239 318 303 387 ἀπὸ
330 331 397 386 τῶν
424 322 603 407 βαρβάρων
631 321 702 406 ίερά
729 326 967 406 κοσμήσαντες,
994 320 1048 406 ἐφ’
1075 312 1125 398 οἷς

118 427 384 511 φιλοτιμούμεθα
401 427 521 505 πάντες
539 429 683 510 εἰκότως,
705 433 773 493 ίστε
793 429 901 512 δήπου
919 424 1008 494 τοῦτ’
1031 427 1124 513 ἀκοή,

118 530 169 595 ὅτι
190 532 252 615 τήν
274 535 372 598 πόλιν
394 531 582 610 ἐκλιπόντες
603 531 660 599 καὶ
679 533 969 611 κατακλεισθέντες
992 535 1039 610 είς
1057 537 1125 599 Σα-

118 641 253 721 λαμῖνα,
281 637 317 704 ἐκ
344 647 405 704 τοῦ
432 643 576 726 τριήρεις
603 642 690 724 ἐχειν
717 640 823 706 πάντα
847 638 908 726 μὲν
929 641 970 705 τά
993 634 1123 726 σφέτερ’

117 743 228 809 αὐτῶν
250 742 305 810 καλ
327 746 389 828 τήν
411 747 510 811 πόλιν
531 755 571 830 τῇ
590 749 756 833 ναυμαχίᾳ
775 749 969 832 νικήσαντες
986 749 1125 829 ἔσωσαν,

117 854 249 916 πολλῶν
277 847 313 916 δέ
340 849 395 917 καὶ
422 853 574 936 μεγάλων
602 852 741 935 ἀγαθῶν
767 862 837 929 τοῖς
860 853 972 930 ἀλλοις
991 850 1127 937 Ἕλλησι
1211 866 1214 872 “

116 954 319 1041 κατέστησαν
341 963 451 1041 αλτιοι,
475 953 524 1024 ὧν
546 952 620 1024 οὐδ’
642 957 660 1025 δ
680 961 800 1042 χρόνος
817 960 879 1042 τήν
897 962 1030 1044 μνήμην
1047 957 1126 1042 ἀφε-

80 1063 238 1130 ιιλέσθαι
260 1064 408 1129 δύναται.
445 1059 524 1130 εἶεν·
549 1061 620 1130 ἀλλ’
643 1063 753 1130 ἐκεῖνα
775 1059 836 1148 μέν
858 1063 977 1150 ἀρχαῖα
994 1062 1050 1130 καὶ
1067 1086 1127 1129 πα-

118 1171 203 1236 λαιά.
249 1167 320 1235 ἀλλ’
347 1168 368 1234 δ
395 1171 515 1247 πάντες
544 1167 715 1256 ἑοράκατ’,
745 1169 815 1236 ἴσθ’
843 1171 895 1236 ότι
921 1172 1037 1257 πρώην
1062 1171 1128 1236 Εύ-

118 1281 254 1360 βοεῦσιν
276 1274 408 1360 ήμερῦν
426 1286 528 1361 τριῶν
547 1275 765 1360 ἐβοηθήσατε,
787 1274 843 1342 καλ
862 1279 1030 1361 Θηβαίους
1047 1276 1128 1343 ύπο-

118 1383 286 1459 σπόνδους
304 1381 515 1466 ἀπηλλάξατε.
543 1376 596 1466 ἀρ’
614 1377 677 1447 οὖν
691 1377 782 1450 ταῦτ’
799 1378 950 1468 ἐπράξατ’
967 1382 1009 1449 ἀν
1023 1383 1129 1461 οὕτως

118 1488 231 1573 ὀξέως,
258 1490 290 1554 εί
315 1489 358 1572 μή
386 1497 469 1564 ναῦς
496 1493 598 1572 είχετε
626 1490 741 1566 καινάς
768 1488 804 1554 ἐν
832 1480 885 1565 αἷς
906 1489 1125 1574 ἐβοηθήσατες

118 1589 189 1661 ἀλλ’
210 1594 272 1660 οὐκ
294 1592 336 1659 ἀν
358 1594 541 1678 ήδύυασθε.
579 1595 662 1660 ἀλλα
680 1592 774 1660 πόλλ’
797 1597 867 1680 ἔχοι
883 1619 933 1673 τις
951 1594 994 1662 ἀν
1011 1599 1126 1679 εἰπεῖν,

119 1700 140 1766 ἀ
161 1710 201 1786 τῇ
223 1703 318 1766 πόλει
339 1694 450 1784 γέγον’
471 1699 507 1766 ἐκ
525 1710 586 1767 τοῦ
604 1701 725 1778 ταύτας
742 1703 1003 1770 κατεσκευάσθαι
1020 1707 1127 1780 καλῶς

80 1825 105 1867 ιι
119 1807 239 1891 ἀγαθά.
284 1800 364 1871 εἶεν·
397 1804 433 1871 ἐκ
462 1801 499 1871 δέ
525 1815 587 1871 τοῦ
613 1817 720 1883 κακῶς
747 1810 833 1873 πόσα
862 1808 969 1887 δεινάς
999 1809 1040 1874 τδ
1066 1805 1127 1893 μὲν

118 1911 212 1978 πόλλ’
242 1911 341 1978 ἐάσω·
374 1907 445 1977 ἀλλ’
477 1909 530 1977 ἐπὶ
557 1921 618 1978 τοῦ
645 1917 844 1979 Δεκελεικοῦ
871 1913 1018 2000 πολέμου
1045 1913 1127 2002 (τῶν

118 2020 181 2104 χάρ
200 2019 346 2104 ἀρχαίων
363 2019 412 2102 ἓν,
431 2016 449 2083 δ
467 2019 588 2094 πάντες
606 2017 688 2104 ἐμοῦ
706 2023 832 2103 μᾶλλον
853 2015 1025 2086 ἐπίστασθ’
1046 2020 1126 2087 ὑπο-

118 2123 249 2212 μνήσω)
271 2129 404 2190 πολλῶν
421 2122 476 2190 καὶ
496 2125 616 2189 δεινῶν
636 2123 852 2210 ἀτυχημάτων
870 2128 1070 2211 συμβάντων
1086 2137 1126 2214 τή

118 2234 226 2312 πόλει,
255 2231 296 2295 ού
322 2233 485 2316 πρότερον
512 2239 557 2318 τῷ
580 2229 712 2319 πολέμω
735 2231 959 2317 παρέστησαν,
987 2232 1067 2319 πρὶν
1089 2235 1126 2300 τὸ

118 2337 277 2403 ναυτικὸν
295 2337 405 2403 αύτῦν
423 2337 581 2403 ἀπώλετο.
612 2335 668 2402 καὶ
685 2340 721 2402 τί
737 2339 791 2402 δεῖ
805 2339 846 2402 τά
858 2340 981 2404 παλαιά
996 2338 1117 2424 λέγειν;
1128 2351 1180 2402 οεε

119 2444 178 2509 τὸν
209 2447 397 2508 τελευταῖον
426 2445 490 2529 γάρ
521 2449 589 2508 ίστε
618 2443 704 2524 [τὸν]
732 2444 815 2528 πρὸς
842 2444 1128 2530 Λακεδαιμονίους

119 2553 275 2634 πόλεμον,
300 2547 354 2614 ὅτε
377 2545 438 2633 μὲν
459 2557 542 2626 ναῦς
565 2548 627 2613 οὐκ
650 2546 788 2614 ἐδοκεῖτ’
815 2548 1004 2616 ἀποστεῖλαι
1028 2552 1127 2636 δυνή-

119 2660 255 2738 σεσθαι,
285 2665 354 2731 πῶς
386 2651 523 2719 διέκειθ’
556 2653 577 2737 ή
609 2657 712 2732 πόλις.
762 2650 824 2720 ἴστ’
858 2654 1000 2740 ὀρόβους
1030 2658 1128 2734 ὄντας

120 2764 249 2839 ὠνίους.
286 2759 398 2844 ἐπειδή
419 2754 449 2823 δ’
471 2759 689 2842 ἀπεστείλατε,
709 2762 842 2845 εἰρήνης
861 2760 989 2848 ἐτύχεθ’
1012 2763 1128 2841 ὁποίας

81 2888 107 2929 ιι
119 2870 210 2946 τινὸς
236 2867 430 2951 ήβούλεσθε.
476 2867 559 2932 ὥστε
587 2867 721 2944 δικαίως
748 2863 774 2932 ὦ
800 2869 920 2954 ἀνδρες
944 2865 1127 2955 Ἀθηναῖοι,

119 2975 318 3059 τηλικαύτην
346 2973 494 3059 ἐχουσῶν
516 2973 623 3060 βοπήν
646 2970 699 3058 ἐφ’
726 2971 860 3059 ἑκάτερα
883 2985 950 3042 τῶν
972 2979 1127 3062 τριήρων,

120 3089 240 3146 τοῦτον
272 3079 353 3165 ὅρον
383 3083 552 3147 τεθείκατε
584 3089 623 3165 τῇ
650 3083 771 3165 βουλή,
803 3079 912 3165 πότερ’
944 3082 1049 3165 αύτήν
1077 3084 1130 3149 δεῖ

121 3190 235 3272 λαβεῖν
261 3187 323 3271 τήν
347 3189 491 3273 δωρειάν
513 3186 534 3271 ή
557 3187 607 3253 ού.
653 3188 685 3252 εί
704 3187 769 3270 γάρ
791 3187 898 3252 πάντα
921 3187 1023 3254 τάλλα
1046 3188 1128 3254 διοι-

121 3297 230 3378 κήσειε
252 3298 369 3376 καλῶς,
393 3292 436 3358 δι’
464 3288 512 3358 ὧν
535 3289 571 3359 δδ
593 3295 631 3358 τό
652 3287 681 3358 τ’
703 3293 736 3373 ἐξ
760 3293 861 3379 ἀρχῆς
882 3289 973 3359 ταῦτ’
995 3293 1122 3379 ἐκτησά·

121 3406 208 3485 μεθα
238 3398 294 3466 καὶ
324 3408 389 3466 νῦν
421 3397 581 3488 σῴζομεν,
617 3400 738 3476 ταύτας
766 3401 811 3484 μή
844 3401 1034 3483 ποιήσαιτο,
1070 3402 1128 3478 τάς

121 3509 264 3593 τριήρεις
294 3505 394 3590 λέγω,
428 3501 529 3570 οὐδὲν
556 3505 691 3570 ἐκείνων
717 3507 851 3590 ὄφελος·
882 3506 944 3588 τήν
970 3508 1033 3592 γάρ
1061 3519 1127 3573 τῶν

173 3621 298 3662 Dauom.
318 3621 411 3662 vom
951 3616 967 3663 9
