2614 3904
187 151 254 216 384
485 152 597 204 xxxu.
619 151 899 204 ΔΗιιοεοειιουε

188 306 286 388 οὗτος
316 308 372 377 καὶ
402 309 421 377 δ
448 306 669 396 Ἡγέστρατος
696 314 903 395 συγγραφήν.
949 315 1057 376 καίτοι
1083 321 1119 377 εῖ
1141 310 1210 395 μὲν
1286 301 1287 312 ’

187 418 234 495 είς
261 419 373 483 πίστιν
400 418 540 500 ἔδωκας,
567 419 603 482 τί
626 418 689 501 πρὸ
717 427 778 483 τοῦ
802 421 1074 502 κακουργήματος
1096 415 1139 481 διν
1165 420 1210 482 τὰ
1286 407 1287 458 Ῑ

187 521 292 608 βέβαι’
315 523 445 599 ἐποιοῦ;
470 525 501 589 εἰ
518 519 549 588 δ’
572 522 719 588 ἀπιστῶν
738 521 923 608 ἐτύγχανες,
946 525 982 588 τί
997 522 1069 607 οὐχ,
1091 523 1208 606 ὥσπερ
1286 569 1287 586 2

149 648 172 688 ιτ
188 631 223 696 οἱ
248 631 358 712 ἄλλοι,
386 630 426 694 τὰ
454 622 554 693 δίκαι’
585 628 766 713 ἐλάμβανες
792 629 829 694 ἐν
857 637 897 714 τῇ
923 631 1005 714 γη;“
1033 631 1069 693 τί
1092 627 1135 694 διν
1164 631 1208 694 τὰ

186 737 293 801 πολλὰ
311 734 403 818 λέγοι
421 759 485 813 τις;
507 729 549 818 ἧν
568 736 632 818 γὰρ
651 730 725 800 οὐδ’
747 735 861 801 ὁτιοῦν
878 734 981 801 πλέον
1000 733 1080 819 ἡμῖν
1097 745 1207 801 ταῦτα

187 840 354 926 λέγουσιν,
373 835 445 906 ἄλλ’
464 847 567 925 εῖχετο
586 850 647 906 τοῦ
666 844 770 907 σίτου.
803 840 917 924 ἐξῆγεν
936 841 1040 907 αὐτὸν
1059 840 1077 906 ὁ
1095 845 1197 922 Πρῶ-
1208 859 1256 908 881

187 971 243 1025 τος
265 946 320 1013 καὶ
342 946 361 1012 6
384 949 545 1023 κοινωνὸς
568 955 629 1014 τοῦ
649 947 802 1031 Πρώτου,
829 946 1009 1032 Φέρτατος
1032 945 1149 1012 οὑτοσὶ
1170 943 1202 1013 δ’
1286 951 1287 958 ’

188 1055 249 1120 ούκ
273 1053 421 1137 ἐξήγετο,
445 1050 518 1118 οὐδ’
545 1051 587 1118 δν
610 1056 674 1138 ἐφη
699 1054 885 1137 διαρρήδην
907 1049 963 1118 ὑπ’
991 1053 1130 1130 οὐδενὸς
1155 1053 1206 1132 ἐξ·

148 1179 175 1217 18
189 1165 344 1244 αχθῖγναι,
368 1162 401 1225 εί
421 1160 465 1244 μὴ
490 1159 591 1225 αὐτὸν
610 1159 674 1244 ἐγὼ
694 1160 804 1240 ἐξάξω.
837 1161 917 1244 μετὰ
934 1169 1038 1224 ταῦτα
1057 1159 1206 1243 προύκα-

188 1264 275 1331 λεῖθ’
302 1265 321 1331 δ
345 1270 485 1349 Πρῶτος
512 1267 615 1331 αὐτὸν
643 1263 698 1330 καὶ
725 1264 818 1349 ἡμεῖς
846 1263 900 1332 ἐπὶ
926 1267 989 1349 τὴν
1012 1265 1118 1351 ἀρχὴν
1140 1267 1206 1349 τὴν

188 1383 254 1438 τῶν
277 1375 514 1456 Συρακοσίων,
543 1369 606 1436 κάν
628 1367 690 1455 μὲν
712 1371 899 1456 ἐωνημένος
920 1372 981 1437 τὸν
1004 1383 1098 1437 σῖτον
1121 1370 1206 1436 ἐκεῖ·

188 1501 246 1554 νος
269 1480 427 1561 φαίνηται
450 1475 506 1543 καὶ
526 1477 566 1542 τά
582 1476 660 1560 τέλη
678 1474 801 1562 κείμεν’
825 1477 939 1566 ἐκείνην
958 1475 1089 1554 καὶτὰς
1107 1479 1205 1561 τιμὰς

188 1583 207 1650 6
231 1584 378 1648 διαλύων
399 1583 539 1666 ἐκεῖνος,
563 1593 682 1648 τοῦτον
705 1586 854 1667 πονηρὸν
877 1577 947 1650 ὄντ’
968 1583 1125 1668 ἠξιοῦμεν
1152 1589 1204 1668 ζη-
1249 1601 1252 1610 ⁴

187 1695 364 1774 μιοῦσθαι,
397 1691 429 1754 εί
455 1685 491 1754 δέ
519 1690 579 1774 μὴ,
612 1686 667 1754 καί
696 1691 736 1754 τά
769 1687 903 1776 διάφορ’
935 1689 1116 1771 ἀπολαβεῖν
1147 1687 1204 1754 καὶ

187 1795 351 1860 τάλαντον
369 1798 582 1877 προσλαβεῖν,
599 1793 655 1861 καὶ
673 1805 734 1862 τοῦ
749 1798 844 1861 σίτου
858 1795 1079 1881 ἀφιστάμεθα.
1107 1792 1200 1862 ταῦτ’

188 1903 317 1967 ἐκείνου
343 1900 617 1986 προκαλουμένου
645 1898 700 1966 καὶ
727 1898 960 1983 λέγοντοςκαὶ
982 1901 1077 1986 ἡμῶν
1100 1897 1203 1966 οὐδέν

187 2002 230 2090 ἦν
257 2007 373 2088 πλέον,
402 2004 474 2073 ἀλλ’
499 2003 542 2090 ἦν
569 1993 738 2089 αἵρεσιςῆ
763 2017 883 2073 τοῦτον
906 2007 1049 2091 ἐξάγειν,
1077 2007 1097 2091 ἢ
1122 2008 1201 2074 άπο-

188 2113 365 2180 λωλεκέναι
397 2112 550 2179 σωθέντα
582 2110 636 2177 καὶ
669 2115 818 2196 παρόντα
848 2115 889 2180 τδι
920 2110 1048 2198 ἡμέτερ’
1081 2114 1200 2180 αὐτῶν.

148 2221 207 2286 εεὸ
231 2221 294 2306 γάρ
318 2215 361 2285 αὖ
381 2224 519 2304 Πρῶτος
543 2215 769 2305 διεμαρτύρετ’
792 2219 931 2303 ἐξάγειν,
955 2222 1099 2304 βεβαιῶν
1123 2221 1201 2285 ἀνα-

188 2334 284 2392 πλεῖν
307 2324 437 2391 ἐθέλειν
460 2329 506 2402 είς
529 2327 591 2410 τὴν
610 2329 780 2391 Σικελίαν·
804 2327 835 2391 εί
855 2322 892 2390 δέ
910 2323 1001 2390 ταῦτ’
1024 2311 1201 2403 ἐθέλοντος

152 2473 159 2482 -
189 2433 293 2498 αὐτοῦ
316 2430 521 2518 προησόμεθ’
544 2433 637 2516 ημεῖς
658 2433 764 2519 τούτῳ
783 2433 843 2497 τὸν
862 2442 966 2513 σῖτον,
991 2429 1092 2498 οὐδέν
1110 2432 1199 2520 αὐτῷ

189 2538 309 2623 μέλειν.
354 2536 410 2603 καὶ
437 2539 488 2603 ὅτι
516 2536 606 2603 ταῦτ’
634 2537 744 2620 ἀληθῆ
773 2536 875 2620 λέγω,
902 2536 957 2602 καὶ
985 2536 1055 2603 οὔτ’
1082 2536 1124 2602 δν
1153 2538 1201 2618 ἐξ·

189 2651 334 2729 αχθῆναι
352 2647 428 2729 ἔφη,
447 2647 479 2710 εί
495 2646 539 2728 μὴ
558 2641 614 2708 ὑπ’
637 2643 729 2727 ἐμοῦ,
748 2639 827 2708 οὔθ’
850 2642 1106 2728 δπρούκαλεῖτο
1125 2642 1200 2725 περὶ
1286 2643 1287 2646 ’

189 2762 249 2817 τοῦ
278 2751 437 2816 ἀναπλεῖν
465 2749 609 2834 ἐδέχετο,
637 2753 673 2815 έν
695 2773 730 2814 τε
753 2758 799 2838 τῷ
822 2754 893 2837 πλῷ
916 2749 978 2832 την
1002 2752 1200 2834 συγγραφὴν

189 2862 300 2939 ἔθετο,
325 2855 398 2940 λέγε
421 2858 478 2934 τὰς
500 2859 691 2941 μαρτυρίας.

591 3068 794 3121 ΜΑΡἸὝΡΙΑΙ.

146 3196 177 3238 το
275 3176 407 3259 Ἐπειδὴ
439 3177 556 3240 τοίνυν
588 3172 657 3239 οὔτ’
689 3173 866 3256 ἐξάγεσθαι
899 3175 1021 3257 ἤθελεν
1048 3174 1112 3240 ὑπὸ
1140 3184 1200 3240 τοῦ

191 3284 351 3369 Πρώτου,
379 3275 449 3346 οὔτ’
476 3284 523 3357 είς
550 3281 611 3363 τὴν
636 3282 794 3344 Σικελίαν
821 3279 982 3344 ἀναπλεῖν
1010 3277 1062 3345 ἐπὶ
1089 3281 1129 3344 τὰ
1152 3283 1201 3347 δί-

190 3413 281 3470 καια,
308 3387 471 3472 προειδώς
495 3383 531 3450 θ’
558 3382 675 3451 ἅπαντ’
703 3385 872 3469 ἐφαίνετο,
902 3381 1201 3468 δδἩγέστρατος

192 3493 399 3575 ἐκακούργει,
423 3493 540 3557 λοιπὸν
563 3488 605 3574 ἦν
628 3491 707 3574 ημῖν
729 3502 799 3568 τοῖς
822 3489 960 3556 ἐνθένδε
984 3487 1044 3574 μέν
1067 3513 1200 3576 πεποιη-
