2622 3938
550 141 763 198 PRAEFATIO.
1134 150 1159 202 V

155 303 264 368 sthene
295 303 374 368 alibi
404 301 788 390 (V1,23)·adhibitum;
820 309 933 370 contra
965 308 1066 390 χάραξ
1096 303 1159 372 hoc

155 433 248 474 sensu
271 409 470 493 antiquiores
493 408 673 493 Theophilo
697 409 763 474 sive
786 409 919 496 Diphilo
943 413 1081 498 comico,
1103 415 1157 498 qui

152 511 255 579 iunxit
284 538 357 580 cum
385 519 574 599 παρεμβολῇ
604 515 683 578 item
709 515 837 580 novicio
866 517 1023 582 vocabulo
1051 515 1158 600 (Koch

152 619 285 706 11‚476.
305 621 395 706 559),
419 626 490 685 tum
513 619 652 702 Polybio
676 626 823 687 auctores
846 643 912 686 non
934 622 1042 707 habet,
1064 630 1097 689 et
1119 647 1157 688 ex

151 727 358 794 Macedonica
375 727 605 792 consuetudine
623 727 810 811 provenisse
829 727 964 792 videtur.
1000 729 1046 794 Et
1065 730 1093 794 si
1111 731 1157 794 in-

152 833 291 917 spexeris
311 837 417 898 totam
433 833 638 896 sententiam:
662 856 689 915 χ.
708 836 889 915 βαλόμενος
907 836 989 916 πρὸς
1007 842 1046 919 τῇ
1064 837 1157 899 πόλει

151 937 203 1003 καὶ
226 936 429 1023 μηχανήματ’
453 938 627 1019 ἐπιστήσας
649 937 848 1018 ἐπολιόρκειι
870 959 977 1004 nonne
1001 961 1074 1004 cum
1097 963 1156 1023 μή-

151 1048 316 1127 χανήματα
345 1044 442 1128 longe
471 1043 578 1127 aptius
607 1043 759 1129 congruit
782 1045 956 1127 χαράκωμα
980 1065 1077 1128 quam
1100 1046 1155 1126 χά-

150 1146 254 1232 ρακαῖ
298 1149 413 1234 Neque
440 1171 647 1214 numerorum
675 1150 888 1235 congruentia
914 1149 1156 1246 desiderabitur,

149 1256 322 1321 dummodo
354 1277 505 1340 praesens
535 1255 728 1320 historicum
743 1303 746 1308 .
759 1260 931 1338 πολιορκεῖ
959 1255 1154 1340 reposueris:

148 1364 333 1447 χαράκωμα
414 1364 525 1425 πόλει
539 1400 574 1423 ω
588 1359 641 1424 καὶ
660 1358 875 1445 μηχανήματ’
894 1360 941 1424 ἐπ.
961 1365 1155 1443 πολιορκεῖ.

151 1471 269 1532 Verum
295 1468 329 1532 id
357 1488 484 1551 quoque
511 1471 598 1530 recte
621 1465 744 1552 ambigi
770 1471 893 1552 potest,
921 1489 999 1530 num
1023 1467 1154 1531 omnino

148 1575 197 1638 vel
220 1571 429 1638 Macedonica
451 1577 556 1636 aetate
583 1572 645 1636 hoo
669 1561 917 1656 quidem.'sensu
939 1573 1041 1656 χάραξ
1063 1595 1152 1637 usur-

146 1681 216 1764 pari
246 1679 397 1763 potuerit.
443 1677 529 1742 Nam
552 1682 585 1742 et
608 1679 692 1762 apud
716 1678 876 1742 comicum
897 1677 990 1743 illum
1013 1683 1046 1743 et
1068 1679 1153 1763 apud

146 1785 319 1869 Polybium
337 1790 444 1849 castra
462 1784 637 1869 significat3
660 1789 694 1847 at
713 1784 797 1867 apud
815 1783 1067 1849 Demosthenem
1085 1784 1151 1848 val-

146 1892 214 1956 lum
237 1891 287 1956 vel
310 1912 411 1976 agger
433 1889 648 1975 significatur,
674 1889 710 1953 in
733 1910 797 1973 quo
821 1889 1063 1955 collocabantur
1086 1913 1149 1955 ma-

147 1997 267 2062 chinae.

233 2103 347 2186 ltaque
369 2120 410 2166 ne
433 2102 463 2166 ei
482 2101 610 2186 quidem
628 2107 739 2186 testes,
762 2102 878 2186 quibus
901 2104 963 2167 fide
987 2104 1150 2188 digniores

145 2208 287 2274 nancisci
308 2230 375 2273 non
396 2230 492 2293 posse
511 2208 664 2290 videmur,
687 2208 888 2273 dubitatione
906 2209 1047 2293 exempti
1065 2214 1149 2273 sunt.

145 2313 257 2400 Neque
289 2337 327 2379 ea
357 2335 409 2378 res
442 2313 517 2377 miri
550 2312 720 2396 quicquam
747 2312 866 2377 habere
897 2319 1022 2398 potest,
1053 2316 1149 2379 modo

144 2426 273 2507 reputes
305 2425 385 2504 quot
416 2417 544 2483 saecula
572 2418 657 2482 inter
685 2417 913 2482 Demosthenis
945 2424 1085 2484 aetatem
1117 2425 1150 2485 et

142 2525 273 2590 illorum
304 2525 471 2590 rhetorum
503 2524 753 2589 intercesserint.
799 2522 860 2588 Sed
892 2524 955 2589 hoe
988 2546 1049 2612 ego
1081 2526 1149 2609 qui-

143 2633 228 2716 dem,
256 2651 319 2714 quo
343 2631 464 2695 diutius
487 2629 521 2692 in
545 2629 764 2695 Demosthene
786 2629 955 2716 immoror,
982 2653 1019 2696 eo
1043 2631 1147 2716 magis

142 2736 221 2800 mihi
249 2737 440 2821 persuadeo,
473 2735 728 2819 corruptelarum
754 2733 861 2800 labem
888 2758 954 2800 non
986 2759 1055 2803 esse
1079 2743 1146 2802 tan-

141 2847 221 2926 tam,
250 2847 404 2925 quantam
432 2840 564 2925 quidam
590 2845 722 2926 putant,
752 2840 787 2904 in
813 2841 865 2905 his
893 2842 1032 2907 maxime
1059 2846 1147 2908 volu-

140 2948 236 3012 minis
261 2946 393 3011 alterius
417 2945 627 3011 orationibus.
665 2943 759 3010 Certe
781 2946 856 3010 inde
879 2969 899 3010 a
920 2951 1067 3031 tempore
1089 2949 1147 3012 im-

138 3058 325 3136 peratorum
357 3051 479 3116 malum
511 3071 576 3114 non
607 3051 655 3115 ita
687 3072 881 3136 magnopere
913 3057 1044 3118 auctum
1076 3076 1146 3120 esse

138 3159 332 3224 documento
351 3162 402 3222 est
419 3158 638 3243 fragmentum
657 3156 830 3220 voluminis
848 3158 1021 3242 papyraoei
1039 3159 1147 3244 Lepti·

136 3286 232 3328 neam
265 3263 461 3347 exhibentis,
494 3264 579 3347 quod
608 3263 645 3327 in
672 3263 824 3348 Aegypto
852 3261 1020 3329 inventum
1049 3271 1082 3330 et
1111 3265 1146 3329 in

135 3368 287 3435 Museum
300 3368 507 3434 Berolinense
520 3368 648 3433 illatum
663 3367 834 3433 Udalricue
853 3367 986 3434 Wilken
1000 3370 1144 3434 editurus

135 3480 194 3540 est.
227 3475 267 3539 Id
286 3475 353 3538 sive
371 3479 421 3539 est
440 3473 573 3537 alterius
586 3497 616 3559 p.
633 3473 707 3538 Chr.
721 3495 752 3537 n.
767 3474 896 3552 saeculi,
918 3478 956 3536 ut
971 3473 1027 3536 ille
1041 3479 1148 3556 putat,
