2938 4180
255 161 321 227 206
557 165 657 219 xxm.
680 161 960 216 ΔΗαοΣοεαοαΣ

255 322 413 407 ἐφρούρει
437 324 640 408 Χαρίδημον.
685 326 787 388 καλόν
813 320 860 406 μ’,
887 323 929 389 οὑ
956 323 1034 408 μδρς
1064 315 1090 385 ὦ
1115 323 1182 384 Ζεῦ
1204 317 1329 384 καὶδύο

254 432 347 511 θεοί,
375 429 411 506 ὃς
438 431 537 506 αὑτός
564 452 643 495 ποτε
669 431 748 505 τοὺς
774 427 954 513 ὑμετέρους
976 427 1119 513 ἐχθροὺς
1141 427 1271 510 μισθὸν

256 536 435 620 λαμβάνων
455 536 665 622 ἐδορυφόρει,
684 531 744 618 ὑφ’
762 533 924 620 ὑμετέρου
936 536 1148 617 ψηφίσματος
1162 542 1271 617 φανῇ·

254 663 311 706 ναι
334 644 592 726 φυλαττόμενον.

205 766 242 807 ιω
335 745 432 824 Ἴσως
458 749 574 812 τοίνυν
602 732 709 812 έκεῖνο
737 747 780 811 ἄν
806 748 856 823 τίς
878 743 911 830 μ’
939 747 1062 827 ἔροιτο,
1090 747 1126 809 τί
1146 745 1270 828 δήποτε

254 850 346 918 ταῦτ’
374 854 467 930 εἰδὼς
494 853 600 930 οὑτως
626 851 769 936 ἀκριβῶς
798 850 862 934 ἐγὼ
885 850 939 918 καί
960 851 1269 935 παρηκολουθηκὼς

256 957 357 1036 ἐνίοις
387 970 455 1024 τῶν
487 959 713 1042 ἀδικημάτων,
746 963 857 1040 εῖασα,
889 955 944 1022 καὶ
976 950 1055 1022 οὔθ’
1085 953 1132 1022 ὅτ’
1163 956 1270 1022 αὑτὸν

255 1064 422 1130 ἐποιεῖσθε
444 1067 583 1148 πολίτην
606 1060 708 1130 οὐδὲν
731 1063 903 1146 ἀντεῖπον,
927 1060 1005 1128 οὔθ’
1032 1058 1080 1127 ὅτ’
1107 1063 1268 1148 ἐπηνεῖτε,

255 1168 333 1235 οὔθ’
355 1171 439 1248 ὅλως
461 1172 634 1254 πρότερον,
657 1167 738 1255 πρὶν
757 1171 794 1235 τὸ
812 1171 968 1253 ψήφισμα
986 1167 1144 1252 γενέσθαι
1162 1167 1268 1251 τουτὶ,

255 1277 357 1359 λόγον
380 1273 490 1343 οὐδέν’
515 1277 727 1360 ἐποιησάμην.
764 1275 828 1358 ἐγὼ
852 1269 883 1340 δ’
905 1271 931 1339 ὦ
955 1275 1074 1360 άνδρες
1091 1271 1269 1355 Ἀθηναῖοι

254 1384 337 1467 πρὸς
355 1382 441 1465 ὑμᾶς
458 1382 589 1447 ἅπασαν
608 1380 672 1465 ἐρῶ
690 1381 752 1465 τὴν
771 1381 940 1464 ἀληθειαν.
974 1379 1029 1445 καὶ
1047 1381 1110 1466 γάρ
1129 1381 1173 1458 ὡς
1187 1381 1269 1446 ἀνά-

255 1487 323 1566 ξιος
345 1484 388 1571 ἦν
410 1487 515 1574 ᾔδειν,
538 1486 593 1552 καὶ
615 1496 725 1572 παρῆν
743 1487 796 1552 ὅτε
815 1489 943 1553 τούτων
962 1487 1107 1570 ἠξιοῦτο,
1130 1485 1185 1552 καλ
1203 1487 1270 1552 οὑκ

204 1614 242 1654 ιεε
256 1593 424 1660 ἀντεῖπον·
455 1593 615 1676 ὁμολογῶ.
661 1593 717 1659 διδ
743 1596 789 1671 τίς
818 1594 868 1658 ὅτι
896 1588 922 1658 ὧ
950 1594 1070 1675 ἄνδρες
1093 1587 1268 1677 Ἀθηναῖοι

254 1711 387 1783 πρῶτον
418 1695 479 1784 μέν
511 1697 754 1783 ἀσθενέστερον
780 1699 938 1783 ,ἡγούμην
969 1701 1105 1764 ἔσεσθαι
1132 1705 1268 1765 πολλῶν

254 1803 472 1887 ψευδομένων
490 1803 626 1888 ἑτοίμως
643 1803 719 1887 περὶ
738 1805 842 1870 αὑτοῦ
860 1806 943 1887 πρὸς
960 1805 1045 1889 ὑμᾶς
1063 1803 1122 1870 ἕνα
1135 1804 1268 1890 τάληθῆ

255 1907 382 1994 λέγοντ’
405 1910 561 1994 ἐμαυτόν·
585 1905 693 1976 ἔπειθ’
714 1905 762 1975 ὧν
779 1907 840 1993 μὲν
863 1910 989 1987 ἐκεῖνος
1007 1910 1176 1996 εὑρίσκετο
1194 1911 1266 1990 ἐξα-

254 2029 368 2083 πατῶν
394 2017 495 2100 ὑμᾶς,
523 2018 568 2101 μδι
594 2020 653 2082 τὸν
676 2019 745 2081 Δία
771 2015 827 2082 καὶ
853 2019 956 2092 θεοὺς
980 2018 1105 2093 πάντας
1127 2018 1268 2094 ούδενὸς

255 2120 357 2208 είσῄει
384 2147 440 2207 μοι
466 2123 625 2206 φθονεῖν,
653 2124 756 2189 κακὸν
780 2121 810 2188 δ’
838 2119 938 2189 οὐδὲν
962 2121 1075 2206 ἑώρων
1097 2121 1267 2208 ὑπερφυές

254 2227 471 2313 πεισομένους
492 2229 588 2313 ὑμᾶς,
612 2236 646 2295 εί
663 2223 727 2294 τιν’
753 2229 930 2312 ἠδικηκότα
952 2224 1047 2293 πόλλ’
1073 2229 1186 2313 ηφίετε
1209 2229 1265 2296 καὶ

254 2333 502 2422 προύκαλεῖσθέ
526 2357 558 2398 τι
584 2343 646 2400 τοῦ
673 2338 792 2399 λοιποῦ
819 2344 927 2399 ποιεῖν
948 2332 1034 2417 ὑμᾶς
1057 2333 1199 2416 ἀγαθόν·
1227 2335 1267 2401 ἐν

253 2443 317 2526 γὰρ
344 2449 390 2530 τῷ
418 2443 558 2524 πολίτην
582 2445 754 2506 ποιεῖσθαι
776 2437 832 2504 καλ
855 2448 1045 2523 στεφανοῦν
1067 2437 1157 2504 ταῦτ’
1185 2440 1266 2527 ἐνῆν

91 2627 92 2630 ¹
203 2567 240 2606 18⁹
254 2548 431 2632 ἀμφότερα.
483 2547 594 2630 ἐπειδὴ
628 2546 657 2611 δ’
694 2545 760 2630 δρῶ
792 2549 1201 2630 προσκατασκευαζόμενόν
1232 2572 1265 2613 τι

253 2663 421 2735 τοιοῦτον,
446 2650 489 2717 δι’
516 2647 573 2736 οὑ,
596 2650 639 2718 ἂν
661 2654 767 2737 μόνον
790 2652 1020 2736 εὐτρεπίσηται
1041 2656 1121 2730 τοὺς
1143 2653 1260 2720 ἐνθάδ’

253 2760 515 2844 ἐξαπατήσοντας
541 2759 627 2844 ὑμᾶς
653 2756 737 2842 ὑπὲρ
765 2758 886 2839 αὑτοῦ,
914 2770 982 2823 τῶν
1008 2757 1040 2842 γ’
1066 2759 1127 2840 ἐξω
1155 2763 1264 2844 φίλων

253 2865 308 2932 καὶ
337 2865 551 2950 βουλομένων
579 2867 620 2931 άν
647 2890 678 2928 τι
706 2877 814 2930 ποιεῖν
840 2865 925 2949 ὑμᾶς
952 2863 1083 2948 άγαθὸν
1110 2864 1263 2932 κάκεῖνον

252 2973 394 3048 κωλύειν
431 2973 564 3048 ἐναντία
600 2972 755 3055 πράττειν
788 2971 883 3054 ὑμῖν,
921 2961 994 3035 οἷον
1027 2967 1263 3056 Ἀθηνόδωρον

252 3080 348 3163 λέγω,
368 3081 517 3163 Σίμωνα,
536 3079 695 3164 Βιάνορα,
712 3075 882 3163 Ἀρχέβιον
899 3077 959 3141 τὸν
972 3078 1166 3160 Βυζάντιον,
1185 3082 1262 3156 τοὺς

254 3191 385 3273 Θρᾷκας
408 3187 486 3260 τοὺς
508 3184 582 3267 δύο,
605 3188 683 3260 τοὺς
706 3182 872 3267 βασιλέας,
894 3184 1023 3248 τούτων
1040 3181 1159 3267 μηδενὶ
1177 3180 1250 3269 μήτ’
1263 3197 1314 3245 σεε

252 3291 496 3375 ἐναντιωθῆναι
519 3293 599 3374 μήτε
617 3291 759 3355 κωλύειν
778 3289 906 3355 ἐκεῖνον
924 3287 1061 3372 ἐξέσται,
1083 3289 1258 3374 τηνικαῦθ’

90 3435 92 3480 5
202 3414 239 3452 ιοο
253 3393 320 3478 ἥκω
348 3395 402 3462 καὶ
429 3407 609 3480 κατηγορῶ.
654 3395 710 3462 καὶ
736 3399 857 3480 νομίζω
884 3396 922 3460 τὸ
950 3392 1025 3478 μὲν,
1055 3387 1104 3472 οἷς
1127 3397 1261 3481 ἔμελλεν

90 3493 92 3504 “’
254 3501 377 3576 ἐκεῖνος
401 3503 512 3584 λαβὼν
536 3499 639 3586 μηδέν
663 3499 885 3586 ὑπερμέγεθες
907 3500 969 3583 τὴν
990 3503 1089 3566 πόλιν
1108 3502 1259 3585 βλάψειν,
