2644 4182
168 139 192 221 8'
483 162 540 213 xx.
570 159 849 214 ΔΗΜοεοεειοεε

166 329 313 400 ενεγκεῐν
340 319 444 387 αὐτὸν
470 318 525 386 καὶ
553 331 726 405 μετασχεῖν
752 329 810 404 τῆς
833 321 996 404 δαπάνης,
1027 321 1110 387 ὥστε
1133 322 1177 404 μὴ

166 427 265 488 λῦσαι
287 436 353 491 τῶν
377 424 644 510 ὡμολογημένων
666 425 779 511 μηδέν.
825 437 893 502 πῶς
916 421 979 492 οὖν
1002 425 1043 492 οὐ
1065 428 1179 493 δεινὸν

167 523 192 594 ὦ
217 530 336 615 ἄνδρες
355 526 539 615 Ἀθηναῖοι,
563 533 594 598 εί
615 535 688 598 τότε
712 529 772 616 μὲν
792 543 862 609 τοῖς
880 532 1075 616 ἠδικηκόσιν
1092 533 1179 617 ὑμᾶς

166 631 249 720 ὑπὲρ
276 646 338 704 τοῦ
364 638 409 721 μὴ
436 637 627 715 ψεύσασθαι
656 639 721 719 [τὰ]
746 632 882 722 χρήματ’
909 637 1077 723 εἰσφέρειν
1098 638 1179 722 5502-

167 743 301 825 λήσατε,
333 752 398 808 νῦν
430 740 461 808 δ’
494 743 571 821 ἐξὸν
603 743 682 828 ὑμῖν
714 744 795 808 ἄνευ
824 743 974 826 δαπάνης
1000 746 1040 809 τὰ
1067 745 1179 810 δίκαια

166 856 301 931 ποιησαι
323 858 392 924 τοῖς
415 848 612 932 εὐεργέταις,
636 849 757 914 λύσασι
774 850 833 915 τὸν
852 851 969 933 νόμον,
992 849 1179 926 ψεύδεσθαι

166 957 293 1036 μᾶλλον
317 953 512 1039 αίρησεσθε;
538 953 601 1036 ἐγὼ
625 949 687 1039 μὲν
710 954 772 1019 οὐκ
795 953 883 1032 ἀξιῶ.

129 1072 153 1113 1³
260 1051 314 1125 Τό
333 1055 394 1142 μὲν
415 1063 533 1126 τοίνυν
555 1068 612 1143 της
635 1055 869 1144 πόλεωςηθος
891 1055 916 1126 ὦ
941 1060 1061 1146 ἄνδρες
1079 1057 1179 1145 Ἀθη-
1206 1109 1208 1114 -

166 1175 256 1230 ναῖοι
285 1161 339 1230 καλ
368 1161 416 1229 ἐπ’
447 1165 559 1229 ἄλλων
585 1169 717 1230 πολλῶν
744 1163 800 1232 καὶ
827 1163 880 1251 ἐφ’
912 1159 961 1232 ὧν
989 1161 1083 1232 εἶπον
1110 1167 1182 1233 cooa-

166 1294 216 1347 τις
234 1268 276 1335 όν
293 1280 458 1353 τοιοῦτον,
478 1267 620 1348 ἀψευδὲς
638 1268 692 1336 καλ
711 1273 866 1356 χρηστὸν,
889 1271 931 1338 οὐ
947 1273 985 1336 τὸ
1005 1271 1169 1339 λυσιτελέ-
1178 1281 1231 1332 461

168 1392 288 1441 στατον
318 1379 401 1461 πρὸς
433 1376 594 1462 ἀργύριον
627 1385 790 1459 σκοποῦν,
823 1378 907 1442 ἀλλὰ
934 1381 970 1443 τί
993 1376 1049 1444 καὶ
1075 1379 1178 1445 καλὸν

167 1481 294 1566 πρᾶξαι.
338 1483 376 1548 τὸ
404 1478 442 1548 δὲ
469 1491 530 1548 τοῦ
557 1480 677 1558 θέντος
704 1483 762 1548 τὸν
795 1485 916 1567 νόμον,
946 1484 988 1548 τὰ
1014 1480 1076 1567 μὲν
1103 1480 1175 1550 ἄλλ’

167 1585 263 1670 ἔγωγ’
290 1587 352 1654 οὐκ
380 1583 470 1668 οίόα,
500 1583 580 1653 οὐδὲ
608 1587 692 1671 λέγω
716 1592 869 1673 φλαῦρον
893 1585 994 1654 οὐδὲν
1017 1587 1097 1654 οὐδὲ
1120 1608 1178 1656 συ·

166 1695 275 1776 νοιδα,
299 1694 334 1760 ἐκ
357 1692 394 1759 δὲ
416 1703 477 1759 τοῦ
500 1697 607 1777 νόμου
631 1706 764 1758 σκοπῶν
787 1694 928 1775 εὑρίσκω
952 1699 1038 1761 πολὺ
1056 1695 1179 1761 τούτου

128 1797 418 1883 ῐῑκεχῶρισμίνον.
457 1798 542 1884 φημὶ
564 1803 681 1865 τοίνυν
705 1799 768 1881 ἐγὼ
792 1801 929 1866 κάλλιον
953 1795 1038 1866 εἶναι
1056 1810 1179 1867 τοῦτον

167 1904 247 1988 ὑμίν
271 1905 498 1988 ἀκολουθῆσαι
521 1903 596 1989 περὶ
619 1915 679 1970 τοῦ
702 1909 801 1970 λῦσαι
822 1906 882 1969 τὸν
904 1907 1025 1987 νόμον,
1049 1903 1070 1988 ἦ
1093 1906 1179 1990 ὑμᾶς

166 2011 273 2098 τούτῳ
295 2009 370 2095 περὶ
393 2020 453 2076 τοῦ
475 2009 617 2093 θέσθαι,
645 2008 700 2076 καλ
724 2008 992 2094 λυσιτελέστερον
1006 2005 1099 2075 ἐἶναι
1122 2011 1178 2078 καὶ

166 2117 247 2201 ὑμῖν
265 2113 320 2182 καὶ
338 2117 455 2205 τούτῳ,
473 2117 536 2199 τὴν
554 2119 652 2181 πόλιν
671 2116 859 2181 πεπεικέναι
874 2119 1042 2198 Λεπτίνην
1061 2117 1178 2200 ὅμοιον

167 2223 251 2308 αὐτῇ
282 2219 440 2305 γενέσθαι
473 2223 600 2305 ὃοκείν,
633 2220 653 2306 ἢ
686 2221 790 2303 αὐτὴν
821 2219 887 2286 ὑπὸ
919 2222 1040 2286 τούτου
1069 2235 1178 2290 πεπεί-

168 2335 249 2394 σθαι
277 2328 396 2412 ὁμοίαν
419 2315 648 2415 εἶναι’τοότῳ·
685 2323 850 2410 οὐδὲγὰρ
874 2329 906 2392 εί
926 2329 1015 2393 πάνυ
1038 2333 1179 2414 χρηστός

168 2429 254 2516 ἐσθ’,
279 2435 323 2511 ὡς
346 2434 427 2518 ἐμοῦ
448 2430 480 2518 γ’
503 2431 586 2499 ἕνεκ’
610 2435 704 2516 ἔστα,
728 2429 867 2515 βελτίωνν
889 2430 958 2498 ἐστὶ
976 2442 1034 2516 τῆς
1052 2439 1179 2515 πόλεως

167 2543 204 2607 τὸ
228 2537 322 2624 ἦθος.

126 2660 153 2702 1⁶
232 2715 236 2722 ,
257 2649 389 2730 Νομίζω
413 2648 529 2711 τοίνυν
551 2645 636 2729 ὑμᾶς
659 2639 685 2710 ὦ
710 2646 829 2730 ἄνδρες
851 2647 1017 2730 δικασταί,
1041 2648 1177 2732 ίίμεινον

168 2750 209 2818 ἂν
237 2749 312 2836 περὶ
339 2761 399 2816 τοῦ
426 2754 590 2835 παρόντος
618 2753 884 2835 βουλεύσασθαι,
912 2755 944 2818 εί
963 2753 1096 2818 κάκεῖνο
1118 2755 1178 2838 μυί-

167 2865 277 2937 θοιτε,
306 2855 356 2920 ὅτι
379 2845 405 2943 ᾧ
429 2857 519 2942 μόνῳ
544 2858 673 2938 μείζους
696 2853 782 2921 εἰσὶν
806 2857 843 2920 αί
862 2857 950 2940 παρὰ
973 2868 1040 2923 τῶν
1063 2862 1179 2943 τλήμων

169 2961 303 3047 δωρειαί
329 2972 397 3028 τῶν
420 2962 508 3043 παρὰ
531 2974 598 3026 τῶν
620 2962 731 3027 ἄλλων
754 2968 928 3027 πολιτειῶν
952 2963 1178 3048 [διδομένων],

168 3067 223 3134 καλ
245 3066 334 3134 τοῦτ’
358 3068 547 3151 ἀφαιρεῖται
570 3077 635 3133 νῦν
657 3077 703 3156 τῷ
726 3070 826 3155 νόμῳ.
862 3077 902 3153 τῇ
925 3065 1066 3154 μὲνγὰρ
1084 3075 1178 3158 χρείᾳ

168 3185 207 3260 τῇ
231 3185 297 3240 τῶν
320 3172 566 3258 εὑρισκομένων
589 3175 646 3250 τὰς
670 3175 808 3257 δωρειὰς
831 3174 866 3239 οί
885 3175 1045 3258 τύραννοι
1067 3175 1122 3242 καλ
1145 3179 1181 3243 οί

169 3282 226 3357 τὰς
250 3281 440 3365 ὀλιγαρχίας
460 3283 588 3363 ἔχοντες
607 3281 746 3363 μάλιστα
766 3281 1053 3365 δύνανταιπιμᾶν·
1077 3284 1177 3347 πλού-

170 3405 245 3452 σιον
267 3387 330 3470 γὰρ
354 3385 394 3452 ὃν
416 3385 457 3450 ἂν
476 3387 662 3468 βούλωνται
681 3381 866 3470 παραχρῆμ’
889 3386 1058 3468 ἐποίησαν·
1081 3397 1121 3471 τῇ
1141 3384 1179 3452 δὲ

169 3505 237 3581 τιμῇ
260 3495 311 3557 καλ
332 3503 369 3582 τῇ
397 3494 583 3576 βεβαιότητι
609 3493 666 3570 τὰς
693 3493 781 3573 παρὰ
808 3503 874 3557 τῶν
903 3493 1017 3576 δήμων
1040 3494 1180 3577 δωρειὰς
