2590 3900
794 2 1289 23 ’Ἦ

450 174 832 228 Κεοευιωοκεευοεε.
1082 167 1146 235 237

134 336 252 399 τοίνυν
280 326 378 412 οὗτος
406 333 591 420 εἰσέφερεν,
618 333 713 418 ὑμεῖς
736 330 837 399 οὐδὲν
860 332 941 418 ἐμοῦ
963 343 1077 418 χεῖρον
1098 357 1146 416 γι-

135 441 313 522 γνώσκετε·
344 443 425 506 ἄνευ
458 437 495 506 δὲ
521 441 649 506 τούτων
677 439 777 517 αὐτὸς
804 440 995 524 ὡμολόγησε
1023 440 1067 523 μη
1095 437 1148 505 ἐπὶ

135 556 216 611 πᾶσι
242 548 302 613 τὸν
330 547 433 613 αὐτὸν
460 546 659 632 τεθηκέναι,
687 548 775 630 πλην
802 545 878 630 περὶ
904 558 972 612 τῶν
994 551 1148 612 τελωνῶν

134 649 191 718 καὶ
213 664 281 718 τῶν
304 652 541 738 μισθουμένων
564 652 619 719 καὶ
641 665 708 720 τῶν
731 655 860 720 τούτων
883 653 1053 737 ἐγγυητῶν
1071 661 1148 736 χρη·

135 764 219 825 σθαι
240 761 458 845 προσγράψας
479 767 525 848 τῷ
548 763 648 848 νόμφ.
685 761 810 826 οὐκοῦν
834 757 926 827 ὁπότ’
953 762 1038 825 εἰσίν
1060 781 1148 834 τινες

136 865 196 943 οὓς
223 866 405 953 ἀφορίζεις,
434 866 495 932 ούκ
522 865 564 932 διν
592 864 636 932 ἐτ’
663 874 732 952 εἰης
760 866 812 934 ἐπὶ
835 878 915 934 πᾶσι
935 869 1007 949 [τὸν
1031 865 1146 948 αύτὸν]

94 975 294 1057 ωτεθηκώς.
338 970 393 1038 καὶ
416 974 483 1058 μην
505 967 578 1038 οὐδ’
603 973 709 1039 ἐκεῖνό
732 971 763 1057 γ’
786 972 828 1040 δν
851 982 966 1055 εἴποις,
990 973 1034 1049 ὡς
1056 972 1149 1050 ὅσοις

136 1081 262 1163 δεσμοῦ
285 1087 513 1164 προστιμᾶται,
535 1080 664 1145 τούτων
683 1076 812 1165 μάλιστ’
832 1080 853 1165 ἢ
871 1081 912 1147 τδ
930 1077 1054 1165 μέγιστ’
1077 1079 1148 1145 ἀδι-

134 1194 254 1252 κοῦσιν
277 1186 313 1250 οἰ
331 1190 482 1268 τελῶναι,
506 1186 589 1250 ὥστε
613 1189 729 1269 μόνοις
752 1187 866 1265 αὐτοῖς
885 1188 928 1272 μὴ
947 1187 1149 1270 μεταδοῦναι

134 1299 197 1356 τοῦ
222 1293 338 1374 νόμου.
383 1294 470 1356 πολύ
496 1292 560 1374 γάρ
589 1292 698 1375 δήπου
724 1297 852 1378 μᾶλλον
877 1295 913 1358 οἰ
933 1292 1149 1376 προδιδόντες

134 1421 168 1464 τι
194 1408 262 1463 τῶν
285 1408 424 1479 κοινῶν,
453 1396 489 1462 οἰ
508 1399 586 1474 τοὺς
607 1396 726 1481 γονέας
748 1408 940 1482 κακοῦντες,
970 1397 1006 1464 οἰ
1024 1398 1068 1482 μη
1090 1422 1148 1462 κα-

134 1503 245 1589 θαρὰς
266 1503 324 1580 τάς
342 1513 453 1587 χεῖρας
470 1505 611 1586 ἔχοντες,
635 1505 794 1581 εἰσιόντες
813 1499 843 1570 δ’
865 1507 912 1582 εἰς
930 1506 991 1589 τὴν
1010 1503 1147 1590 ἀγοράν,

134 1609 318 1675 ἀδικοῦσιν.
365 1599 415 1684 οἷς
442 1607 565 1673 ἅπασιν
592 1607 629 1673 οἰ
654 1604 715 1692 μέν
742 1609 945 1695 ὑπάρχοντες
971 1613 1070 1695 νόμοι
1095 1613 1148 1677 δε-

135 1715 221 1799 σμὸν
243 1711 480 1796 προλέγουσιν,
508 1711 527 1779 δ
551 1709 588 1778 δέ
611 1715 670 1791 σὸς
692 1716 854 1780 λελύσθαι
877 1715 1025 1781 δίδωσιν.
1072 1714 1143 1782 ἀλλ’

135 1819 406 1887 ἐνταῦθαπάλιν
429 1821 648 1904 καταμηνύεις
670 1816 754 1902 ὑπὲρ
778 1815 827 1886 ὧν
850 1820 984 1899 ἐτίθεις·
1008 1823 1064 1887 διά
1084 1824 1147 1907 γάρ

134 1928 173 1992 τὸ
197 1927 240 2012 μη
263 1929 513 2008 τελωνήσαντας
531 1925 679 2009 ὀφείλειν
698 1927 829 2011 αύτούς,
852 1927 936 1993 ἀλλά
953 1927 1147 2013 κλέψαντας,

135 2038 263 2119 μᾶλλον
295 2026 326 2098 δ’
361 2031 573 2114 ἁρπάσαντας
603 2033 644 2096 τά
675 2034 840 2117 χρήματα,
874 2034 931 2099 διδ
961 2033 1051 2100 τοῦτ’
1087 2035 1148 2101 ούκ

135 2139 335 2225 ἐφρόντισας
357 2132 449 2222 οἰμαι
472 2148 539 2203 τῶν
561 2142 724 2204 τελωνῶν.
1149 2139 1200 2189 ⁷²⁰

94 2258 121 2300 ⁶1
226 2245 380 2321 Πολλούς
412 2240 443 2308 δ’
479 2245 521 2308 ἄν
552 2267 601 2320 τις
632 2246 701 2328 έχοι
733 2247 858 2329 νόμους
885 2248 933 2310 ἔτι
959 2244 1015 2312 καὶ
1041 2252 1148 2324 καλῶς

136 2355 272 2436 ἔχοντας
295 2350 475 2431 δεικνύναι,
502 2341 553 2427 οἷς
575 2359 677 2416 πᾶσιν
700 2350 851 2428 ἐναντίος
874 2350 963 2418 ἐστὶν
987 2351 1027 2417 δν
1050 2347 1148 2430 οὗτος

134 2457 286 2542 τέθηκεν.
332 2452 403 2520 ἀλλ’
435 2461 513 2533 ίσως
546 2456 610 2539 ἐγὼ
641 2452 717 2540 μέν,
751 2458 783 2522 εἰ
807 2454 883 2543 περὶ
909 2458 1044 2523 πάντων
1071 2457 1147 2542 ἐρῶ,

136 2562 369 2646 ἐξωσθήσομαι
386 2559 463 2647 περὶ
479 2570 540 2627 τοῦ
558 2559 636 2646 μηδ’
655 2562 843 2646 ἐπιτήδειον
861 2563 946 2641 ὅλως
964 2563 1044 2647 ὑμῖν
1063 2560 1148 2630 εἰναι

135 2672 195 2737 τὸν
218 2671 325 2753 νόμον
348 2669 463 2749 εἰπεῖν,
486 2667 567 2752 ὑμῖν
590 2666 622 2732 δ’
648 2669 770 2752 ὁμοίως
794 2672 909 2754 ἔνοχος
932 2681 1085 2752 φανεῖται
1108 2680 1147 2756 τῇ

134 2784 264 2861 γραφῇ,
292 2771 346 2840 καί
373 2775 406 2838 εἰ
430 2770 481 2839 ένὶ
507 2784 575 2839 τῶν
602 2775 709 2840 όντων
736 2778 850 2859 νόμων
877 2775 1027 2852 ἐναντίος
1049 2776 1149 2842 ἐστίν.

135 2893 205 2959 πῶς
227 2875 291 2946 οὖν
312 2904 370 2965 μοι
393 2880 497 2956 δοκεῖς
524 2881 602 2955 τούς
625 2876 685 2963 μὲν
708 2881 830 2958 άλλους
853 2882 927 2963 ἐῶν,
950 2880 1026 2968 περὶ
1050 2879 1078 2947 δ’
1107 2877 1148 2948 οὗ
1283 2923 1284 2942 1

134 2990 298 3071 πρότερόν
329 2981 401 3053 ποτ’
432 2985 531 3061 αὐτὸς
562 2980 661 3062 οὗτος
693 2988 793 3070 ἔθηκε
824 2990 931 3072 νόμον
959 2989 1149 3072 διελθόντα,

136 3089 186 3159 ἐπ’
213 3092 319 3159 ἐκεῖνο
343 3089 428 3157 ἰέναι
450 3093 488 3158 τὸ
512 3089 611 3176 μέρος
633 3101 690 3175 της
713 3095 911 3176 κατηγορίας
933 3094 1008 3179 ἤδη,
1032 3094 1077 3171 ὡς
1094 3092 1149 3161 καί

95 3209 122 3250 ⁶²
136 3197 249 3284 μεγάλ’
277 3197 319 3263 δν
341 3198 480 3281 βλάπτοι
502 3197 617 3282 κύριος
639 3197 687 3264 ὢν
709 3199 772 3281 την
795 3201 903 3266 πόλιν.
940 3201 978 3266 τὸ
1002 3197 1063 3284 μέν
1086 3195 1148 3265 οὖν

135 3315 206 3382 τοῖς
233 3304 345 3380 ἄλλοις
366 3302 520 3368 ἐναντίον
543 3301 789 3387 εἰσενηνοχέναι
810 3305 1054 3389 νόμον,δεινὸυ
1076 3304 1148 3388 μέν,

137 3403 209 3475 ἀλλ’
239 3409 343 3475 δίλλου
371 3409 475 3474 δεῖται
501 3411 701 3494 κατηγόρου·
730 3411 767 3474 τὸ
796 3405 826 3474 δ’
852 3407 911 3493 ὑφ’
938 3409 1043 3476 αὑτοῦ
1069 3414 1150 3496 πρό·
1280 3407 1282 3426 ¹

135 3537 236 3594 τερον
258 3513 396 3602 κειμένῳ
419 3517 511 3602 νόμφ
533 3513 691 3580 τάναντία
714 3521 836 3597 θεῖναι,
859 3512 949 3580 τοῦτ’
973 3515 1037 3599 ἢδη
1060 3526 1150 3580 ποιεῖ
