2614 3904
153 158 220 225 370
464 167 547 218 xxx
572 165 852 218 Δωνοεοωαοτε

153 320 241 410 μένῳ
263 324 304 388 τὰ
323 325 434 391 δίκαια
452 327 645 409 βοηθήσειν.
679 327 847 410 μάρτυρας
865 321 903 390 δέ
920 335 988 390 τῶν
1006 321 1067 409 μέν
1085 323 1173 408 ὑμῖν
1286 317 1287 396 ἐ

152 427 348 515 παρέξομαι,
376 442 443 497 τῶν
471 427 502 497 δ’
529 431 679 508 ἐπιδείξω
708 432 834 515 μεγάλα
855 432 1013 514 τεκμήρια
1035 431 1090 496 καὶ
1113 433 1171 494 πί-
1286 425 1287 428 '

113 551 139 594 ιι
153 550 241 611 στεις
273 535 395 612 ίκανάς.
442 535 505 619 ἐγὼ
538 538 602 619 γάρ
630 532 657 601 ὦ
685 537 804 619 ἀνδρες
832 533 982 602 δικασταί
1010 537 1091 620 μετὰ
1118 537 1160 601 τὸ
1171 547 1232 596 871

152 640 345 724 γεγράφθαι
367 641 456 723 παρὰ
478 648 523 728 τῷ
548 643 683 726 ἄρχοντι
707 642 831 725 ταύτην
852 641 915 724 τὴν
932 636 1062 722 γυναῖκ’
1085 639 1170 706 ἀπο-

153 749 360 830 λελοιπυῖαν,
392 744 448 812 καί
477 747 514 812 τὸ
542 747 683 830 φάσκειν
707 741 853 829 Ὀνήτορ’
885 744 959 810 ἀντὶ
985 754 1044 830 τῆς
1070 767 1169 827 προι-
1286 825 1287 836 ,

153 851 210 926 κὸς
237 849 496 936 ἀποτετιμῆσθαι
522 853 560 916 τὸ
588 855 726 936 χωρίον,
753 851 844 936 δρῶν
862 849 1014 935 ’Ἀφοβον
1043 852 1170 936 ὁμοίως

153 957 270 1039 ἔχοντα
292 957 348 1022 καὶ
370 940 583 1040 γεωργοῦντα
605 959 667 1040 την
685 967 749 1040 γῆν
767 955 823 1024 καὶ
840 966 880 1043 τη
898 955 1032 1040 γυναικὶ
1051 974 1169 1024 συνοι-

149 1049 292 1142 κοῦντα,
320 1073 435 1145 σαφῶς
463 1061 558 1148 ᾔδειν
584 1063 635 1128 ὅτι
662 1065 760 1146 λόγος
781 1071 886 1128 ταῦτα
906 1060 963 1128 καί
984 1065 1168 1148 παραγωγὴ

115 1186 140 1225 ν
154 1176 215 1232 τοῦ
242 1167 430 1251 πράγματός
457 1166 534 1234 ἐστι.
579 1171 783 1252 βουλόμενος
811 1161 842 1235 δ’
870 1167 1001 1253 ἐμφανῆ
1028 1180 1168 1253 ποιησαι
1211 1159 1216 1170 '

154 1281 256 1338 ταῦτα
287 1283 389 1339 πᾶσιν
420 1274 516 1358 ὑμῖν,
553 1272 698 1358 ἐλέγχειν
729 1274 832 1340 αὐτὸν
864 1274 980 1358 ἠξίουν
1012 1273 1168 1341 ἐναντίον

155 1381 342 1465 μαρτύρων,
365 1382 397 1446 εί
416 1380 461 1464 μὴ
485 1381 608 1464 φάσκοι
628 1377 726 1445 ταῦθ’
748 1380 854 1456 οὕτως
873 1382 970 1464 ἐχειν,
993 1378 1049 1446 καί
1065 1402 1168 1465 παρε-

156 1486 275 1550 δίδουν
302 1483 432 1568 οἰκέτην
458 1487 506 1563 είς
532 1487 695 1569 βάσανον,
724 1485 761 1563 ὃς
788 1483 928 1572 συνῄδει
952 1483 1047 1550 πάντ’
1075 1486 1164 1569 ἀκρι-

155 1594 235 1674 βῶς·
263 1590 303 1658 ὃν
330 1593 451 1674 ἐλαβον
478 1591 560 1657 κατὰ
586 1591 648 1674 τὴν
673 1591 898 1676 ὑπερημερίαν
922 1591 1048 1657 ἐκτῶν
1068 1589 1167 1675 Ἀφό-

156 1699 227 1782 βου.
273 1691 371 1772 οὗτος
398 1690 429 1761 δ’
456 1696 537 1780 ἐμοῦ
563 1696 651 1762 ταῦτ’
680 1696 896 1782 ἀξιώσαντος,
923 1695 999 1782 περὶ
1021 1693 1084 1781 μέν
1105 1707 1167 1763 τοῦ

159 1813 324 1868 συνοικεῖν
352 1797 484 1890 Ἀφόβφ
515 1802 576 1886 τὴν
609 1802 759 1887 ἀδελφὴν
785 1804 888 1886 ἔφυγε
914 1804 977 1886 τὴν
1003 1803 1167 1887 βάσανον·

156 1909 200 1985 ὣς
219 1904 249 1973 δ’
268 1907 330 1973 οὐκ
349 1907 472 1983 ἐκεῖνος
491 1907 644 1992 ἐγεώργει
662 1907 723 1990 τὴν
741 1915 815 1991 γῆν,
834 1907 897 1973 οὐκ
915 1905 1045 1972 ἐδύνατ’
1065 1908 1167 1994 ἀρνη-

117 2030 143 2072 aa
156 2021 260 2096 θῆναι
279 2014 334 2079 διὰ
352 2013 413 2096 τὴν
431 2014 661 2098 περιφάνειαν,
680 2012 764 2078 ἀλλά
782 2015 1091 2099 προσωμολόγησεν.
1125 2015 1167 2081 οὐ

157 2123 261 2206 μόνον
289 2116 320 2184 δ’
347 2118 383 2184 ἐκ
408 2119 538 2183 τούτων
565 2115 607 2203 ἦν
634 2129 776 2202 γνῶναι,
805 2119 856 2184 ὅτι
883 2116 938 2184 καλ
962 2119 1105 2208 συνῴκει
1126 2131 1166 2206 τῇ

154 2224 288 2310 γυναικὶ
312 2223 367 2291 καί
386 2226 424 2289 τὸ
443 2227 566 2309 χωρίον
585 2222 725 2307 ἐκέκτητ’
750 2227 808 2304 ἔτι,
831 2222 910 2307 πρὶν
928 2223 1088 2308 γενέσθαι
1105 2227 1167 2310 τὴν

158 2334 265 2415 δίκην,
289 2329 448 2396 ἀλλὰκαὶ
471 2329 504 2409 ἐξ
528 2325 575 2395 ὧν
598 2331 713 2415 ὀφλὼν
737 2329 932 2414 διεπράξατο
952 2329 1027 2414 περὶ
1046 2332 1166 2397 αὐτῶν.

158 2439 202 2516 ὡς
229 2439 291 2522 γὰρ
315 2438 375 2502 οὐκ
399 2437 655 2521 ἀποτετιμηκώς,
685 2433 756 2500 ἀλλ’
784 2435 871 2520 ἐμῶν
895 2435 1063 2520 ἐσομένων
1085 2439 1167 2502 κατδι

158 2547 218 2627 τὴν
242 2545 348 2626 δίκην,
372 2541 393 2607 ἃ
418 2538 478 2626 μὲν
501 2533 575 2607 οἷόν
595 2539 623 2606 τ’
645 2537 687 2624 ην
707 2539 899 2624 ἐξενεγκεῖν,
922 2539 1024 2628 ᾤχετο
1043 2543 1166 2624 λαβών,

157 2654 235 2726 τοὺς
263 2650 408 2733 καρποὺς
434 2646 490 2714 καὶ
516 2649 556 2712 τά
579 2648 679 2731 σκεύη
702 2648 741 2711 τά
763 2647 927 2731 γεωργικὰ
950 2648 1057 2712 πάντα
1080 2648 1167 2730 πλὴν

157 2767 225 2822 τῶν
247 2762 433 2821 πιθακνῶν·
458 2753 476 2819 δ
500 2752 529 2818 δ’
553 2753 614 2836 οὐχ
638 2745 711 2818 οἷόν
733 2747 762 2816 τ’
783 2747 826 2835 ἦν
849 2752 989 2836 ἀνελεῖν,
1012 2752 1045 2831 ἐξ
1067 2751 1166 2836 ἀνάγ·

158 2887 217 2947 κης
243 2860 415 2942 ὑπέλιπεν,
443 2857 519 2926 ὥστ’
545 2857 740 2942 ἐγγενέσθαι
766 2859 872 2947 τούτῳ
900 2867 965 2924 νῦν
988 2858 1089 2940 αὐτῆς
1111 2867 1168 2942 τῆς

118 2985 144 3027 ω
158 2978 218 3052 γῆς
249 2966 476 3058 ἀμφισβητεῖν.
527 2969 633 3030 καίτοι
665 2965 778 3030 δεινὸν
809 2967 869 3030 τὸν
900 2960 961 3049 μέν
988 2962 1097 3046 λέγειν
1124 2965 1167 3043 ὡς

159 3074 379 3158 ἀπετιμήσατο
406 3073 443 3137 τὸ
468 3075 605 3156 χωρίον,
633 3071 692 3135 τὸυ
715 3067 746 3136 δ’
773 3069 1031 3153 ἀποτετιμηκότα
1054 3074 1166 3153 φαίνε-

159 3181 241 3246 σθαι
263 3188 485 3263 γεωργοῦντα,
509 3175 564 3243 καὶ
587 3177 727 3260 φάσκειν
751 3172 812 3258 μὲν
835 3174 1089 3241 ἀπολελοιπέναι
1108 3178 1167 3258 τὴν

160 3284 324 3368 ἀδελφήν,
352 3281 436 3367 ὑπὲρ
464 3283 574 3349 αὐτῶν
597 3278 634 3347 δέ
657 3283 785 3346 τούτων
808 3283 956 3366 φανερὸν
980 3276 1066 3346 εἶναι
1089 3283 1166 3365 φεύ-

159 3412 262 3473 γοντα
284 3391 362 3466 τοὺς
386 3388 549 3483 ἐλέγχους,
572 3379 709 3453 καὶτὸν
728 3384 789 3471 μὲν
808 3389 849 3453 οὐ
868 3385 1101 3470 συνοικοῦνθ’,
1126 3388 1167 3464 ὡς

161 3489 258 3570 οἶκός
280 3511 375 3578 φησι,
397 3494 452 3560 καλ
475 3498 553 3572 τοὺς
574 3497 721 3579 καρποὺς
740 3492 853 3559 καὶτὰ
872 3495 907 3560 ἐκ
924 3502 982 3578 τῆς
999 3495 1158 3578 γεωργίας
1167 3505 1214 3556 872
