2616 3910
252 209 351 260 ΠΡΟΣ
369 207 531 261 ΒΟΙΩΤΟΝ
549 208 634 258 ΠΕΡΙ
653 207 816 259 ΙΙΡΟΙΚΟΣ
836 206 1031 260 ΜΗΤΡΩΙΑΣ.
1076 205 1143 269 505

137 365 260 452 μητέρα
276 368 318 432 τά
336 366 398 431 δύο
416 367 498 450 μέρη
516 373 575 449 τῆς
593 366 708 442 οὐσίας
726 366 931 451 ἀφαιρεθείς,
955 366 1044 450 ὅμως
1060 364 1146 449 ὑμᾶς

99 492 123 532 ιι
138 473 335 558 αἰσχύνομαι
357 470 467 555 λέγειν
489 471 563 557 περὶ
587 471 714 556 ἐκείνης
735 496 767 537 τι
791 476 954 556 φλαῦρον·
979 465 1076 548 οὗτος
1099 467 1144 554 δ’,

137 577 178 643 δν
195 578 381 661 ήνάγκασεν
397 577 486 666 αύτῷ
500 577 623 662 πατέρα
637 577 804 660 γενέσθαι,
823 585 943 642 τοῦτον
958 575 1019 642 οὐκ
1033 576 1145 661 αἰσχύ-

137 705 229 748 νεται
254 681 367 765 ψέγων
395 681 547 748 ἐναντίον
574 682 684 767 ὑμῶν,
712 680 783 748 ἀλλ’
815 685 861 760 είς
887 680 977 748 τοῦτ’
993 681 1148 766 ’ἀμαθίας

137 788 219 871 ήκει,
245 789 328 854 ὥστε
350 800 417 854 τῶν
440 791 553 872 νόμον
576 787 852 873 ἀπαγορευόντων
875 785 958 873 μηδὲ
980 791 1058 863 τοὺς
1080 797 1147 851 τῶν

137 894 251 960 ἀλλων
269 893 410 979 πατέρας
427 905 534 971 κακῶς
552 893 662 977 λέγειν
679 899 873 976 τεθνεῶτας,
898 888 1005 976 οὗτος,
1025 887 1066 959 οὗ
1083 915 1147 976 φη-

89 1017 91 1022 ’
137 1016 194 1063 σιν
216 1000 289 1077 υίὸς
312 999 411 1083 εἶναι,
438 1009 559 1065 τοῦτον
582 1002 788 1085 λοιδορήσει,
812 993 837 1088 ᾧ
860 1010 1004 1085 προσῆκε
1027 997 1082 1064 καὶ
1104 1003 1139 1063 εί
1149 1007 1217 1060 1028

137 1128 188 1183 τις
210 1106 310 1182 ἄλλος
332 1105 537 1190 ἐβλασφήμει
558 1104 634 1189 περὶ
657 1107 761 1172 αὐτοῦ
784 1106 988 1190 ἀγανακτεῖν.

96 1234 123 1273 ιο
231 1215 353 1295 Οίομαι
376 1206 405 1277 δ’
427 1211 530 1277 αὐτὸν
552 1206 586 1277 ὦ.
602 1213 722 1295 ἀνδρες
745 1213 906 1296 δικασταί,
929 1211 1064 1277 ἐπειδάν
1080 1220 1147 1275 τῶν
1280 1211 1282 1217 ’

137 1319 251 1383 ἀλλων
270 1318 389 1404 ἀπορῇ,
407 1328 515 1394 κακῶς
531 1317 570 1383 τί
585 1341 625 1402 με
643 1317 864 1403 ἐπιχειρήσειν
881 1316 989 1401 λέγειν
1007 1315 1061 1381 καὶ
1077 1316 1147 1381 δια-

135 1425 273 1507 βάλλειν
295 1425 530 1506 πειράσεσθαι,
556 1421 715 1503 διεξιόνθ’
743 1424 787 1500 ὡς
809 1422 873 1507 ἐγὼ
896 1419 957 1508 μλν
978 1420 1033 1488 καὶ
1056 1421 1147 1507 ἐτρά-

137 1552 209 1614 φην
227 1527 282 1593 καὶ
301 1527 506 1611 ἐπαιδεύθην
524 1526 578 1594 καὶ
598 1533 701 1613 ἔγημα
720 1528 757 1594 ἐν
775 1538 814 1614 τῇ
832 1538 893 1596 τοῦ
911 1530 1032 1614 πατρὸς
1048 1529 1147 1614 οίκίμ,

131 1634 238 1711 αὐτὸς
270 1630 303 1698 δ’
333 1633 473 1710 ούδενὸς
504 1635 631 1700 τούτων
660 1633 822 1720 μετέσχεν.
866 1635 960 1719 ὑμεῖς
986 1629 1018 1699 δ’
1047 1632 1148 1699 ἐνθυ-

134 1736 250 1825 μεῖσθ’
273 1739 325 1804 ὅτι
344 1735 399 1822 ἐμὲ
417 1737 479 1823 μὲν
496 1739 519 1822 ή
536 1741 642 1824 μήτηρ
661 1741 762 1806 παλδα
780 1744 1006 1807 ιιαταλιποῦσα
1023 1739 1147 1805 ἐτελεύ-

133 1863 248 1931 τησεν,
272 1845 356 1910 ὥστε
379 1867 436 1930 μοι
460 1845 577 1910 ίκανδν
597 1841 639 1928 ήν
658 1844 722 1910 ἀπὸ
740 1855 800 1912 τοῦ
818 1848 919 1910 τόκου
936 1854 995 1928 τῆς
1011 1845 1159 1929 προικὸς.

91 1951 188 2018 τεκαὶ
218 1950 401 2035 τρέφεσθαι
427 1948 483 2015 καλ
510 1952 742 2015 παιδεύεσθαι·
773 1950 794 2033 ἡ
823 1946 860 2016 δέ
886 1952 1014 2017 τούτων
1040 1954 1147 2036 μήτηρ

134 2057 315 2140 Πλαγγών,
338 2054 507 2141 τρέφουσα
529 2053 606 2138 μεθ’
628 2056 729 2140 αὑτής
750 2057 889 2132 τούτους
910 2054 966 2122 καλ
987 2059 1147 2142 θεραπαί-

133 2187 196 2241 νας
223 2163 349 2245 συχνὰς
375 2159 430 2227 καὶ
457 2164 645 2238 πολυτελῶς
673 2164 773 2246 ζῶσα,
803 2159 858 2226 καὶ
885 2164 932 2239 είς
958 2171 1061 2228 ταῦτα
1087 2162 1161 2228 τδν-

133 2267 261 2352 πατέρα
293 2269 352 2333 τὸν
384 2266 464 2352 ἐμὸν
491 2269 636 2353 χορηγὸν
666 2265 765 2353 ἑαυτή
792 2267 858 2334 ὑπὸ
884 2277 942 2352 της
968 2267 1147 2352 ἐπιθυμίας

133 2379 259 2460 ἔχουσα
280 2370 464 2439 καὶπολλὰ
488 2373 639 2438 δαπανᾶν
662 2373 901 2457 ἀναγκάζουσα,
926 2373 988 2440 ούκ
1011 2379 1067 2439 ίσα
1088 2374 1147 2459 δή·

133 2503 202 2548 που
219 2489 279 2564 τής
296 2478 426 2544 ἐκείνου
445 2479 561 2554 οὐσίας
579 2477 652 2562 ἐμοὶ
671 2478 851 2562 ἀνήλωκεν,
870 2480 952 2544 ὥστε
966 2481 1052 2545 πολὺ
1066 2486 1146 2565 μάλ-

134 2593 196 2653 λον
214 2595 382 2672 προσῆκεν
400 2582 455 2669 ἐμὲ
473 2585 603 2661 τούτοις
621 2584 783 2668 ἐγκαλεῖν,
806 2584 826 2669 ή
845 2584 947 2651 αὐτὸν
970 2579 1142 2670 ἐγκλήματ’

93 2713 120 2755 ιι
134 2696 223 2777 ἐχειν
241 2691 308 2757 ύπὸ
327 2690 464 2756 τούτων.
498 2689 534 2765 ὃς
552 2691 634 2775 πρὸς
651 2701 721 2766 τοῖς
739 2690 853 2767 ἄλλοις
870 2696 974 2756 είκοσι
988 2690 1050 2776 μὲν
1062 2701 1147 2775 μνᾶς

135 2795 375 2879 δανεισάμενος
392 2797 473 2878 μετὰ
490 2804 551 2861 τοῦ
568 2797 691 2878 πατρὸς
708 2797 797 2878 παρὰ
811 2799 978 2862 Βλεπαίου
995 2806 1056 2862 τοῦ
1069 2820 1146 2881 τρα-

133 2906 267 2982 πεζίτου
290 2903 337 2979 είς
360 2901 450 2985 ὠνήν
473 2923 547 2966 τινα
570 2903 750 2986 μετάλλων,
775 2901 888 2985 ἐπειδή
911 2901 930 2968 δ
952 2904 1059 2986 πατήρ
1080 2902 1145 2970 ἐτε-

134 3009 290 3092 λεύτησε,
314 3009 355 3072 τὰ
377 3004 438 3091 μὲν
460 3005 602 3090 μέταλλα
625 3010 707 3093 πρὸς
728 3008 868 3085 τούτους
890 3007 1084 3093 ἐνειμάμην,
1106 3010 1145 3076 τὸ

134 3115 273 3180 δάνειον
305 3109 335 3176 δ’
367 3113 466 3190 αύτδς
493 3115 732 3198 εἰσεπράχθην,
764 3113 875 3198 ἑτέρας
901 3110 940 3180 δέ
965 3117 1072 3199 χιλίας
1098 3115 1147 3194 εἰς

133 3221 197 3303 τήν
228 3227 290 3284 τοῦ
321 3219 443 3302 πατρὸς
474 3221 584 3303 ταφήν
611 3221 699 3305 παρά
726 3221 958 3303 Λυσιστράτου
986 3224 1146 3305 Θορικίου

133 3325 384 3408 δανεισάμενος,
408 3326 478 3411 ίδίηι
501 3323 671 3391 ἐκτέτεικα.
707 3326 751 3401 ὡς
775 3324 804 3390 δ’
832 3326 941 3410 ἀληθή
965 3324 1145 3392 καὶταῦτα

132 3432 234 3516 λέγω,
258 3429 296 3497 ἐκ
318 3432 446 3497 τούτων
468 3441 535 3496 τῶν
559 3442 748 3515 μαρτυριῶν
771 3437 911 3497 είσεσθε.
