2938 4180
394 477 399 486 ·
511 465 595 518 m·
612 467 878 520 εαεεοωιωαοτ.
1138 459 1199 524 14λ

190 583 253 691 στα
274 636 344 691 τῶν
363 623 531 710 Ἑλλήνων
553 623 632 692 ποτὲ
655 628 755 712 σχύν,
779 625 882 693 πάνθ’
908 622 991 709 ὑπέρ
1014 625 1202 709 φιλοτιμίας

190 730 375 815 ἀνήλωσεν,
399 731 563 819 εἰσφέρων
587 731 618 798 δ’
640 733 675 799 ἐκ
697 745 764 799 τῶν
787 735 883 799 ίδίων
902 730 1023 798 οὐδένα
1041 731 1202 796 κίνδυνον

189 832 275 923 ὑπὲρ
308 837 407 921 δόξης
439 837 559 923 ἐξέστη.
609 835 666 924 ἀφ’
699 833 746 905 ὧν
777 833 911 923 κτήματ’
942 831 1082 903 ἀθάνατ’
1113 835 1201 922 αὐτῷ

190 947 350 1029 περίεστι,
373 944 413 1009 τά
435 941 496 1030 μέν
517 957 585 1011 τῶν
607 948 714 1031 ἐργωυ
736 944 757 1029 ἡ
779 946 901 1029 μνήμη,
924 944 964 1009 τά
983 940 1020 1009 δὲ
1038 954 1105 1008 τῶν
1123 941 1202 1006 άνα-

190 1049 355 1134 θημάτων
377 1061 446 1116 τῶν
468 1047 518 1116 ἐπ’
541 1049 678 1128 ἐκείνοις
702 1049 892 1116 σταθέντων
915 1051 952 1115 τὸ
970 1050 1101 1131 κάλλος,
1123 1069 1202 1133 προ-

190 1157 317 1221 πύλαια
337 1152 451 1239 ταῦθ’,
475 1155 702 1242 ὁπαρθενὼν,
726 1154 832 1237 στοαὶ,
855 1156 1040 1238 νεώσοικοι,
1064 1154 1126 1221 οὐκ
1143 1153 1202 1238 άμ-

190 1265 351 1348 φορίσκοι
380 1257 432 1328 δύ’
460 1259 539 1327 οὐδέ
562 1264 716 1348 χρυσίδες
738 1261 887 1347 τέτταρες
909 1260 930 1345 ἦ
952 1273 1054 1347 τρεῖς,
1083 1259 1199 1344 άγουσ’

191 1367 312 1452 ἑκάστη
341 1377 442 1452 μνᾶν,
473 1367 525 1450 δς,
554 1369 633 1434 ὅταν
663 1386 716 1434 σοι
744 1371 842 1454 δοκῇ,
870 1371 913 1434 σὺ
940 1368 1040 1434 πάλιν
1066 1368 1203 1453 γράψεις

151 1496 177 1537 ιτ
190 1475 443 1560 καταχωνεύειν.
485 1474 525 1540 ού
548 1475 612 1561 γάρ
636 1473 774 1551 ἑαυτοὺς
797 1475 1038 1557 δεκατεύοντες,
1061 1470 1134 1539 οὐδ’
1160 1471 1203 1538 ἃν

191 1577 432 1667 καταράσαινθ’
459 1581 496 1646 οί
516 1579 633 1665 ἐχθροὶ
656 1591 843 1663 ποιοῦντες,
868 1582 985 1658 διπλᾶς
1006 1580 1203 1664 πράττοντες

191 1689 250 1765 τάς
273 1680 447 1772 είσφοράς,
475 1683 566 1752 ταῦτ’
593 1687 771 1770 άυέθεσαν,
799 1683 869 1752 οὐδ’
897 1679 1032 1771 οἷόσπερ
1055 1689 1096 1751 σὺ
1119 1686 1202 1770 χρύ-

191 1817 289 1878 μενοι
321 1793 522 1878 συμβούλοις
554 1793 802 1875 ἐπολιτεύοντο,
835 1793 918 1858 ἀλλὰ
950 1795 1029 1869 τοὺς
1061 1791 1203 1876 ἐχθροὺς

191 1908 404 1984 κρατοῦντες,
427 1897 483 1964 καὶ
505 1897 527 1964 ἃ
549 1909 612 1975 πᾶς
634 1922 684 1976 τις
707 1897 749 1964 διν
767 1894 805 1964 εὖ
823 1909 961 1983 φρονῶν
979 1896 1119 1980 εὔξαιτο,
1141 1899 1203 1982 τὴν

192 2008 292 2072 πόλιν
324 2008 371 2082 είς
403 2004 562 2089 ὁμόνοιαν
591 2006 741 2088 ἄγοντες,
775 2005 945 2071 ἀθάνατον
971 2003 1066 2081 κλέος
1092 2003 1203 2071 αὑτῶν

193 2115 380 2195 λελοίπασι,
407 2114 485 2188 τοὺς
513 2110 789 2194 ἐπιτηδεύσαντας
816 2103 870 2177 οἷα
893 2108 946 2176 σοὶ
968 2112 1124 2194 βεβίωται
1145 2117 1203 2192 τῆς

152 2239 180 2279 τι
194 2218 318 2303 ἀγοράς
336 2224 509 2302 είργοντες.
546 2217 640 2302 ὑμεῖς
659 2212 689 2281 δ’
707 2219 753 2294 είς
772 2215 901 2283 τοσοῦτ’
920 2212 945 2282 ὦ
965 2217 1083 2302 ἄνδρες
1097 2209 1192 2299 Ἀθη-
1203 2221 1255 2273 618

193 2335 285 2390 ναῖοι
306 2319 449 2410 προῆχθ’
476 2323 632 2407 εὐηθείας
654 2321 710 2390 καὶ
733 2324 909 2410 ῥᾳθυμίας,
933 2319 1010 2388 ὥστ’
1035 2317 1114 2387 ούδέ
1136 2345 1202 2387 τοι-

194 2428 267 2496 αὕτ’
295 2433 423 2516 ἔχοντες
445 2431 693 2514 παραδείγματα
715 2439 818 2495 ταῦτα
841 2435 1010 2515 μιμεῖσθε,
1038 2425 1108 2494 ἀλλ’
1132 2421 1202 2493 Ἀν-

194 2539 338 2622 δροτίων
363 2537 443 2622 ὑμῖν
465 2539 636 2620 πομπείων
659 2536 908 2620 ἐπισκευαστης,
933 2532 1147 2619 Ἀνδροτίων,
1176 2529 1202 2600 ὦ

193 2653 236 2728 γη
256 2642 311 2709 καὶ
328 2647 413 2709 θεοί.
443 2641 497 2709 καί
519 2636 610 2708 τοῦτ’
631 2640 768 2726 ἀσέβημ’
790 2645 926 2708 ἔλαττον
943 2644 1034 2717 τίνος
1050 2641 1201 2724 ἡγείσθω

195 2749 259 2833 ἐγὼ
283 2745 343 2834 μέν
366 2750 429 2835 γάρ
448 2755 560 2834 οίομαι
579 2749 651 2815 δεῖν
667 2750 727 2814 τὸν
745 2751 792 2825 είς
812 2745 873 2832 ίέρ’
895 2749 1040 2814 είσιύντα
1057 2744 1112 2812 καὶ
1130 2770 1203 2832 χερ-

194 2859 301 2939 νίβων
328 2853 383 2921 καλ
409 2867 520 2920 κανῶν
550 2854 719 2939 ἁψόμενον
741 2853 796 2920 καὶ
818 2864 876 2939 τῆς
897 2855 979 2937 πρὸς
1000 2855 1079 2929 τοὺς
1100 2856 1203 2930 θεοὺς

196 2963 379 3047 ἐπιμελείας
392 2960 580 3045 προστάτην
594 2960 763 3045 ἐσόμενον,
779 2959 854 3046 οὐχὶ
867 2961 1116 3046 προειρημένων
1126 2959 1203 3045 ἡμε-

196 3080 266 3155 ρῶν
285 3067 456 3153 [ἀριθμὸν]
477 3066 641 3149 ἁγνεύειν,
660 3065 743 3132 άλλδι
761 3067 820 3132 τὸν
839 3069 915 3150 βίον
928 3066 1123 3150 ἡγνευκέναι
1136 3090 1203 3133 τοι-

198 3175 304 3240 ούτων
328 3173 608 3257 ἐπιτηδευμάτων,
633 3165 686 3238 οἷα
710 3172 815 3262 τούτῳ
839 3175 1000 3256 βεβίωται.
