2616 3910
156 259 223 324 452
439 259 575 312 xxxvn.
598 256 878 310 Δεωοτοεειοτε

155 423 206 488 καλ
220 425 398 506 Πλείστορος
411 421 497 485 πέντε
509 421 561 484 καί
578 422 789 502 τετταράκοντα
808 429 894 500 μνᾶς.
926 419 976 481 καλ
994 413 1034 500 ήν
1052 416 1169 497 ὠνητής

156 519 387 604 ἐγγεγραμμένος
419 517 435 581 6
463 522 657 598 Μνησικλῆς,
688 516 739 580 καί
771 515 823 591 τὰς
855 513 934 590 ὠνὰς
965 509 1041 597 εἶχεν
1071 515 1169 588 αὔτός.

157 617 279 699 ὔστερον
307 611 336 678 δ’
361 615 576 696 ἀπαιτούμενος
599 614 631 676 τό
655 613 798 696 ἀργύρων
822 611 838 675 6
862 614 1079 690 Πανταίνετος,
1102 613 1169 696 δευῗ

156 713 259 794 τέρους
280 713 424 796 λαμβάνει
445 711 600 784 δανειστὰς
622 711 675 774 τόν
696 735 727 774 τε
744 711 1015 793 παραγραψάμενον
1034 720 1093 772 νῦν
1111 713 1169 770 Νι-

157 809 302 890 κόβουλον
329 808 379 871 καί
401 806 536 889 Εὔεργόν
558 831 640 888 τινα,
667 807 717 871 καλ
739 809 855 881 τούτοις
879 807 1042 886 ὑποθήκην
1066 807 1170 868 δίδωσι

130 905 189 968 ετδ
210 905 400 987 ἐργαστήριον
417 904 468 967 καλ
486 904 521 966 τά
539 903 723 984 ἀνδράποδα.
754 910 953 987 γραμματεῖον
971 898 1001 966 δ’
1022 903 1077 985 οὔχ
1094 903 1169 965 ὔπο-

157 1003 272 1081 θήκης,
303 999 375 1064 ἀλλὰ
406 1001 539 1084 πράσεως
568 1003 718 1084 γράφεται
763 1001 814 1064 καί
840 1003 952 1084 γίνεται
978 1001 1091 1082 πρατήρ
1119 1000 1170 1063 καί

156 1097 319 1180 βεβαιωτής
346 1105 407 1172 τοῖς
431 1096 578 1181 δευτέροις
602 1099 767 1173 δανεισταῖς
790 1097 806 1161 6
829 1098 970 1181 πρότερος
994 1095 1169 1171 δεδανεικὼς

158 1192 175 1256 6
198 1198 392 1276 Μνησικλῆς,
420 1193 436 1257 6
464 1193 517 1269 τὰς
545 1192 624 1268 ὠνδις
646 1193 728 1276 ἔχων.
773 1195 822 1257 καλ
845 1203 989 1276 μισθοῦσι
1011 1202 1051 1282 τῷ
1075 1199 1160 1256 Παν-
1170 1203 1218 1252 964

157 1291 277 1378 ταινέτρ)
303 1293 339 1354 τά
366 1287 391 1354 τ’
417 1291 592 1374 ἀνδράποδα
618 1291 668 1354 καλ
692 1291 724 1354 τδ
747 1291 939 1375 ἐργαστήριον
962 1291 1096 1374 Εὔεργος
1119 1291 1170 1354 καί

158 1387 175 1451 6
194 1390 391 1471 Νικόβουλος,
413 1387 454 1463 δις
478 1389 613 1452 δεσπόται
636 1389 733 1469 δήθεν
753 1390 905 1472 γεγονότες
926 1390 1028 1453 αὔτοῦ.
1065 1391 1170 1452 τοσού-

158 1509 210 1548 του
235 1483 266 1548 δὲ
290 1491 452 1565 μισθοῦσιν
476 1485 547 1548 ὅσον
570 1485 604 1548 τὰ
628 1486 747 1547 δάνειον
770 1487 857 1550 τόκον
880 1486 980 1550 έποίει
1023 1486 1170 1549 ἐδεδανεί-

156 1601 245 1646 κεσαν
269 1581 323 1663 μέν
345 1581 401 1665 γδιρ
424 1581 528 1644 έκατῦν
549 1580 634 1644 πέντε
652 1591 740 1662 μνᾶς,
762 1581 822 1645 έδει
840 1581 873 1645 δέ
891 1585 966 1646 κατά
984 1593 1063 1665 μνᾶν
1080 1583 1169 1648 τόκον

157 1674 233 1742 εἶναι
260 1680 402 1762 δραχμήν.
447 1678 551 1741 έκατῦν
578 1671 634 1742 οὔν
661 1677 711 1740 καλ
738 1677 824 1742 πέντε
852 1681 983 1763 δραχμὰς
1008 1682 1170 1762 λαμβάνειν

157 1775 331 1840 συνέθεντο·
354 1777 404 1839 καλ
425 1770 466 1858 ήν
488 1785 574 1840 τοῦτο
593 1781 633 1862 τῷ
652 1771 706 1856 μέν
725 1773 799 1864 έργμ
818 1777 916 1857 τόκος,
938 1783 978 1864 τῷ
998 1773 1026 1839 δ’
1046 1776 1170 1856 ὀνόματι

130 1876 312 1955 εμίσθωσις.
357 1875 470 1938 τούτων
497 1871 690 1955 πραχθέντων
718 1869 734 1933 6
763 1869 817 1952 μέν
843 1873 1030 1955 Νικόβουλος
1059 1872 1169 1952 ἀπεδή·

158 1989 245 2052 μησε,
271 1970 351 2053 παρὰ
378 1968 411 2032 δέ
438 1969 494 2050 τήν
522 1968 669 2032 ἀπουσίαν
698 1968 753 2049 τήν
776 1969 908 2050 ἐκείνου,
933 1966 1078 2050 Ἀθήνησι
1102 1971 1169 2033 τάδε

156 2069 293 2152 γίγνεται.
339 2065 355 2129 6
378 2065 512 2149 Εὔεργος
540 2064 557 2128 ό
584 2064 728 2140 κοινωνός
755 2075 808 2128 τοῦ
836 2067 1043 2148 δανείσματος,
1071 2069 1168 2129 αἰτιά-

157 2188 246 2247 μενος
268 2163 319 2226 τόν
339 2165 543 2226 Πανταίνετον
565 2161 606 2237 άς
624 2159 713 2225 οὐδέν
731 2171 790 2224 τῶν
809 2161 1009 2244 συγκειμένων
1027 2163 1169 2228 ἐθέλοντα

157 2269 269 2341 ποιεῖν,
295 2259 393 2324 έλθδιν
419 2259 468 2322 έπλ
495 2260 528 2323 τὸ
555 2259 746 2342 ἐργαστήριον
768 2267 898 2342 κατεῖχεν
921 2261 1029 2340 αὐτοῦ,
1056 2261 1107 2323 καὶ
1130 2262 1168 2340 δή

156 2360 207 2422 καλ
228 2359 370 2442 ἀργύριον
393 2359 526 2436 φυλάξας
548 2357 581 2419 έκ
599 2367 657 2420 τῶν
677 2358 824 2436 μετάλλων
843 2357 1033 2445 Πανταινέτῳ
1051 2359 1168 2438 κομιζό-

157 2477 262 2535 μενον,
288 2455 359 2537 όπερ
382 2453 498 2534 ἔμελλεν
520 2455 562 2528 είς
584 2453 617 2516 τὸ
640 2454 783 2534 δημόσιον
805 2456 1010 2536 καταβάλλειν,
1033 2453 1168 2534 ἀφείλετο

156 2552 208 2615 τὸν
228 2547 376 2632 κομίζοντ’
398 2551 515 2632 οἰκέτην
534 2553 600 2637 βία·
623 2551 699 2633 παρὸ
718 2551 767 2614 καλ
786 2552 895 2631 διπλῆν
913 2555 956 2626 είς
974 2552 1006 2615 τδ
1025 2553 1169 2633 δημόσιον

155 2648 324 2731 κατέβαλεν,
342 2647 382 2722 δις
401 2648 471 2729 ἔφη,
489 2649 544 2729 τήν
562 2648 730 2729 καταβολήν
750 2646 993 2729 δΠανταίνετος,
1011 2659 1063 2730 τής
1076 2668 1170 2732 προσ-

138 2749 288 2826 ηκοόσης
310 2747 496 2829 προθεσμίας
520 2742 559 2808 δι’
580 2745 718 2828 Εὔεργον
738 2745 878 2809 ἐκπεσόν.
914 2746 962 2808 έπλ
984 2748 1099 2821 τούτοις
1117 2746 1170 2810 καί

130 2845 246 2922 ιδίκην
274 2842 353 2924 έλαχε
380 2850 420 2930 τῷ
443 2843 507 2905 Εὔέ
508 2867 567 2930 ργῳ
594 2845 722 2925 βλάβης,
747 2842 837 2905 καλε
839 2837 900 2905 ἷλεν
927 2842 1026 2905 αὔτόν.
1070 2841 1110 2918 ὣς
1134 2839 1167 2906 δ’

156 2940 285 3020 έπανήκε
307 2940 358 3002 καλ
381 2938 398 3002 6
416 2941 640 3022 Νικοβουλος
641 2965 659 3002 κ
681 2949 734 3021 τής
756 2939 924 3020 ἀποδημίας
947 2939 997 3002 καλ
1019 2940 1171 3003 δανεισταὶ

156 3040 262 3102 πολλοί
277 3063 353 3112 τινες
372 3037 570 3118 ἀνεφαίνοντο
588 3049 642 3102 τοῦ
656 3037 860 3101 Πανταινέτου
878 3036 1055 3119 πρότερον’
1040 3040 1170 3120 αγνοοά·

156 3161 251 3219 μενοι,
273 3137 368 3220 λόγων
390 3141 507 3199 πολλῶν
525 3133 689 3218 λεγομένων
707 3132 798 3216 πέρας
817 3133 996 3215 συνέβησαν,
1019 3134 1091 3196 ὥστε
1109 3138 1169 3196 Νι-

156 3236 302 3317 κόβουλον
321 3233 376 3316 μέν
394 3233 445 3297 καί
458 3232 595 3317 Εὔεργον
613 3232 877 3314 ἀπολαμβάνοντας
895 3230 1000 3293 ἕκατδν
1018 3231 1068 3294 καλ
1081 3231 1170 3294 πέντε

157 3342 234 3414 μνᾶς
251 3331 416 3412 ἀποστῆναι
432 3342 486 3394 τοῦ
504 3331 695 3414 ἐργαστηρίου
713 3329 764 3392 καί
779 3339 838 3391 τῶν
851 3328 1058 3411 ἀνδραπόδων,
1075 3340 1170 3392 ταῦτα

157 3429 189 3491 δὲ
211 3430 281 3502 τοῦς
303 3427 419 3508 ἑτέρους
442 3428 635 3500 δανείσαντας
658 3423 808 3489 ὠνεῖσθαι.
853 3427 943 3488 πάλιν
966 3422 995 3488 δ’
1021 3425 1076 3491 οὔκ
1099 3427 1170 3490 έθε-

158 3525 268 3586 λόντων
286 3534 345 3586 τῶν
364 3524 526 3585 δανειστῶν
543 3521 686 3586 ὠνεῖσθαι
703 3522 738 3585 τδι
756 3524 897 3606 κτήματα,
918 3525 946 3587 εἰ
963 3523 1004 3604 μή
1022 3535 1171 3607 πρατῆρες

158 3620 242 3682 αὔτολ
273 3620 323 3683 καί
355 3621 511 3708 βεβαιωταὶ
542 3623 690 3704 γίγνοιντο
724 3619 910 3702 Νικόβουλος
941 3620 992 3682 καλ
1023 3619 1171 3704 Εὔεργος,
