2644 4182
157 162 201 229 30
481 166 540 219 XX.
562 163 843 219 ΔΗΜΟΣΘΕΝΟΤΣ

113 342 140 383 τι
154 327 292 409 κυρίους
319 319 414 392 εἶναι.
460 323 515 392 καὶ
541 327 605 410 γάρ
632 348 684 391 τοι
709 328 782 391 τότε
804 321 882 410 μλν,
908 323 990 404 τέως
1010 326 1071 392 τὸν
1092 326 1170 410 τρόι

154 451 220 496 πον
242 439 363 497 τοῦτον
386 430 623 515 ἐνομοθέτουν,
646 442 716 508 τοῖς
739 426 800 516 μὲν
821 430 1029 517 ὑπάρχουσιν
1050 435 1174 517 νόμοις*

155 537 311 623 ἐχρῶντο,
334 540 473 616 καινοὺς
495 532 527 602 δ’
548 537 610 604 ούκ
632 537 801 603 ἐτίθεσαν·
824 536 937 622 ἐπειδὴ
960 533 998 605 δέ
1020 547 1088 602 τόν
1108 559 1167 604 πο-

155 641 378 728 λιτευομένων
408 639 497 720 τινὲς
525 641 743 728 δυνηθέντες,
776 643 821 720 ὡς
848 641 912 728 ἐγὼ
939 643 1167 728 πυνθάνομαι,

155 749 399 815 κατεσκεύασαν
420 749 534 826 αὐτοῖς
552 746 673 829 ἐξεῖναι
690 753 898 832 νομοθετεῖν,
922 749 1003 816 ὅταν
1020 772 1071 828 τις
1088 750 1168 833 βού-

155 858 250 938 ληται
276 853 332 920 καί
360 854 400 921 ὃν
424 853 467 920 άν
488 855 569 940 τύχη
593 855 733 940 τρόπον,
761 863 917 920 τοσοῦτοι
938 850 1000 938 μέν
1022 853 1169 920 ἐναντίοι

156 963 272 1044 σφίσιν
304 959 418 1037 αὑτοῖς
450 959 535 1026 ελσὶν
566 961 679 1045 νόμοι,
713 959 797 1025 ὥστε
826 952 1045 1046 χειροτονεῖθ’
1073 960 1169 1045 ὑμεῖς

154 1068 233 1142 τοὺς
264 1063 475 1144 διαλέξοντας
505 1067 583 1144 τοὺς
614 1065 786 1143 ἐναντίους
817 1063 872 1131 ἐπὶ
897 1060 1166 1150 πάμπολυνῦδη
1196 1097 1200 1105 ·

115 1187 142 1227 ⁰²
155 1174 294 1257 χρόνον,
321 1169 377 1237 καὶ
402 1170 441 1237 τὸ
467 1167 590 1256 πρᾶγμ’
617 1167 717 1239 οὐδέν
744 1175 872 1255 μᾶλλον
894 1171 1034 1237 δύναται
1056 1170 1158 1256 πέρας
1167 1180 1220 1230 485

156 1288 262 1361 σχειν·
274 1276 497 1362 ψηφισμάτων
512 1273 543 1341 δ’
559 1273 633 1344 οὐδ’
649 1275 764 1343 ὁτιοῦν
779 1273 997 1360 διαφέρωσιν
1011 1277 1048 1342 ολ
1056 1278 1167 1362 νόμοι,

156 1380 240 1448 ἀλλὰ
261 1383 418 1468 νεώτεροι
442 1381 491 1464 [oc
510 1383 633 1466 νόμοι],
657 1373 738 1447 καθ’
759 1379 819 1456 οὓς
840 1380 881 1446 τά
901 1382 1096 1466 ψηφίσματα
1115 1384 1169 1466 δεῖ

155 1488 358 1573 γράφεσθαι,
375 1497 444 1553 τῶν
460 1488 683 1572 ψηφισμάτων
701 1486 813 1552 αὐτόν
825 1485 906 1570 ὑμῖν
920 1487 1014 1552 είσίν.
1041 1485 1086 1555 W
1103 1484 1167 1556 οὖν

156 1596 201 1680 μὴ
226 1597 329 1678 λόγον
351 1593 436 1678 λέγω
460 1595 579 1678 μόνον,
608 1592 691 1658 άλλά
713 1590 768 1658 καὶ
790 1593 850 1658 τὸν
872 1594 978 1678 νόμον
1000 1594 1103 1660 αύτὸν
1125 1595 1166 1661 όν

156 1725 242 1786 φημι
265 1700 372 1783 δείξω,
395 1699 478 1782 λαβέ
493 1721 550 1784 μοι
571 1700 631 1764 τὸν
651 1702 757 1783 νόμον
774 1691 853 1762 καθ’
873 1696 914 1764 δν
931 1694 1018 1831 ἦσαν
1036 1701 1072 1765 ολ
1086 1703 1166 1842 πρό-

156 1828 254 1892 τερον
276 1804 468 1890 νομοθέται
504 1804 586 1889 λέγε.

590 2008 727 2062 ΝΟΜΟΣ.

117 2138 143 2177 ⁹³
234 2121 387 2188 ’Συνίεθ
414 2121 455 2190 δν
476 2125 602 2209 τρόπον
625 2118 651 2187 ὦ
674 2124 794 2209 ἄνδρες
813 2118 987 2207 Ἀθηναῖοι
1009 2121 1168 2191 όΣόλων

156 2233 235 2307 τοῦς
261 2230 386 2313 νόμους
413 2228 458 2306 ὡς
483 2233 592 2306 καλῶς
618 2230 745 2295 κελεύει
771 2229 921 2312 τιθέναι,
946 2240 1079 2314 πρῶτον
1105 2227 1168 2315 μέν
1211 2253 1213 2258 ·

156 2332 233 2421 παρ’
255 2335 350 2420 ὑμίν,
370 2333 408 2400 ἐν
425 2345 496 2412 τολς
514 2334 734 2420 ὀμωμοκόσιν,
757 2331 834 2419 παρ’
857 2327 973 2419 οἷσπερ
991 2333 1046 2402 καλ
1063 2337 1168 2402 τάλλα

157 2451 327 2528 κυροῦται,
350 2442 460 2507 ἔπειτα
478 2441 602 2506 λύοντα
619 2442 698 2517 τοὺς
716 2439 897 2524 ἐναντίους,
921 2439 965 2506 ἵν’
987 2432 1034 2517 εἷς
1052 2433 1074 2527 ᾗ
1090 2441 1171 2526 περὶ

157 2559 225 2614 τῶν
247 2549 355 2613 όντων
378 2545 517 2612 ἑκάστου
540 2547 656 2630 νόμος,
684 2544 739 2612 καλ
762 2547 806 2630 μὴ
829 2549 907 2624 τοῦς
931 2547 1064 2625 ίδιάτας
1085 2548 1169 2614 αὐτὸ·

157 2649 256 2720 τοῦτο
288 2653 430 2738 ταράττη
461 2650 517 2719 καὶ
546 2661 626 2738 ποιῇ
656 2663 723 2718 τῶν
750 2652 897 2730 ἅπαντας
923 2654 1062 2719 είδότων
1088 2658 1171 2733 τοὺς·

157 2761 282 2844 νόμους
304 2760 440 2824 ἐλαττον
463 2759 561 2842 ἔχειν,
584 2756 668 2823 ἀλλὰ
689 2765 791 2823 πᾶσιν
807 2747 831 2844 ᾗ
846 2756 950 2822 ταύτά
967 2769 1094 2841 γνῶναι
1111 2758 1167 2825 καὶ

119 2881 145 2921 ⁹4
158 2871 281 2952 μαθεῖν
303 2863 390 2929 άπλῦ
412 2860 468 2928 καλ
490 2872 580 2947 σαφῆ
602 2863 644 2927 τά
667 2863 787 2929 δίκαια.
821 2859 877 2928 καλ
898 2864 963 2947 πρὸ
985 2858 1164 2948 τούτους)

158 2971 312 3051 ἐπέταξεν
330 2967 479 3035 ἐκθεῖναι
496 2969 625 3051 πρόσθε
642 2978 711 3033 τῶν
729 2967 912 3054 ἐπωνύμων
930 2966 985 3034 καὶ
1003 2977 1048 3057 τῷ
1064 2993 1168 3055 γραμ-

159 3089 255 3164 ματεῖ
274 3076 499 3162 παραδοῦναι,
526 3083 647 3140 τοῦτον
670 3069 704 3139 δ”
728 3072 765 3140 ἐν
786 3085 858 3151 ταῖς
880 3073 1066 3157 ἐκκλησίαις
1087 3075 1167 3142 άνα·

158 3184 371 3269 γιγνώσκειν,
402 3175 446 3247 ἵν’
476 3179 612 3257 ἕκαστος
637 3177 732 3265 ὑμῶν
758 3179 902 3258 ἀκούσας
928 3181 1085 3258 πολλάκις
1111 3179 1168 3248 καλ

158 3291 241 3356 κατὰ
264 3289 387 3374 σχολὴν
411 3286 626 3370 σκεψάμενος,
649 3284 692 3350 άν
713 3276 735 3370 ᾖ
757 3283 812 3350 καλ
836 3286 947 3351 δίκαια
968 3283 1023 3351 καί
1042 3287 1167 3372 συμφέ-

160 3418 273 3483 ροντα,
290 3403 393 3460 ταῦτα
407 3399 584 3478 νομοθετῇ.
606 3392 734 3458 τούτων
747 3393 864 3458 τοίνυν
875 3390 1045 3458 τοσούτων
1058 3393 1169 3460 όντων

161 3503 299 3567 δικαίων
325 3499 363 3566 τὸ
389 3504 533 3579 πλῆθος,
564 3493 679 3564 οὑτοσί
706 3491 767 3577 μέν
792 3491 867 3563 οὐδ’
893 3495 1008 3563 ὁτιοῦν
1034 3496 1168 3580 ἐποίησε
