2938 4180
512 170 596 223 Κατ’
615 170 925 223 αττεαοκνεαοττ.
1159 167 1223 232 189

212 333 420 418 Χαρίδημος,
448 327 514 397 εἶθ’
542 332 630 409 ὅπως
652 330 813 396 τοιοάτσον
835 331 1057 414 ψηφισμάτων
1077 328 1225 410 τεύξεται

147 456 197 498 ιοε
213 439 456 522 διαπράττεται,
479 437 525 513 ὡς
543 436 793 519 ἐπιβουλεύοντι
811 438 854 521 μή
870 433 1052 523 ’πιτρέπειν
1071 435 1171 525 αὐτῷ,
1196 435 1234 529 εί

211 541 251 610 δὲ
274 543 418 627 λέληθεν
436 541 548 625 αὐτόν,
572 543 639 631 δσφ
659 547 786 626 μᾶλλον
804 542 929 608 εὔνουν
945 567 995 620 τις
1013 543 1117 609 αὐτὸν
1135 543 1225 607 ὑπεί-

211 654 320 734 ληφεν
353 645 454 732 εἶναι,
484 648 634 736 τοσοάτφ
666 652 792 730 μᾶλλον
823 647 1023 730 προϊδέσθαι
1054 646 1109 714 καὶ
1140 644 1225 732 ὑπὲρ

211 756 318 822 αὑτοῦ
340 752 395 820 καί
417 752 501 839 ὑπέρ
525 753 662 820 ἐκείνου.
699 756 853 839 ἔστιγὰρ
876 758 987 839 φίλων
1010 755 1160 838 ἀγαθῶν,
1184 753 1226 819 οὐ

210 864 253 928 τά
274 870 409 928 τοιαῦτα
428 863 620 946 χαρίζεσθαι
638 870 709 936 τοῖς
727 860 848 942 εὔνοις,
872 859 904 940 έξ
924 853 971 925 ὧν
989 861 1154 936 κάκείνοις
1171 856 1226 924 καί

212 972 332 1052 σφίσιν
360 967 473 1043 αὐτοῖς
500 969 590 1031 ἔσται
612 989 663 1042 τις
685 966 808 1049 βλάβη,
836 962 907 1031 ἀλλ’
934 965 953 1031 ὃ
975 961 1036 1048 μέν
1059 963 1101 1030 διν
1124 963 1226 1049 μέλλη

212 1077 385 1140 συνοίσειν
406 1072 543 1156 ἀμφοῖν,
567 1072 801 1156 συμπράττειν,
819 1070 838 1138 δ
858 1069 887 1137 δ’
912 1070 954 1136 ἀν
971 1071 1071 1149 αὐτὸς
1089 1073 1227 1155 άμεινον

212 1179 343 1246 ἐκείνου
365 1187 506 1265 προορᾷ,
529 1179 612 1263 πρὸς
633 1179 672 1243 τὸ
695 1182 803 1254 καλῶς
826 1180 903 1262 έχον
924 1181 1083 1243 τίθεσθαι
1105 1176 1225 1261 καὶμὴ

211 1288 274 1370 τήν
305 1287 370 1370 ήδη
399 1286 497 1371 χάριν
524 1293 586 1350 τοῦ
613 1284 694 1367 μετδι
720 1292 824 1349 ταῦτα
850 1286 975 1370 χρόνου
1001 1285 1124 1361 παντὸς
1150 1281 1226 1368 περὶ

152 1408 197 1450 1³5
212 1395 367 1467 πλείονος
389 1388 553 1475 ἡγεῖσθαι.
591 1389 633 1456 οὐ
655 1391 773 1455 τοίνυν
795 1387 869 1454 οὐδ’
891 1389 999 1456 έκεῖνο
1017 1391 1227 1474 λογιζόμενος
1263 1408 1267 1417 ·

213 1497 360 1581 δύναμαι
382 1497 544 1579 κατιδεῖν,
572 1495 628 1578 ὡς,
651 1497 683 1560 εί
703 1493 760 1560 καί
781 1495 949 1581 βάρβαρος
970 1493 1026 1560 καί
1048 1497 1185 1572 ἄπιστος
1206 1494 1225 1562 δ

212 1601 478 1688 Κερσοβλέπτης,
496 1601 585 1686 ὅμως
600 1604 809 1686 προνοηθείη
827 1599 857 1686 γ’
876 1599 919 1666 δν
936 1602 981 1685 μή
999 1602 1040 1667 τὰ
1055 1595 1223 1685 τηλικαῦτ’

212 1709 368 1794 ἀδικῆσαι
386 1709 590 1792 Χαρίδημον.
627 1707 708 1773 ὅταν
726 1707 792 1792 γὰρ
809 1707 911 1772 πάλιν
929 1706 1078 1790 ἐξετάσω,
1100 1707 1226 1792 ήλίκιον

212 1819 323 1893 Κότυς
342 1812 532 1899 Ἰφικράτην
560 1814 797 1898 ἀποστερήσειν
825 1811 955 1897 μέλλον
982 1809 1082 1879 οὐδέν
1105 1813 1226 1898 έφρόν-

211 1938 299 2005 τισε,
326 1924 494 1996 παντελῶς
520 1919 626 2007 τοάτιμ
654 1916 686 2003 γ’
713 1915 814 1986 οὐδέν
842 1917 885 1985 δν
911 1918 1055 2004 ήγοῦμαι
1078 1923 1278 2004 μελήσαιοοο

157 2046 199 2088 τεο
213 2039 280 2092 τῶν
304 2024 542 2109 ἀπολουμένων
561 2025 750 2114 Χαριδήμφ.
787 2023 806 2091 δ
829 2023 891 2109 μέν
912 2020 944 2109 γ’
969 2025 1097 2092 ἐκεῖνον
1119 2027 1225 2110 τιμδς,

213 2135 341 2214 είκάνα,
369 2134 515 2215 σίτησιν,
542 2126 687 2216 πατρίδ’,
714 2129 736 2214 ή
765 2131 909 2213 ζηλωτὸν
933 2129 1037 2198 αὐτὸν
1059 2130 1225 2216 ἐποίησεν,

213 2239 329 2322 ὀλίγον
358 2236 422 2302 δέω
450 2234 559 2321 λέγειν
585 2230 688 2301 πάνθ’
715 2231 763 2300 ὧν
790 2237 871 2302 ἀνευ
899 2239 957 2320 ζήν
982 2236 1044 2302 οὐκ
1066 2235 1160 2316 ἀξιον
1182 2233 1226 2321 ήν

209 2337 397 2429 Ἰφικράτει,
415 2346 559 2427 νομίζων
577 2341 816 2426 ἀποστερήσειν
830 2341 892 2408 οὐκ
907 2342 1108 2428 ἐπεστράφη·
1128 2337 1227 2421 οὗτος

214 2447 245 2516 δ’
267 2450 313 2527 ὡς
336 2449 472 2534 ἀληθῶς
489 2453 580 2526 τίνος
598 2446 641 2513 ἀν
658 2446 714 2513 καὶ
732 2450 834 2529 λόγον
853 2452 947 2533 σχοίη
967 2451 1012 2532 μή
1031 2451 1226 2533 Χαρίδημον

214 2556 438 2642 ἀποστερήσῃς
462 2551 535 2621 οὐδ’
558 2553 672 2621 ὁτιοῦν
694 2551 763 2620 ἐστὶ
781 2555 845 2639 γὰρ
863 2549 941 2638 παρ’
962 2554 1043 2638 ὑμίν
1060 2555 1160 2644 αὐτῷ,
1183 2555 1226 2622 οὐ

159 2682 199 2726 ιιτ
212 2664 339 2747 παῖδες,
362 2661 424 2727 οὐκ
446 2662 556 2743 είκδτν,
579 2660 622 2728 οὐ
640 2670 823 2744 συγγενεῖς,
846 2660 909 2726 οὐκ
927 2657 998 2725 ἀλλ’
1022 2658 1134 2727 οὐδέν.
1170 2658 1225 2726 καὶ

213 2770 280 2855 μήν
304 2770 335 2834 εί
355 2769 435 2853 μήτε
459 2768 559 2850 φύσει
580 2767 696 2843 πιστὸς
719 2765 738 2832 ὁ
757 2765 1020 2850 Κερσοβλέπτης,
1042 2768 1080 2831 ἔκ
1101 2789 1136 2833 τε
1158 2778 1226 2833 τῶν

213 2872 444 2960 γεγενημένων
465 2873 628 2957 πρότερον
652 2873 786 2948 δικαίως
808 2873 956 2955 ἄπιστος,
979 2870 1084 2957 μηδέν
1106 2895 1141 2938 τε
1159 2897 1226 2939 τοι-

213 2991 315 3049 οῦτον
339 2979 478 3064 ὑπάρχει
500 2988 571 3054 τοῖς
592 2977 771 3063 πράγμασι,
796 2974 839 3042 δι’
862 2975 880 3044 δ
902 2974 965 3042 κάν
982 2976 1072 3061 παρδ
1089 2979 1226 3064 γνώμην

213 3084 269 3152 καὶ
292 3085 398 3170 φύσιν
419 3087 626 3169 προνοηθείη
649 3107 682 3148 τι
704 3092 765 3149 τοῦ
783 3084 989 3168 Χαριδήμου,
1012 3085 1104 3160 τίνος
1124 3079 1223 3170 εἵνεχ’

213 3191 325 3268 ἁπλῶς
342 3187 397 3255 καὶ
416 3191 536 3275 κομιδῇ
554 3187 793 3273 τετυφωμένως
811 3188 927 3272 οὕτως,
945 3187 966 3254 δ
984 3189 1140 3272 βούλεται
1154 3191 1226 3256 δια-

91 3295 92 3298 '
213 3297 413 3383 πράξασθαι,
433 3296 649 3380 συλλάβωμεν
669 3294 770 3384 αὐτῷ,
789 3292 844 3360 καὶ
857 3288 948 3360 ταῦτ’
964 3289 1019 3379 ἐφ’
1034 3294 1115 3380 ήμτν
1129 3296 1225 3376 ὄντας

213 3403 278 3486 ἐγὼ
302 3397 363 3486 μέν
387 3401 447 3486 οὐχ
472 3401 548 3486 ὁρῶ.

163 3527 201 3571 ιιι
295 3505 366 3572 Ὅτι
384 3510 501 3573 τοίνυν
520 3508 601 3572 άνευ
617 3515 679 3572 τοῦ
697 3517 766 3583 τοῖς
779 3508 968 3591 πράγμασιν
981 3508 1026 3594 μή
1041 3506 1226 3593 συμφέρειν
