2938 4180
269 102 333 167 170
566 105 666 160 XXIII.
689 105 968 158 ΔΗΜΟΣΘΕΝΟΤΣ

266 260 367 348 ἀρχῆς
390 263 444 346 [τὰ
464 266 602 350 νόμιμα]
627 266 806 349 διελόντες,
834 263 956 342 οίτινές
976 261 1050 330 ποτ’
1076 259 1176 350 ἦσαν,
1205 263 1276 332 εἶθ’

265 367 371 453 ἥρωες
392 375 457 437 είτι
478 373 571 455 θεοί,
597 369 658 437 οὐκ
681 370 839 438 ἐπέθεντο
862 381 931 447 τοις
954 369 1171 454 ἀτυχήσασιν,
1200 367 1277 437 ἀλλ’

266 472 489 560 ἀνθρωπίνως
502 476 738 561 ἐπεκούφισαν,
752 477 799 553 είς
813 477 894 543 ὅσον
908 470 974 558 εἶχε
988 480 1105 559 καλῶς,
1121 477 1181 554 τὰς
1193 492 1280 562 συμ-

265 581 381 666 φοράς.
420 591 524 648 ταῦτα
546 581 659 668 μέντοι
681 577 785 647 πάνθ’
812 582 899 648 οὕτω
922 586 1029 660 καλῶς
1051 580 1105 648 καὶ
1128 586 1281 668 νομίμως

266 683 380 772 ἔχονθ’
402 685 421 754 6
443 687 584 774 γρόφων
605 689 643 755 τὸ
662 691 816 774 ψήφισμα
834 685 926 754 τουτὶ
944 689 1182 773 παραβεβηκὼς
1199 693 1279 774 φαί-

266 813 370 858 νεται·
392 793 431 860 δν
448 794 512 879 γὰρ
531 789 604 860 οὐδ’
624 793 738 861 ὁτιοῦν
756 795 807 860 ἔνι
824 794 953 860 τούτων
970 791 1008 860 έν
1025 802 1071 882 τῷ
1089 797 1278 879 ψηφίσματι

265 905 311 985 τῷ
338 899 468 966 τούτου.
514 897 569 966 καὶ
595 910 728 986 πρῶτον
755 897 816 985 μὲν
840 893 918 982 παρ’
934 897 1018 976 ,ἑνὸς
1039 899 1162 966 τούτου
1185 901 1277 966 δικα-

266 1008 404 1091 στηρίου
427 1002 482 1072 καὶ
506 1007 620 1092 [παρὰ]
644 1008 723 1084 τοὺς
740 1004 988 1091 γεγραμμένους
1006 1007 1131 1090 νόμους
1147 1004 1203 1072 καὶ
1220 1007 1277 1072 τᾶ-

265 1133 379 1196 γραφα
400 1113 524 1197 νόμιμα
546 1113 584 1179 τὸ
606 1108 750 1196 ψήφισμ’
777 1117 912 1197 είρηται.

153 1269 156 1274 Α
227 1235 250 1276 τι
354 1217 524 1302 Δεύτερον
548 1214 579 1283 δ’
601 1216 715 1304 ἕτερον
736 1219 950 1303 δικαστήριον
968 1219 1005 1284 τὸ
1023 1229 1091 1286 τῶν
1108 1217 1277 1284 ἀκουσίων

266 1324 382 1405 φόνων
404 1325 587 1407 φανήσεται
610 1322 770 1407 συγχέων,
793 1322 890 1390 τούπὶ
910 1325 1101 1412 Παλλαδίῳ,
1123 1322 1278 1402 καὶτοὺς

265 1430 354 1513 παρὰ
385 1430 492 1517 τούτω
523 1432 649 1513 νόμους
679 1431 905 1515 παραβαίνων.
954 1427 1010 1495 καὶ
1041 1430 1105 1515 γὰρ
1137 1426 1274 1496 ἐνταῦθ’

265 1532 435 1600 ὑπόκειται
461 1546 594 1620 πρῶτον
620 1532 682 1620 μὲν
710 1535 887 1619 διωμοσία,
918 1535 1075 1621 δεύτερον
1102 1532 1139 1600 δέ
1166 1538 1277 1620 λόγος,

264 1643 378 1725 τρίτον
398 1636 435 1707 δδ
453 1652 576 1725 γνῶσις
592 1650 653 1707 τοῦ
673 1641 898 1727 δικαστηρίου,
917 1635 965 1707 ὧν
979 1640 1081 1707 οὐδέν
1095 1639 1160 1707 ἐστ’
1178 1641 1216 1708 έν
1228 1650 1276 1730 τῷ

265 1746 387 1812 τούτου
404 1750 599 1831 ψηφίσματι
632 1745 674 1813 δν
694 1741 725 1812 δ’
742 1747 810 1835 ἁλῷ
829 1745 884 1813 καὶ
903 1748 985 1834 δοκῇ
1003 1747 1148 1833 τοόργον
1167 1748 1275 1833 είργά-

266 1856 358 1934 σθαι,
377 1848 456 1918 οὔθ’
474 1852 493 1919 6
513 1853 643 1919 διώκων
657 1862 717 1920 τοῦ
732 1853 930 1938 δεδρακότος
943 1855 1068 1939 κύριος,
1087 1851 1157 1918 οὔτ’
1176 1855 1276 1932 ἄλλος

227 1977 252 2018 τι
266 1953 346 2024 οὐδὲ
360 1950 408 2036 είς
420 1959 508 2042 πλὴν
522 1958 541 2025 6
554 1962 663 2043 νόμος.
687 1963 722 2025 τί
733 1954 823 2024 οὖνὸ
838 1962 940 2043 νόμος
953 1960 1078 2026 κελεύει
1092 1961 1151 2025 τὸν
1160 1957 1271 2026 ἁλόντ’

266 2061 315 2130 ἐπ’
342 2062 487 2153 διιουσίφ
510 2067 619 2153 φόνφ;
646 2067 683 2130 ἔν
705 2082 793 2130 τισιν
815 2064 1001 2150 εἰρημένοις
1022 2068 1155 2151 χρόνοις
1178 2065 1274 2132 ἀπελ-

264 2175 342 2235 θείν
363 2172 486 2254 τακτὴν
509 2170 601 2254 ὁδόν,
624 2170 679 2236 καλ
701 2172 840 2254 φεύγειν
861 2170 923 2247 ἕως
942 2169 985 2237 ἂν
1003 2170 1177 2254 αἰδέσηταί
1190 2195 1265 2238 τινα
1275 2184 1325 2232 644

264 2287 331 2341 τῶν
354 2275 391 2343 ἐν
413 2275 502 2360 γένει
524 2285 586 2342 τοῦ
607 2279 823 2354 πεπονθότος.
861 2287 1039 2362 τηνικαῦτα
1058 2273 1089 2342 δ’
1110 2277 1204 2361 ἥκειν
1222 2275 1274 2343 δέ·

266 2383 371 2447 δωιιεν
398 2384 488 2447 ἔστιν
515 2381 556 2448 δν
582 2385 723 2469 τρόπον,
753 2383 814 2468 οὐχ
842 2382 883 2448 ὃν
909 2382 952 2448 δν
979 2384 1076 2468 τύχη,
1109 2383 1192 2449 ἀλλὰ
1218 2382 1274 2451 καὶ

264 2493 370 2554 θῦσαι
392 2486 447 2554 καὶ
469 2495 685 2575 καθαρθῆναι
706 2486 762 2555 καὶ
780 2486 851 2554 ἄλλ’
874 2490 954 2554 όίττα
972 2489 1148 2574 διείρηκεν,
1171 2488 1271 2576 δχρι)

265 2603 411 2678 ποιῆσαι,
430 2595 542 2679 ὀρθῶς
560 2591 586 2660 δι
605 2596 724 2681 ἄνδρες
738 2593 911 2680 Ἀθηναῖοι
929 2595 1036 2661 πάντα
1048 2605 1153 2661 ταῦτα
1166 2594 1271 2678 λέγων

226 2700 283 2766 ²³6
306 2703 415 2785 νόμος.
452 2698 507 2766 καὶ
529 2702 593 2787 γὰρ
615 2703 653 2767 τὸ
676 2711 742 2766 τῶν
766 2701 933 2767 ἀκουσίων
956 2700 1077 2767 έλόττω
1094 2702 1157 2785 τὴν
1174 2724 1269 2785 τιμω-

264 2809 342 2892 ρίαν
363 2805 385 2891 ἣ
402 2817 470 2872 τῶν
488 2805 649 2873 ἑκουσίων
666 2807 760 2887 τάξαι
779 2808 920 2890 δίκαιον,
942 2806 1052 2873 καὶτὸ
1070 2804 1266 2893 παρασχόντ’

265 2912 449 2997 ἀσφάλειαν
471 2912 632 2998 ἀπελθεῖν
655 2912 740 2979 οὕτω
764 2914 979 2998 προστάττειν
1002 2913 1140 2996 φεύγειν
1161 2913 1271 2998 ὀρθῶς

265 3019 355 3084 ἐστιν
382 3021 475 3104 ἔχον,
502 3016 620 3085 καὶτὸ
646 3020 707 3084 τὸν
733 3015 884 3084 κατιόνθ’
915 3017 1032 3084 ὁσιοῦν
1060 3016 1127 3099 [καὶ
1154 3021 1270 3084 καθαί-

265 3129 396 3210 ρεσθαι]
430 3128 583 3209 νομίμοις
614 3127 696 3208 τισί,
727 3122 782 3190 καὶ
813 3126 850 3189 τὸ
880 3125 959 3201 τοὺς
985 3124 1109 3207 νόμους
1135 3126 1271 3209 κυρίους

264 3230 419 3297 ἁπάντων
437 3226 534 3314 εἶναι,
553 3228 607 3296 καὶ
625 3231 731 3298 πάντα
748 3224 838 3297 ταῦτ’
856 3233 922 3315 ἔχει
939 3234 1050 3307 καλῶς.
1085 3239 1187 3295 ταῦτα
1204 3232 1269 3296 τοί

267 3360 328 3402 νυν
344 3337 471 3403 ἅπαντα
487 3336 621 3413 δικαίως
635 3335 721 3403 οὕτω
736 3333 950 3419 διορισθέντα
962 3335 1028 3402 ὑπὸ
1042 3346 1109 3401 τῶν
1123 3335 1156 3414 έξ
1171 3335 1269 3422 ἀρχῆς

269 3443 563 3526 υοιιοθετησιίντων
590 3442 715 3528 παρέβη
743 3442 883 3527 γράφων
909 3442 947 3508 τὸ
973 3437 1116 3526 ψήφισμ’
1147 3440 1267 3508 οὑτοσί.
