2614 3904
170 181 235 246 396
448 183 572 237 mm,
599 181 901 254 [Διωιοεοωνοωε]

170 343 357 428 δρομιῶνος
378 341 474 428 μέχρι
492 353 552 408 τοῦ
571 353 802 428 μουνιχιῶνος,
825 343 880 408 ἵνα
899 352 1095 428 παραχρῆμα
1115 355 1185 408 τῶν
1219 361 1222 366 ·

169 449 308 514 δικαίων
330 452 485 533 τυχόντες
505 448 702 532 ἀνάγωνται.
739 454 768 514 εί
785 449 827 533 δή
846 457 885 533 τή
905 448 1046 534 ἀληθείᾳ
1064 449 1185 532 ἐγγυη-

169 553 227 637 τής
243 548 287 636 ήν
304 562 366 620 τοῦ
380 553 627 638 Παρμένοντος,
647 555 703 622 διδ
720 559 756 620 τί
770 566 902 637 πρῶτον
920 550 981 638 μέν
1000 555 1061 619 οὐκ
1077 555 1186 631 εὐθὺς

130 681 155 722 ιι
169 667 227 741 τής
249 660 404 742 γνώσεως
426 659 606 744 γενομένης
625 661 799 746 ἐπράττετο
817 661 879 743 τήν
897 659 1034 744 ἐγγύην;
1059 659 1184 743 οὐγὰρ

169 765 211 847 δή
237 767 337 830 τοῦτό
364 762 395 850 γ’
427 766 517 856 αύτςό
546 769 596 832 ἐνι
623 769 742 849 εἰπεῖν,
773 765 818 844 όις
845 766 900 830 διὰ
928 766 989 849 τήν
1016 767 1099 851 πρὸς
1126 762 1185 850 ἐμὲ

169 873 286 954 φιλίαν
305 871 404 936 ίικνει
422 895 478 956 μοι
497 871 713 956 ἀπεχθέσθαι.
746 872 846 948 αύτδς
864 871 927 956 γάρ
947 871 1184 956 εἰσεπέπρακτο

169 972 224 1040 ὑπ’
256 976 337 1060 ἐμοῦ
369 979 451 1060 πρὸς
483 980 610 1063 ἔχθραν
641 979 699 1055 τδς
730 981 837 1062 χιλίας
864 978 1011 1062 δραχμάς
1037 981 1094 1053 τάς
1121 987 1183 1042 τοῦ

170 1080 416 1166 Παρμένοντος,
439 1082 494 1150 καὶ
517 1081 565 1148 ὅτ’
588 1083 739 1170 ἐξώρμιζε
763 1083 825 1166 τήν
846 1091 933 1149 ναῦν
955 1084 1183 1168 ἐπιβουλεύων

169 1185 355 1271 ἀποδρᾶναι
374 1187 429 1254 καί
449 1189 670 1275 ἀποστερῆσαι
687 1191 725 1256 τὸ
745 1187 798 1254 ἐπὶ
816 1189 877 1272 τήν
890 1190 1053 1273 τράπεζαν
1067 1188 1182 1275 χρέως,

169 1293 322 1377 ἐκωλύθη
349 1291 405 1358 ὑπ’
432 1295 521 1379 ἐμοῦ.
568 1297 649 1361 ὥστε
679 1295 711 1360 εἰ
735 1290 778 1378 ήν
806 1295 1013 1379 ἠγγυημένος
1035 1295 1099 1378 ἐγὼ
1121 1297 1182 1360 τὸν

169 1398 405 1484 Παρμένοντα,
432 1401 493 1466 ούκ
519 1400 561 1466 ἀν
583 1404 682 1490 τρίτφ
705 1403 770 1466 ἐτει
792 1400 949 1484 ὕστερον,
979 1398 1050 1466 ἀλλ’
1076 1401 1183 1477 εὐθὺς

129 1529 155 1571 ει
169 1509 241 1570 τότε
275 1504 484 1590 εἰσέπραττεν
515 1509 558 1572 όίν
589 1531 628 1591 με
660 1509 721 1591 τήν
753 1507 885 1590 ἐγγύην.
932 1506 1015 1572 ἀλλά
1042 1507 1084 1590 νή
1112 1511 1182 1572 Δία

169 1610 318 1697 εὐπόρως
350 1611 504 1695 διέκειτο,
536 1609 613 1676 ὥστ’
645 1611 812 1696 ἐνεδέχετο
839 1611 928 1700 αύτῷ
956 1611 1012 1678 καὶ
1038 1612 1181 1697 ὕστερον

169 1712 220 1783 ἐπ’
246 1714 302 1802 ἐμὲ
330 1717 457 1801 ἐλθεῖν,
484 1721 557 1783 τότε
586 1715 617 1782 δ’
643 1718 791 1802 ἀσχόλως
814 1713 880 1803 εἶχε
903 1715 979 1801 περὶ
1002 1718 1181 1802 ἀναγωγήν

169 1824 227 1888 ἐόν.
267 1823 350 1888 ἀλλὰ
373 1819 416 1889 δι’
444 1823 586 1908 ἀπορίαν
610 1823 785 1906 ἐξειστήκει
807 1834 875 1888 τῶν
898 1821 1019 1889 ἑαυτοῦ
1041 1823 1096 1890 καί
1120 1827 1181 1908 τήν
1213 1829 1217 1837 “

169 1939 254 1996 ναῦν
282 1929 463 2010 ἐπεπράκει.
509 1931 541 1995 εί
567 1923 597 1994 δ’
624 1927 675 2011 ἀρ’
702 1928 857 2013 ἐμποδών
882 1951 913 1993 τι
936 1929 1026 2017 αὐτῷ
1049 1928 1180 2012 ἐγένετο

167 2046 228 2102 τοῦ
256 2036 300 2120 μή
328 2036 433 2112 εὐθὺς
458 2035 536 2100 τότε.
561 2035 777 2116 δικάσασθαι,
806 2035 861 2098 διὰ
888 2037 924 2098 τί
946 2035 1087 2117 πέρυσιν
1112 2037 1180 2109 ἐπι-

169 2143 299 2225 δημῶν,
327 2141 371 2226 μή
399 2141 451 2206 δτι
478 2141 695 2223 δικάσασθαι,
723 2137 794 2205 ἀλλ’
822 2138 896 2206 οὐδ’
923 2141 1096 2224 ἐγκαλέσαι
1123 2166 1180 2227 μοι

167 2245 361 2331 ἐτόλμησενς
381 2250 487 2312 καίτοι
506 2255 682 2331 προσῆκεν,
701 2246 732 2312 εί
749 2245 768 2311 δ
786 2243 847 2331 μὲν
864 2247 1051 2332 Παρμένων
1070 2249 1179 2334 ὠφλή-

167 2377 217 2419 κει
240 2353 329 2441 αύτρῦ
352 2354 414 2437 τήν
437 2355 543 2435 δίκην,
571 2353 634 2435 ἐγὼ
659 2349 689 2417 δ’
717 2351 878 2437 ἐγγυητής
900 2350 953 2437 ήν,
977 2359 1180 2438 προσελθεῖν

168 2458 270 2524 αὐτόν
293 2483 350 2544 μοι
372 2462 489 2544 έχοντα
510 2459 677 2544 μάρτυρας
694 2457 750 2525 καὶ
769 2459 945 2544 ἀπαιτῆσαι
962 2460 1024 2541 τήν
1043 2459 1178 2543 ἐγγύην,

168 2567 200 2630 εί
224 2567 268 2648 μή
296 2564 524 2649 πρωπέρυσιν,
553 2567 590 2631 ἐν
617 2575 663 2654 τῷ
692 2565 861 2644 ἐξελθόντι
889 2566 1043 2653 ἐνιαυτῷ·
1070 2565 1125 2631 καί
1149 2569 1181 2630 εί

168 2667 228 2755 μέυ
256 2671 345 2758 αὐτῷ
374 2671 572 2753 ἀπεδίδουν,
601 2675 820 2754 κομίσασθαι,
848 2673 880 2736 εί
905 2667 942 2736 δέ
965 2671 1024 2755 μή,
1054 2671 1178 2750 δικάζε-

128 2802 154 2842 κι
169 2785 259 2843 σθαι.
304 2789 372 2842 τῶν
402 2778 466 2860 γάρ
495 2779 657 2843 τοιούτων
685 2777 896 2862 ἐγκλημάτων
922 2780 1084 2863 πρότερον
1112 2779 1169 2855 τὰς
1179 2794 1224 2845 901

168 2883 357 2968 ἀπαιτήσεις
380 2893 554 2950 ποιοῦνται
577 2885 718 2959 ἅπαντες
740 2883 761 2966 ή
786 2885 979 2962 δικάζονται.
1008 2884 1085 2950 οὐκ
1108 2888 1178 2950 ἔστι

167 2997 284 3056 τοίνυν
316 2992 405 3068 ὅστις
437 2993 638 3076 μαρτυρήσει
669 2987 930 3073 παραγενέσθαι,
954 2989 1048 3054 Ὶὅπου
1079 2985 1178 3068 οὗτος

168 3096 187 3181 ή
220 3097 360 3182 πέρυσιν
392 3097 412 3182 ή
440 3096 654 3181 πρωπέρυσιν
683 3095 870 3176 [ἐδικάσατο
897 3095 931 3178 ή]
960 3097 1062 3176 λόγον
1089 3095 1177 3162 δντι-

135 3221 137 3231 “
166 3203 451 3287 νοῦν-ἐποιήσατο
473 3203 556 3286 πρὸς
578 3197 633 3285 ἐμὲ
656 3198 731 3284 περὶ
754 3194 802 3265 ὧν
825 3202 905 3264 νυνί
924 3222 981 3284 μοι
1004 3200 1178 3279 δικάζεται.

167 3311 218 3375 ὅτι
242 3307 271 3374 δ’
300 3309 451 3394 ἐπεδήμει
474 3307 626 3393 πέρυσιν,
650 3307 704 3372 ὅτε
727 3306 764 3370 αί
785 3301 992 3388 δίκαιήσαν,
1015 3303 1098 3388 λαβέ
1119 3330 1173 3390 μοι

165 3418 227 3500 τήν
250 3419 443 3501 μαρτυρίαν.
