2938 4180
257 151 322 215 208
556 155 656 206 xxm
679 151 959 205 ΔΗΜΟΣΘΕΝΟΤΣ

204 329 242 370 ιιι
334 310 432 389 Ἴσως
457 316 574 379 τοίνυν
601 310 656 378 καί
682 314 841 395 τοιαύτην
863 305 926 377 τιν’
953 307 1064 391 έροῦσ’
1091 310 1268 392 ὑπόνοιαν,

255 417 299 494 ὡς
321 419 495 503 ὡρμηκότα
517 428 581 483 νῦν
603 421 662 484 τὸν
686 421 868 502 ἀνθρωπον
890 421 991 499 φίλον
1010 413 1095 483 εἶναι
1114 416 1169 482 καὶ
1187 422 1268 500 βου-

255 526 397 608 λόμενόν
418 548 451 590 τι
472 535 581 590 ποιεῖν
600 525 730 607 ἀγαθὸν
748 526 811 607 τὴν
829 527 938 606 πόλιν,
963 526 1010 600 είς
1028 523 1178 607 ἀθυμίαν
1195 520 1269 603 τρέ-
1375 605 1376 610 ¹

254 639 376 713 ψομεν,
409 631 440 696 εί
469 632 785 714 καταψηφιούμεθα,
817 627 873 695 καὶ
904 632 1086 713 ποιήσομεν
1114 628 1270 705 ὑπόπτως
1375 639 1376 660 ¹

255 738 341 820 ἔχειν
360 736 442 820 πρὸς
460 736 552 820 ἡμᾶς.
590 735 653 818 ἐγὼ
674 735 704 800 δ’
726 732 752 802 ὦ
771 736 892 819 ἀνδρες
907 729 1080 818 Ἀθηναῖοι
1097 730 1263 800 θεάσασθ’

254 841 299 916 ὡς
326 843 398 925 ἔγω.
444 843 476 907 εί
495 838 563 927 μετ’
592 841 751 923 ἀληθείας
774 840 885 917 ἁπλῶς
908 836 951 923 ἦν
973 840 1053 925 ἡμῖν
1076 843 1188 924 φίλος,
1212 837 1268 905 καὶ
1375 851 1376 858 ’

254 949 295 1030 νὴ
317 951 383 1012 Δία
406 948 512 1013 πάντα
530 947 661 1030 τάγαθά
678 949 820 1031 ἤμελλεν
838 950 926 1031 ἡμᾶς
943 949 1105 1030 ποιήσειν,
1130 944 1202 1011 οὐδ’
1225 943 1269 1010 ἀν
1375 985 1376 990 1

255 1053 361 1130 οὑτως
387 1051 481 1141 ᾤμην
509 1055 580 1118 θεῖν
606 1063 728 1119 τοῦτον
757 1052 892 1118 ἀκούειν
919 1053 1117 1135 τὸνλόγον·
1145 1050 1269 1116 οὐθένα

253 1158 318 1241 γάρ
345 1160 466 1241 νομίζω
493 1152 625 1222 τοσαῦτ’
656 1155 756 1240 ἀγάθ’
788 1155 831 1222 ἀν
858 1165 1009 1239 ποιῆσαι,
1043 1151 1088 1221 σι’
1118 1155 1158 1222 ὃν
1187 1155 1270 1240 ὑμῖν

254 1266 433 1347 προσήκειν
457 1262 647 1348 ἐπιορκῆσαι
670 1260 726 1328 καὶ
748 1261 825 1346 παρ’
851 1261 872 1328 ἀ
895 1265 1050 1347 φαίνεται
1074 1262 1184 1327 δίκαια
1206 1264 1270 1345 τὴν

204 1385 242 1428 ιιι
255 1379 370 1453 ψῆφον
401 1368 535 1434 θέσθαι.
586 1368 699 1451 ἐπειδὴ
732 1365 769 1433 δὲ
800 1365 856 1434 καί
888 1370 1074 1452 φενακίζων
1106 1364 1162 1432 καί
1191 1363 1265 1432 οὐθ’

256 1475 370 1541 ὁτιοῦν
392 1469 484 1557 ὑγιὲς
505 1474 659 1557 πράττων
682 1472 892 1559 ἐξελέγχεται,
917 1476 1015 1539 δυοῖν
1038 1472 1183 1555 ἀγαθοῖν
1205 1474 1269 1539 θά-

255 1605 353 1666 τερον
382 1581 477 1665 ὑμῖν,
509 1577 552 1644 ἀν
579 1583 873 1663 καταψηφίσησθε,
904 1580 1121 1663 συμβήσεται·
1152 1577 1174 1661 ἢ
1203 1581 1268 1663 γάρ

256 1686 424 1765 ἐξαπατῶν
446 1686 607 1751 παύσεται
629 1689 769 1769 νομίσας
790 1683 900 1750 οὐκέτι
919 1684 1113 1761 λανθάνειν,
1136 1684 1269 1768 ἣείπερ

256 1793 344 1880 αὐτῷ
378 1790 571 1879 βουλομένῳ
603 1793 686 1875 πρὸς
717 1790 802 1874 ὑμᾶς
834 1793 925 1855 ἔστιν
953 1792 1081 1867 οἰκείως
1108 1793 1196 1875 ἔχειν
1224 1792 1270 1869 ὡς

256 1897 404 1982 ἀληθῶς,
434 1897 564 1980 ἀγαθόν
591 1918 624 1963 τι
650 1907 759 1962 ποιεῖν
786 1896 992 1978 πειράσεται,
1019 1898 1122 1978 γνοὺς
1149 1897 1200 1962 ότι
1221 1906 1268 1985 τῷ

256 2006 444 2088 φενακίζειν
476 1997 591 2068 οὐκέθ’
625 2000 645 2067 ά
677 2003 832 2085 βούλεται
864 2001 988 2086 πράξει.
1039 2003 1121 2068 ὥστε
1151 2001 1207 2068 καί
1239 2006 1273 2070 εί
1375 2081 1376 2084 ¹

256 2106 339 2194 μηδὲ
371 2106 415 2175 δι’
446 2109 484 2175 ἓν
509 2120 577 2174 τῶν
605 2109 732 2191 ἀλλων,
765 2109 821 2173 θιά
848 2116 945 2174 τοῦτο
974 2112 1270 2193 καταψηφίσασθαι

256 2214 429 2300 συμφέρει.

206 2339 243 2379 ιιι
337 2321 449 2400 ’Ἄξιον
475 2324 593 2388 τοίνυν
621 2316 792 2402 ὦάνύρες
811 2317 984 2404 Ἀθηναῖοι
1006 2319 1139 2387 κάκεῖνο
1163 2321 1269 2401 έξετά-
1375 2345 1376 2350 ’

257 2445 324 2510 σαι,
346 2439 415 2503 πῶς
437 2424 519 2493 ποθ’
542 2428 577 2492 οί
597 2427 699 2491 πάλαι
721 2427 778 2501 τάς
796 2427 891 2510 τιμάς
909 2429 1029 2510 ἔνεμον
1046 2425 1178 2503 καὶτὰς
1197 2429 1324 2492 θω-σεε

257 2535 346 2618 ρειὰς
369 2545 438 2610 τοῖς
462 2533 506 2608 ὡς
528 2533 662 2616 ἀληθῶς
681 2530 876 2614 εὐεργέταις,
899 2530 954 2597 καὶ
973 2532 1047 2597 ὅσοι
1064 2538 1195 2599 πολῖται
1212 2535 1269 2599 τύ-

256 2663 348 2725 χοιεν
380 2640 473 2716 όντες
500 2637 556 2703 καὶ
583 2639 657 2704 ὅσοι
685 2635 782 2715 ξένοι.
828 2636 890 2702 κάν
918 2634 979 2721 μὲν
1007 2632 1091 2722 mni
1123 2639 1270 2716 ἐκείνους

256 2747 394 2829 άμεινον
431 2745 543 2829 ὑμῶν,
579 2745 682 2808 καλὸν
714 2744 751 2807 τὸ
784 2746 1007 2827 μιμήσασθαι,
1044 2741 1087 2809 ἀν
1119 2740 1150 2809 θ’
1185 2745 1270 2829 ὑμᾶς

257 2852 389 2933 αὐτοὺς,
414 2844 465 2931 ἐφ’
488 2848 569 2932 ὑμῖν
592 2851 682 2913 ἔσται
705 2849 743 2914 τὸ
766 2849 930 2931 πράττειν.
968 2860 1101 2931 πρῶτον
1124 2846 1185 2934 μέν
1203 2855 1270 2917 τοί-

256 2982 321 3024 νυν
345 2957 464 3022 ἐκεῖνοι
487 2952 709 3038 Θεμιστοκλέα
731 2955 792 3018 τὸν
814 2955 877 3037 τὴν
900 2954 937 3019 ε’ν
956 2958 1122 3038 Σαλαμῖνι
1144 2980 1271 3041 ναυμα-

256 3068 332 3149 χίαν
350 3069 610 3148 στρατηγοῦντα,
628 3057 682 3124 καὶ
702 3060 893 3143 Μιλτιάδην
910 3061 970 3125 τὸν
988 3059 1177 3145 ἡγούμενον
1195 3066 1271 3128 Μα-

257 3176 388 3254 ραθῶνι
415 3167 470 3235 καλ
497 3170 642 3243 πολλοὺς
665 3167 801 3248 ἀλλους,
830 3165 892 3231 οὐκ
915 3173 971 3231 ίσα
993 3177 1063 3242 τοῖς
1085 3176 1150 3232 νῦν
1174 3186 1271 3253 στρα-

255 3285 370 3358 τηγοῖς
392 3268 493 3358 ἀγάθ’
520 3271 773 3356 εἰργασμένους,
804 3271 845 3338 οὐ
867 3277 1010 3357 χαλκοῦς
1032 3273 1171 3338 ἵστασαν
1195 3271 1267 3340 οὐθ’

208 3397 243 3435 ¹⁹⁷
257 3380 488 3465 ὑπερηγάπων.
521 3380 582 3446 οὑκ
599 3379 664 3464 ἄρα
682 3389 753 3454 τοῖς
771 3376 910 3455 ἑαυτοὺς
926 3377 1057 3460 ἀγαθόν
1069 3400 1102 3444 τι
1115 3389 1272 3446 ποιοῦσιν

260 3486 356 3566 χάριν
380 3481 484 3569 εἶχον;
509 3487 642 3567 σφόδρα
664 3480 696 3567 γ’
722 3479 748 3550 ὦ
772 3485 891 3568 ἀνδρες
910 3481 1094 3565 Ἀθηναῖοι,
1116 3483 1172 3550 καὶ
1194 3485 1271 3551 άπε-
