2644 4182
472 469 568 522 ΠΡΟΣ
586 471 786 522 ΛΕΠΤΙΝΗΝ,
1090 465 1133 531 21

122 651 195 710 του,
218 628 369 705 πῶςούκ
393 627 573 712 ἀδικησεί,
597 628 656 695 έάν
679 628 869 715 ἀφαιρῆσθε
893 629 954 712 τὴν
975 628 1135 712 ἀτέλειαν,

123 737 160 800 οἳ
189 736 393 817 παραδόντες
423 733 502 818 ὑμῖν
530 735 657 817 Θάσον,
691 732 746 801 καί
773 735 835 818 την
861 737 1137 819 Λακεδαιμονίων

123 840 279 924 φρουράν
310 834 387 925 μεθ’
421 840 533 906 ὅπλων
553 835 774 925 ’ἐκβαλόντες,
806 838 862 906 καλ
895 841 1137 927 Θρασύβουλον

122 947 366 1029 εἰσαγαγόντες,
388 943 445 1010 καὶ
466 949 692 1030 παρασχόντες
715 949 818 1030 φίλην
840 946 921 1030 ὑμίν
939 945 1001 1030 την
1019 946 1190 1012 αὑτῶνλτδ

122 1054 277 1137 πατρίδα,
301 1058 401 1118 αίτιοι
423 1060 484 1117 τοῦ
507 1049 666 1134 γενέσθαι
685 1052 858 1136 σύμμαχον
876 1052 936 1118 τόν
954 1049 1029 1135 περὶ
1049 1049 1137 1138 Θρηί·

82 1176 109 1216 ⁸0
121 1181 186 1241 κην
203 1162 308 1225 τόπον
325 1156 406 1241 ὑμίν
425 1156 592 1240 ἐγένοντος
613 1166 712 1224 τοῦτο
732 1154 762 1222 δ’
782 1149 953 1244 Ἀρχέβιον
967 1154 1022 1222 καί
1037 1152 1137 1240 Ἡρα-

122 1265 269 1347 κλείδην,
289 1265 325 1326 οδ
335 1262 520 1340 Βυζάντιον
538 1262 743 1348 παραδόντες
757 1264 986 1351 Θρασυβούλῳ
999 1266 1137 1347 κυρίους

122 1369 208 1454 ὑμᾶς
235 1369 395 1451 έποίησαν
424 1377 484 1433 τοῦ
507 1365 768 1452 Ἑλλησπόντου,
796 1369 879 1434 ὥστε
905 1368 967 1452 τὴν
995 1369 1136 1453 δεκάτην

123 1474 327 1556 ἀποδόσθαι,
360 1471 416 1539 καὶ
447 1474 623 1560 χρημάτων
655 1473 901 1558 εὐπορήσαντας
929 1472 1136 1554 Λακεδαιμο·

122 1583 217 1658 νίους
240 1579 424 1664 ἀναγκάσαι
446 1580 619 1663 τοιαύτην,
647 1581 724 1646 οίοιν
746 1580 827 1666 ὑμῖν
850 1581 971 1664 ἐδόκει,
998 1583 1137 1664 ποιησει·

123 1694 206 1751 σθαι
229 1686 291 1769 την
313 1687 465 1770 είρηνηνς
490 1679 537 1750 ὧν
561 1681 586 1752 δι
610 1687 731 1772 ἀνδρες
749 1682 924 1770 Ἀθηναῖοι
943 1687 1024 1772 μετά
1042 1680 1133 1752 ταῦτ’

123 1791 346 1874 ἐκπεσόντων,
374 1785 580 1875 έύηφίσασθ
606 1791 688 1875 άπερ
717 1787 808 1876 οἶμαι
835 1793 1020 1875 φεύγουσιν
1044 1792 1136 1878 εύερ-

122 1897 233 1981 γέταις
256 1891 299 1963 δι’
325 1896 411 1981 ὑμᾶς
433 1906 594 1982 προσῆκε,
617 1897 811 1980 προξενίαν,
836 1896 1042 1983 εὐεργεσίαν,
1066 1898 1137 1965 ἀτέ-

123 2009 216 2069 λειαν
248 2003 412 2067 ἁπάντων.
463 1999 534 2069 εἶτα
564 2005 643 2080 τοὺς
675 2001 720 2068 δι’
752 2002 836 2087 ὑμᾶς
867 2004 1054 2088 φεύγοντας
1081 2001 1137 2070 καί

123 2111 259 2186 δικαίως
285 2131 318 2172 τι
344 2105 421 2193 παρ’
453 2109 547 2193 ὑμῶν
574 2108 792 2193 εὑρομένους,
824 2106 973 2194 ἐάσωμεν
1000 2108 1137 2194 ἀφαιρε-

7 2259 10 2272 ·
123 2221 227 2298 θῆναι
254 2223 371 2297 ταῦτα,
400 2210 505 2299 μηδὲν
532 2217 663 2299 ἔχοντες
685 2213 871 2298 έγκαλέσαι;
901 2213 972 2282 ἀλλ’
998 2216 1137 2301 αίσχρὸν

82 2341 109 2382 ιι
125 2319 167 2386 ἀν
189 2327 248 2404 είη.
293 2321 434 2405 μάθοιτε
458 2317 494 2386 δέ
516 2330 622 2414 τοῦτο
638 2315 766 2405 μάλιστ’
793 2319 850 2402 ἀν,
874 2319 1006 2399 ἐκείνως
1029 2324 1060 2387 εί
1081 2327 1136 2388 λο-

124 2430 281 2511 γίσαισθε
303 2428 385 2513 πρὸς
408 2427 493 2510 ὑμᾶς
515 2428 650 2505 αὐτούς·
692 2434 726 2494 εί
744 2451 831 2505 τινες
853 2426 932 2493 νυνί
954 2438 1022 2493 τῶν
1044 2427 1137 2512 έχόν-

124 2557 192 2598 των
215 2532 358 2598 Πύδναν
384 2532 404 2616 ἦ
429 2533 632 2598 Ποτείδαιαν
659 2535 681 2616 η
708 2556 740 2600 τι
766 2544 834 2599 τῶν
861 2534 972 2599 ἄλλων
993 2536 1137 2619 χωρίων,

125 2639 316 2726 ἀΦιλίππφ
334 2637 397 2724 μέν
415 2638 506 2705 ἐστιν
524 2636 656 2724 ύπηκό,
674 2639 755 2724 ὑμῖν
775 2633 806 2705 δ’
822 2637 1016 2724 έχθρά,’τδν
1034 2638 1138 2706 αὐτὸν

124 2747 250 2832 τρόπον
273 2744 374 2828 όνπερ
396 2745 417 2828 ἡ
442 2746 551 2823 Θάσος
572 2739 616 2828 ἦν
638 2747 711 2812 τότε
733 2742 788 2810 καί
811 2747 848 2809 τὸ
867 2744 1051 2824 Βυζάντιον
1068 2749 1137 2810 Λα-

125 2851 350 2936 κεδαιμονίοις
368 2847 430 2936 μὲν
447 2849 559 2933 οἰκεῖ’,
581 2851 663 2936 ὑμῖν
682 2848 713 2917 δ’
736 2850 903 2934 ἀλλότρια,
925 2852 1137 2937 παραδώσειν

125 2955 216 3022 ταῦτ’
248 2951 503 3040 ἐπαγγείλαινά,
536 2956 578 3022 ἂν
610 2957 722 3034 αὐτοῖς
751 2959 808 3034 τὰς
835 2957 936 3034 αύτάς
962 2958 1046 3024 δῶτε
1074 2959 1137 3024 δω·

126 3064 226 3148 ρειάς,
250 3063 354 3145 ἅσπερ
374 3057 544 3150 ’δἀφάντφ
557 3059 608 3150 ’τῷ
629 3066 741 3152 Θασίφ
759 3060 815 3128 καὶ
832 3060 988 3152 Ἀρχεβίφ
1006 3072 1051 3151 τῷ
1071 3067 1138 3129 Βυ-

84 3189 112 3230 ω
127 3173 260 3258 ζαντίφ,
293 3171 352 3235 καί
375 3191 463 3247 τινες
490 3170 618 3235 τούτων
645 3167 851 3253 ἀντιλέγοιεν
878 3168 1005 3251 αύτοῑς,
1034 3179 1138 3236 ταῦτα

126 3276 278 3360 λέγοντες
305 3277 350 3352 ὡς
378 3276 491 3342 δεινὸν
518 3281 552 3341 εί
574 3299 662 3353 τινες
688 3277 787 3360 μόνοι
809 3286 876 3342 τῶν
898 3275 1009 3341 ἄλλων
1032 3279 1137 3360 μετοί·

125 3407 195 3447 κων
213 3384 258 3468 μὴ
277 3393 464 3468 χορηγοῖεν,
482 3392 551 3459 πῶς
569 3378 642 3446 ποτ’
660 3379 702 3446 ἀν
721 3391 830 3466 σχοῑτε
848 3382 931 3466 πρὸς
943 3384 1023 3460 τοὺς
1035 3392 1139 3448 ταῦτα

127 3487 298 3571 λέγοντας;
328 3487 349 3572 ἢ
378 3490 482 3572 δῆλον
505 3488 556 3554 ότι
579 3488 698 3571 φωνην
721 3486 782 3554 ούκ
806 3487 848 3553 ἀν
870 3485 1066 3573 ἀνάσχοισθ’
1094 3487 1139 3566 ὡς

127 3595 444 3680 συκοφαντούντωνς
468 3594 594 3661 ούκοῦν
617 3595 756 3680 αίσχρδν
778 3596 811 3660 εί
830 3593 1004 3679 μέλλοντες
1020 3591 1081 3679 μέν
1100 3589 1139 3660 τύ

125 3701 265 3786 πάσχειν
295 3700 510 3785 συκοφάντην
536 3698 579 3765 ἀν
605 3701 665 3767 τὸν
691 3709 795 3766 ταῦτα
822 3695 957 3784 λέγονθ’
986 3697 1138 3783 ἡγοῖσθε,

126 3803 179 3870 ἐπὶ
212 3815 257 3888 τῷ
291 3803 321 3870 δ’
354 3804 539 3890 ἀφελέσθαι
570 3805 628 3884 τάς
659 3817 725 3871 τῶν
758 3805 928 3889 προτέρων
957 3805 1142 3882 εὐεργετῶν
