2612 3918
450 172 535 226 m’
552 173 817 227 Ακιεουιοκοε,
1076 173 1137 237 121

12 334 14 387 ι’
129 337 187 400 ούκ
204 337 372 418 ἐποιήσατο,
387 331 563 419 Ἀνδροτίων
581 334 614 399 δὲ
631 336 777 420 γέγραφεν
795 337 828 401 έν
844 345 884 426 τῷ
899 339 983 426 δήμῳ
998 339 1140 420 ψήφισμα

9 442 12 469 '
128 445 316 514 στεφανῶσαι
346 433 401 514 τήν
428 435 551 517 βουλήν.
596 435 645 497 ἰπὶ
671 438 765 520 τούτῳ
792 436 974 518 παρανόμων
1001 438 1140 519 κρίνεται,

8 523 9 526 ¹
128 533 373 616 κατηγορούντων
396 531 488 594 αύτού
512 527 561 595 δύ’
586 532 713 616 έγθρῶν,
736 532 932 614 Εὐκτήμονος
955 534 1005 597 καί
1025 535 1140 597 Διοδώ-

128 653 194 711 ρου.
238 629 289 692 καί
309 631 465 713 προείρηκε
488 629 542 711 μὲν
566 628 582 693 δ
605 631 789 711 Εύκτήμων,
818 631 952 715 δεύτερος
975 627 1003 693 δ’
1030 628 1140 696 δΔιό-

99 729 225 810 *δωρος
248 727 454 808 ἐπαγωνίζεται
475 727 569 815 τούτῳ
592 733 632 813 τῷ
656 726 739 814 λόγῳ.
780 728 855 806 φασί
879 724 906 790 δ’
933 730 965 792 οἰ
983 729 1141 813 κατήγοροι

128 836 246 909 πρῶτον
274 823 328 906 μὲν
355 824 593 909 ἀπροβούλευτον
620 818 696 886 εἰναι
723 824 754 886 τὸ
782 826 925 907 ψήφισμα
952 822 1061 908 (νόμου
1084 828 1140 910 γὰρ

127 924 300 996 κελεύοντος
330 923 370 1004 μή
397 924 539 1007 πρότερον
566 923 609 995 εἰς
636 921 687 984 τὸν
715 923 811 1002 δήμου
838 919 970 1004 ψήφισμ’
995 923 1139 1007 ἐκφέρειν,

128 1020 199 1102 πρὶν
221 1020 255 1083 έν
277 1031 313 1107 τῇ
335 1023 430 1107 βουλή
454 1021 658 1101 δοκιμασθείη,
682 1021 733 1084 τὸν
754 1017 950 1104 Ἀνδροτίωνα
972 1021 1051 1104 παρὰ
1071 1034 1139 1086 τού-

128 1141 181 1180 τον
199 1117 251 1180 τὸν
269 1117 363 1198 νόμον
381 1117 618 1200 ἀπροβούλευτον
637 1120 810 1201 εἰσενεγκεῖν
828 1118 883 1198 τὴν
900 1118 1049 1202 γνώμην),
1072 1122 1139 1184 δεύ·

128 1238 212 1298 τερον
236 1209 264 1277 δ’
285 1214 462 1277 ύπεναντίον
484 1214 587 1303 έκείυφ
610 1224 649 1304 τῷ
670 1217 751 1303 νόμῳ
769 1223 809 1303 τῷ
827 1219 976 1280 κελεύοντι
993 1217 1034 1299 μή
1052 1240 1139 1298 ποιη·

128 1314 260 1395 σαμένην
282 1313 337 1393 τήν
360 1313 473 1394 βουλήν
496 1313 548 1387 κάς
569 1315 694 1396 τριήρεις
714 1313 753 1393 μή
773 1315 864 1376 αἰτεῖν
883 1315 1008 1398 δωρεύν·
1031 1316 1059 1377 εί
1073 1315 1191 1399 γάρ588

129 1415 221 1475 αἰτεῖν
248 1411 304 1474 ούκ
329 1410 435 1490 ἔξεστι,
462 1411 552 1491 δῆλον
576 1409 616 1486 ώς
640 1409 709 1474 ούδέ
733 1411 764 1474 τὸ
789 1412 895 1474 δοῦναι
916 1414 1137 1498 συγκεχώρηται

128 1510 251 1582 τούτους
273 1505 328 1589 μέν
350 1509 393 1582 είς
415 1508 447 1570 τὸ
472 1519 591 1590 πρῖιγμα
607 1509 684 1582 τοὺς
702 1508 825 1589 νόμους,
847 1509 1021 1593 παρέχονται
1039 1509 1071 1573 δέ
1088 1511 1139 1574 καλ

128 1605 202 1667 κατὰ
228 1615 281 1668 τού
304 1605 465 1688 προσώπου
489 1606 559 1687 δύο,
588 1608 639 1670 τὸν
662 1617 715 1688 τής
739 1607 912 1690 ἑταιρήσεως
933 1607 983 1669 καλ
1005 1608 1057 1671 τὸν
1079 1618 1138 1671 τῶν

128 1701 307 1783 ὀφειλόντων
339 1709 379 1790 τῷ
412 1704 560 1790 δημοσίῳ,
592 1703 642 1766 καλ
669 1704 744 1782 φασί
769 1703 821 1766 τόν
850 1699 1046 1786 Ἀνδροτίωνα
1072 1702 1136 1768 κατ’

128 1799 313 1884 ἀμφοτέρους
340 1798 446 1881 ἀτιμον
473 1795 561 1862 εἰναι·
588 1801 639 1864 καί
661 1801 717 1884 γὰρ
739 1809 962 1884 πεπορνεῦσθαι
983 1802 1033 1866 καλ
1054 1803 1137 1887 γρέος

10 1916 14 1931 ·
127 1904 264 1986 πατρῷον
287 1896 415 1977 ὀφείλειν
438 1909 473 1984 τῇ
496 1898 586 1960 πόλει.

464 2082 579 2133 ΕΤΕΡΔ
597 2079 797 2133 ΤΠΟΘΕΣΙΣ.

216 2190 366 2274 Διύφοροι
391 2185 461 2271 παρ’
483 2186 656 2271 Ἀθηναίοις
681 2190 815 2274 ύπήρχου
838 2189 936 2274 ἀρχαί,
963 2183 1006 2254 ὧν
1029 2191 1063 2253 αἰ
1083 2190 1136 2273 μέν

128 2289 282 2372 κληρωταί,
305 2288 339 2348 αί
359 2284 391 2349 δέ
412 2288 625 2369 χειροτονηταί,
648 2288 682 2350 αί
702 2286 733 2350 δὲ
757 2289 875 2370 αἱρεταί.
920 2287 970 2351 καλ
992 2289 1137 2368 κληρωταὶ

129 2385 182 2468 μὲν
205 2386 239 2448 αἰ
257 2385 330 2446 κατά
352 2390 462 2466 κλήρου
484 2385 647 2467 γινόμεναι,
669 2384 709 2459 ώς
732 2387 766 2447 αῖ
785 2395 844 2447 τῶν
865 2387 1021 2466 δικαστῶν,
1043 2409 1136 2470 χειρο-

128 2482 247 2563 τονηταί
270 2480 302 2544 δέ
325 2483 359 2543 αι’
377 2481 450 2543 κατὰ
473 2484 654 2566 χειροτονίαν
675 2492 728 2544 τοῦ
748 2482 844 2563 δήμου
862 2483 1025 2565 γινόμεναι,
1048 2481 1087 2558 ώς
1106 2485 1140 2546 αἰ

127 2590 185 2644 τῶν
208 2588 386 2662 στρατηγῶν,
409 2580 519 2662 αἰρεταί
541 2578 573 2642 δέ
597 2580 630 2640 αἰ
649 2579 722 2641 κατά
746 2580 868 2661 αἵρεσιν,
890 2577 930 2653 ὡς
954 2581 988 2641 αι’
1006 2589 1065 2643 τῶν
1088 2604 1137 2663 χο·

127 2688 235 2762 ρηγῶν.
256 2678 369 2740 τούτων
393 2678 445 2756 μία
467 2670 506 2757 ἧν
528 2685 587 2738 τῶν
610 2681 766 2755 κληρωτῶν
789 2675 809 2756 ή
832 2676 926 2759 βουλὴ
949 2685 1008 2738 τῶν
1030 2699 1136 2740 πεντα·

127 2776 244 2838 κοσίωυ.
288 2783 348 2836 τῶν
376 2774 576 2836 πεντακοσίων
603 2770 636 2835 δὲ
664 2773 783 2853 εἴπομεν
810 2773 884 2856 πρὸς
912 2771 1136 2854 ἀντιδιαστολήν

127 2883 179 2954 τής
205 2871 238 2934 έν
263 2867 362 2958 Ἀρείφ
387 2871 480 2957 πάγφ.
525 2872 580 2935 εἰσί
603 2869 635 2934 δὲ
658 2873 771 2934 τούτων
795 2870 936 2952 διαφοραί
957 2879 1042 2954 τρεῖς.
1086 2873 1137 2935 καλ

128 2969 227 3052 πρώτη
253 2967 314 3031 έστλ
339 2967 372 3030 τὸ
396 2967 452 3047 τήν
474 2977 533 3030 τών
555 2969 755 3031 πεντακοσίων
778 2967 814 3029 τά
837 2969 964 3048 δημόσια
981 2970 1136 3052 πράγματα

8 3127 10 3136 ,
128 3069 265 3146 διοικεῖν,
291 3065 345 3145 τὴν
373 3063 405 3128 δὲ
429 3063 462 3128 έν
487 3060 587 3154 Ἀρείφ
609 3067 693 3153 πάγφ
716 3065 752 3127 τά
773 3065 885 3144 φονικὰ
908 3066 1010 3146 μόνον.
1055 3068 1083 3130 εἰ
1105 3068 1137 3130 δέ

128 3190 170 3239 τις
193 3166 272 3228 εἰποι
293 3165 338 3226 ὅτι
359 3161 409 3225 καλ
432 3163 506 3243 αύτη
531 3163 656 3246 δημόσια
679 3159 793 3250 διώκει,
821 3162 941 3246 λε’γομεν
958 3164 1024 3245 ότι,
1045 3161 1136 3245 ήυίκα

128 3264 246 3345 μεγίστη
268 3261 382 3343 ἀνάγκη
404 3259 547 3343 ἐγίγνετο,
578 3263 639 3325 τότε
662 3261 756 3344 μόνον
778 3259 844 3342 περί
867 3261 1020 3341 δημοσίων
1043 3264 1136 3343 συνή·

102 3374 200 3442 ὶγετο.
237 3356 356 3440 δευτέρα
379 3358 518 3440 διαφοραί,
541 3359 586 3421 δτι
607 3356 626 3438 ἡ
650 3355 703 3440 μέν
722 3367 781 3420 τῶν
798 3359 998 3421 πεντακοσίων
1017 3357 1135 3447 ἀριθμῷ

128 3455 285 3518 ύποπίπτει
307 3453 469 3540 ὡρισμένῳ,
491 3451 511 3534 ή
536 3453 567 3518 δὲ
591 3454 724 3540 ἀορίστῳ.
763 3452 803 3528 ώς
824 3455 880 3538 γάρ
903 3478 979 3530 τινες
1002 3465 1061 3517 τῶν
1083 3458 1136 3540 ρη-

130 3553 221 3634 τόρων
249 3551 378 3634 λέγουσι,
406 3545 470 3616 κατ’
495 3550 558 3628 ἔτος
586 3553 618 3614 οἰ
637 3551 722 3616 έννία
745 3551 882 3635 ἀρχοντες
905 3553 980 3640 αὐτῇ
1002 3557 1135 3638 προσετί-
