2614 3904
466 109 470 114 ¹
501 150 600 202 111>02
619 151 791 202 ουεωοεε
809 154 839 203 ε.
1108 149 1171 214 371

162 304 280 372 ἅπαντ’
316 308 513 392 ἐξενεγκεῖν,
550 310 608 374 τὸν
645 305 676 374 δ’
712 307 795 392 ὑπὲρ
831 319 888 392 της
919 309 1176 386 ἀπολελοιπυίας

162 413 363 498 πράττοντα,
395 410 479 499 ὑπὲρ
508 409 547 498 ἧς
575 414 838 499 ἀποτετιμῆσθαί
862 434 946 498 φησι
974 417 1010 482 τὸ
1038 419 1174 500 χωρίον,

163 522 344 603 φαίνεσθαι
368 515 445 605 μηδ’
467 516 549 602 ὑπὲρ
573 519 647 597 ἑνὸς
668 522 797 586 τούτων
816 520 1076 604 ἀγανακτοῦντα,
1099 515 1172 586 ἀλλ’

120 649 149 689 ιο
162 624 304 709 ἡσυχίαν
324 628 448 710 ἔχοντα.
480 621 571 692 ταῦτ’
590 627 631 691 ού
649 628 754 709 πολλὴ
773 625 958 709 περιφάνει’
977 626 1060 706 ἐστίς
1079 623 1170 691 ταῦτ’

165 731 224 814 ούχ
244 730 493 817 ὁμολογουμένη
513 736 709 817 προστασίας
730 731 850 816 φήσειέ
865 726 896 814 γ’
918 734 960 797 άν
978 756 1037 812 τις,
1056 735 1087 798 εί
1105 734 1174 797 δια-

164 834 317 919 λογίζοιτ’
349 837 461 922 ὀρθῶς
493 835 599 903 ἕκαστ’
632 839 751 904 αὐτῶν.
798 839 842 916 ὡς
868 843 986 904 τοίνυν
1012 841 1175 922 ὡμολόγει

164 938 225 1025 μὲν
253 942 381 1008 ἐκεῖνον
407 955 581 1027 γεωργεῖν,
610 941 690 1027 πρὶν
716 943 875 1027 γενέσθαι
897 946 959 1028 τὴν
982 946 1078 1030 δίκην
1102 941 1175 1027 ἐμοὶ

164 1049 247 1130 πρὸς
274 1047 390 1130 αὐτόν,
417 1046 501 1134 ὑπὲρ
530 1047 565 1115 δέ
592 1059 654 1114 τοῦ
681 1051 725 1134 μὴ
749 1062 919 1116 συνοικεῖν
941 1053 1002 1135 τὴν
1025 1050 1175 1134 ἀδελφὴν

165 1153 226 1218 οὐκ
254 1152 397 1238 ἠθέλησε
424 1158 629 1238 ποιήσασθαι
653 1158 714 1239 την
737 1159 903 1242 βάσανον,
930 1156 951 1240 ἡ
974 1161 1117 1241 γεωργία
1140 1153 1172 1221 δ’

165 1259 386 1342 ἐξεσκευάσθη
410 1262 491 1346 μετὰ
512 1263 574 1346 τὴν
597 1264 694 1345 δίκην
717 1264 804 1347 πλὴν
827 1273 894 1328 τῶν
917 1263 1069 1346 ἐγγείων,
1095 1257 1175 1346 λαβὲ

163 1369 222 1443 τάς
245 1371 426 1452 μαρτυρίας
448 1365 503 1434 καὶ
526 1369 708 1451 ἀνάγνωθι.
1283 1365 1285 1369 ’

565 1579 769 1633 ΜΔΡΤΤΡΙΑῙ.

124 1709 150 1747 ει
251 1680 343 1769 Ἐμολ
377 1687 494 1750 τοίνυν
527 1686 698 1752 τοσούτων
729 1686 947 1771 ὑπαρχόντων
978 1689 1174 1772 τεκμηρίων,

166 1788 226 1873 ούχ
253 1785 359 1873 ἥκιστ’
385 1791 483 1867 αὐτὸς
510 1791 633 1870 ἔδειξεν
657 1789 800 1875 Ὀνήτωρ
807 1840 816 1875 ,
846 1793 895 1858 ὁτι
924 1793 986 1858 οὐκ
1008 1792 1175 1875 ἀληθινὴν

166 1894 341 1979 ἐποιήσατο
373 1900 435 1980 τὴν
467 1897 651 1973 ἀπόλειψιν.
702 1889 728 1985 β
761 1899 824 1981 γάρ
856 1908 999 1982 προσῆκε
1027 1902 1175 1982 χαλεπῶς

166 1999 293 2083 φέρειν,
316 2003 348 2066 εί
367 2002 428 2084 τὴν
451 2011 572 2085 προῖκα
596 2003 687 2084 δοὺς,
710 2002 754 2080 ὥς
778 2019 891 2086 φησιν,
916 2001 985 2068 ἀντ’
1012 2002 1175 2088 ἀργυρίου

165 2110 288 2189 χωρίον
316 2106 629 2191 ἀμφισβητούμενον
656 2107 899 2191 ἀπελάμβανεν,
927 2102 1024 2184 οὗτος
1047 2108 1107 2192 οὐχ
1131 2108 1176 2184 ὡς

167 2212 328 2296 διάφορος
360 2209 433 2277 οὐδ’
464 2211 509 2288 ὡς
540 2207 771 2297 ἀδικούμενος,
805 2209 877 2280 ἀλλ’.
906 2214 951 2291 ἀς
977 2217 1176 2290 οἰκειότατος

95 2396 98 2400 ¹
166 2318 301 2382 πάντων
324 2317 384 2398 την
406 2320 489 2402 πρὸς
511 2315 565 2402 ἐμὲ
584 2320 681 2404 δίκην
701 2320 788 2407 αὐτῷ
808 2324 1057 2403 συνηγωνίζετο.
1093 2315 1175 2403 κάμέ

166 2417 227 2506 μέν
254 2431 540 2506 συναποστερῆσαι
567 2421 635 2508 μετ’
665 2423 795 2489 ἐκείνου
821 2436 889 2490 τῶν
915 2423 1076 2513 πατρῴων
1104 2425 1175 2491 ἐπε-

165 2531 313 2613 χείρησε,
340 2521 419 2591 καθ’
449 2528 531 2592 ὅσον
558 2528 656 2604 αύτὸς
684 2521 754 2605 οἷός
779 2527 808 2594 τ’
834 2525 892 2612 ἣν,
919 2525 978 2614 ὑφ’
1005 2525 1046 2596 ού
1073 2531 1175 2596 κακὸν

167 2631 240 2700 οὐδ’
269 2632 384 2698 ὁτιοῦν
410 2629 453 2717 ην
480 2635 671 2711 πεπονθώς·
700 2629 830 2723 Ἀφόβω
859 2632 905 2719 δ’,
933 2635 973 2702 δν
1001 2636 1176 2721 ἀλλότριον

166 2735 252 2805 εἶναι
279 2746 424 2822 προσῆκε
452 2741 614 2824 νομίζειν,
644 2747 677 2806 εί
699 2764 731 2805 τι
758 2743 886 2806 τούτων
914 2737 1036 2824 ἀληθὲς
1063 2739 1104 2826 ἧν
1128 2738 1175 2808 ὧν

166 2855 229 2910 νῦν
257 2844 407 2929 λέγουσι,
438 2843 493 2910 καὶ
520 2845 605 2928 τάμδι
631 2847 714 2931 πρὸς
740 2857 810 2923 τοῖς
836 2846 966 2912 ἐκείνου
993 2860 1176 2930 περιποιεῖν

123 2994 150 3032 „2
166 2952 329 3036 ἐζήτησεν.
365 2948 421 3015 καὶ
444 2951 487 3016 ού
504 2953 609 3035 μόνον
630 2951 775 3016 ἐνταῦθα
794 2946 884 3018 τοῦτ’
905 2952 1070 3036 ἐποίησεν,
1093 2953 1175 3019 ἀλλὰ

165 3057 220 3124 καλ
247 3056 518 3141 κατεγνωσμένης
538 3058 603 3140 ἤδη
627 3066 684 3141 τῆς
708 3059 815 3143 δίκης,
844 3057 968 3142 ἀναβάς
992 3058 1043 3124 ἐπὶ
1065 3061 1102 3126 τὸ
1127 3062 1175 3125 δι-

107 3239 109 3246 ⁴
164 3168 343 3249 καστήριον
372 3161 474 3228 ἐδεῖθ’
502 3163 658 3229 ἱκετεύων
681 3161 764 3247 ὑπὲρ
788 3165 891 3230 αὐτοῦ
914 3164 968 3230 καί
991 3165 1175 3249 ἀντιβολῶν

165 3269 220 3337 καί
253 3271 394 3354 δάκρυσι
428 3271 538 3335 κλάων
570 3271 733 3338 ταλάντου
765 3281 912 3354 τιμῆσαι,
948 3269 1003 3336 καὶ
1034 3273 1162 3336 τούτων
1176 3285 1226 3334 8⁷³

165 3377 265 3454 αὐτὸς
286 3371 425 3459 ἐγίγνετ’
447 3375 613 3459 ἐγγυητής.
654 3375 708 3441 καὶ
728 3374 825 3440 ταῦθ’
849 3377 1096 3461 ὁμολογούμενα
1115 3379 1175 3461 μέν

165 3483 232 3548 ἐστι
265 3485 485 3566 πολλαχόθεν·
518 3483 554 3547 οἵ
579 3505 617 3546 τε
646 3483 710 3565 γάρ
740 3481 776 3547 ἐν
803 3491 847 3568 τῷ
877 3483 1074 3568 δικαστηρίω
1102 3484 1174 3545 τότε

714 3585 716 3588 ’
958 3586 1012 3637 24*
