2616 3910
159 159 225 224 446
450 161 574 216 xxm.
597 160 876 214 ΔΗΜΟΣΘΕΝΟΤΣ

161 323 207 398 είς
231 323 289 399 τὰς
312 323 525 407 λῃτουργίας,
554 321 642 405 ὅμως
665 320 918 400 ἀλαζονεύσεται
940 317 995 386 καί
1018 343 1179 404 τριηραρ-

118 445 146 484 ⁴²
160 430 234 512 χίας
260 427 331 512 ἐρεῖ
354 425 410 494 καὶ
436 429 602 512 χορηγίας.
647 426 711 510 ἐγὼ
739 421 784 510 δ’,
812 427 857 502 ὡς
884 422 946 511 μὲν
974 427 1036 492 οὐκ
1063 426 1179 510 ἀληθῆ

160 529 251 599 ταῦτ’
282 532 363 618 ἐρεῖ,
399 531 561 616 ἐπέδειξα,
598 527 690 615 οἶμαι
721 531 850 617 μέντοι,
886 531 949 598 κάν
982 534 1014 598 εί
1044 535 1178 613 [ταῦτα]

160 634 258 704 πάντ’
276 640 385 725 ἀληθῆ
403 638 506 723 λέγοι,
525 640 662 706 κάλλιον
680 633 768 705 εἶναι
785 636 842 704 καὶ
857 639 1065 722 δικαιότερον
1078 631 1175 703 τόνδ’

162 743 226 810 ἀπὸ
251 757 319 812 τῶν
348 747 452 812 αὑτοῦ
477 751 674 832 λῃτουργεῖν
696 744 791 831 ὑμῖν,
819 743 840 829 ἢ
863 745 969 833 τούτῳ
991 745 1113 820 δόντας
1133 745 1179 808 τδι

160 851 270 933 τοῦδε,
281 852 381 937 μικρὰ
393 863 462 917 τῶν
475 853 610 918 πάντων
624 852 747 928 αὐτοὺς
761 853 992 935 μετασχόντας,
1001 851 1098 916 τόνδε
1113 845 1179 934 μέν

162 955 199 1022 ἐν
226 968 298 1034 ταῖς
324 958 474 1042 ἐσχάταις
501 957 642 1034 ἐνδείαις
670 957 768 1042 ὁρᾶν,
796 966 917 1023 τοῦτον
940 953 971 1022 δ’
997 956 1179 1042 ὑβρίζοντα

122 1079 149 1120 ⁴³
162 1060 218 1128 καὶ
241 1064 289 1140 είς
310 1063 393 1148 άπερ
416 1070 538 1130 είωθεν
562 1063 791 1129 ἀναλίσκοντα.
829 1062 912 1128 ἀλλὰ
935 1063 1001 1146 μήν
1023 1061 1178 1147 περὶτῆς

161 1161 193 1252 γ’
215 1168 382 1253 εὐπορίας,
406 1169 450 1247 όις
473 1169 509 1235 ἐκ
531 1179 599 1235 τῶν
620 1177 682 1235 τοῦ
704 1169 827 1253 πατρὸς
849 1177 909 1235 τοῦ
933 1177 995 1233 σοῦ
1013 1167 1177 1253 κέκτηται,

162 1272 217 1339 καὶ
250 1268 298 1340 ὧν
326 1274 504 1360 ἐρωτήσειν
532 1277 681 1359 ἔφησθα,
713 1277 822 1340 πόθεν
848 1275 889 1340 τά
917 1275 998 1340 ὄντα
1024 1273 1177 1358 κέκτηται

166 1383 335 1465 Φορμίων,
359 1383 451 1469 μόνῳ
473 1391 541 1446 τῶν
565 1381 672 1445 ὄντων
693 1379 883 1464 ἀνθρώπων
902 1377 956 1446 σοί
973 1388 1094 1447 τοῦτον
1113 1381 1177 1446 οὐκ

164 1482 267 1551 ἔνεστ’
285 1488 390 1552 είτιεῖν
408 1487 468 1551 τὸν
486 1487 595 1568 λόγον.
627 1483 707 1550 οὐδὲ
725 1487 788 1569 γάρ
804 1489 942 1552 Πασίων
960 1485 979 1552 ό
995 1487 1054 1562 σὸς
1067 1487 1176 1570 πατὴρ

163 1588 319 1674 ἐκτήσαθ’
351 1591 459 1675 εὑρὼν
492 1587 572 1657 οὐδὲ
602 1600 662 1657 τοῦ
691 1593 814 1677 πατρὸς
841 1591 930 1680 αὐτῷ
955 1592 1176 1676 παραδόντος,

164 1695 235 1762 ἀλλ’
257 1696 386 1782 ήπαρά
401 1707 473 1774 τοῖς
491 1696 596 1763 αὑτοῦ
618 1699 746 1782 κυρίοις
766 1694 969 1762 Ἀντισθένει
991 1695 1047 1762 καὶ
1066 1694 1176 1782 Ἀρχε-

164 1804 292 1891 στράτῳ
314 1803 582 1888 τραπεζιτεύουσι
605 1813 724 1887 πεῖραν
748 1803 843 1884 δούς,
869 1803 919 1867 ὅτι
941 1805 1082 1887 χρηστός
1105 1803 1174 1868 ἐστι

125 1926 149 1966 u
163 1906 218 1973 καὶ
242 1909 380 1991 δίκαιος,
403 1907 592 1992 ἐπιστεύθη.
639 1906 761 1974 ἔστιδ’
789 1908 827 1974 ἐν
850 1908 995 1996 ἐμπορίῳ
1018 1907 1074 1973 καὶ
1096 1912 1174 1994 χρή-

163 2031 265 2098 μασιν
283 2013 512 2100 ἐργαζομένοις
530 2013 723 2099 ἀνθρώποις
742 2014 903 2099 φιλεργὸν
922 2013 1015 2092 δόξαι
1028 2012 1083 2080 καί
1096 2039 1175 2100 χρη-

164 2121 244 2186 στὸν
275 2115 360 2186 εἶναι
391 2121 451 2185 τὸν
483 2120 586 2186 αὐτὸν
616 2122 815 2204 θαυμαστὸν
843 2119 969 2203 ἡλίκον.
1015 2117 1085 2186 οὔτ’
1112 2115 1175 2186 οὖν

164 2225 277 2314 ἐκείνῳ
308 2221 406 2291 τοῦθ’
437 2226 472 2292 οί
500 2226 610 2311 κύριοι
637 2224 847 2311 παρέδωκαν,
880 2221 953 2292 ἀλλ’
982 2226 1081 2303 αὐτὸς
1108 2230 1175 2310 έῳυ

162 2334 312 2417 χρηστός,
336 2333 412 2398 οὔτε
433 2327 512 2421 τῷδ’
533 2332 553 2398 δ
575 2333 633 2410 σὸς
655 2335 776 2417 πατήρ·
799 2329 836 2398 σέ
859 2333 923 2417 γάρ
942 2330 984 2398 ἂν
1002 2334 1165 2416 πρότερον
1174 2343 1224 2392 95⁸

162 2439 261 2503 τοῦδε
283 2440 428 2523 χρηστὸν
446 2437 611 2523 ἐποίησεν,
635 2440 666 2503 εί
682 2433 725 2522 ἦν
743 2436 792 2503 ἐπ’
816 2437 939 2528 ἐκείνῳ.
977 2439 1008 2502 εί
1025 2435 1062 2504 δέ
1078 2437 1170 2504 τοῦτ’

164 2543 310 2626 ἀγνοεῖς,
338 2545 389 2609 ότι
416 2546 524 2622 πίστις
552 2544 686 2629 ἀφορμὴ
713 2555 781 2609 τῶν
807 2555 923 2609 πασῶν
946 2543 1014 2610 ἐστι
1037 2546 1173 2629 μεγίστη

163 2651 246 2732 πρὸς
267 2651 505 2736 χρηματισμὸν,
528 2659 595 2715 πᾶν
616 2648 658 2714 δν
677 2649 881 2733 ἀγνοήσειας.
919 2648 1020 2735 χωρίς
1043 2647 1080 2716 δὲ
1097 2651 1174 2716 τού-

163 2780 231 2822 των
261 2757 367 2823 πολλδ
393 2755 447 2823 καὶ
474 2766 520 2844 τῷ
548 2765 595 2844 σῳ
623 2754 721 2841 πατρὶ
749 2754 804 2820 καὶ
830 2753 885 2822 σοί
911 2753 967 2820 καὶ
994 2756 1079 2834 ὅλως
1104 2767 1174 2834 τοῖς

165 2861 334 2947 ὑμετέροις
356 2864 524 2948 πράγμασι
550 2865 709 2947 Φορμίων
731 2861 870 2946 γέγονεν
892 2864 1055 2947 χρήσιμος.
1098 2859 1170 2928 ἀλλ’

165 2963 256 3053 οἶμαι
281 2977 339 3053 τῆς
366 2977 427 3052 σῆς
455 2969 635 3054 ἀπληστίας
660 2967 716 3034 καὶ
743 2977 803 3033 τοῦ
826 2976 889 3033 σοῦ
911 2971 1037 3051 τρόπον
1059 2972 1110 3046 τίς
1131 2968 1174 3035 άν
1291 3037 1292 3064 χ

125 3093 150 3133 ιε
165 3071 293 3140 δύναιτ’
321 3073 510 3159 ἐφικέσθαι;
540 3071 595 3140 καί
619 3075 701 3158 δῆτα
723 3073 882 3158 θαυμάζω
905 3083 974 3148 πῶς
997 3073 1038 3140 οὐ
1060 3077 1173 3160 λογίζη
1291 3091 1292 3100 ’

84 3241 88 3245 ,
164 3185 247 3267 πρὸς
265 3184 416 3263 σεαυτόν,
440 3182 490 3247 ότι
508 3183 598 3246 ἔστιν
617 3175 849 3268 Ἀρχεστράτῳ,
872 3187 917 3268 τῷ
938 3175 1017 3245 ποτέ
1033 3181 1094 3245 τὸν
1113 3183 1173 3246 σὸν

164 3285 288 3372 πατέρα
310 3286 518 3377 κτησαμένῳ,
542 3288 614 3364 υίὸς
637 3280 768 3369 ἐνθάδ’,
792 3282 999 3370 Ἀντίμαχος,
1021 3287 1174 3371 πράττων

166 3391 207 3456 οὐ
225 3389 296 3456 κατ’
314 3391 421 3476 άξίαν,
440 3394 476 3472 ὃς
495 3394 536 3460 οὐ
555 3395 720 3473 δικάζεταί
731 3411 796 3476 σοι,
816 3389 895 3458 οὐδὲ
910 3393 1004 3459 δεινά
1017 3408 1100 3476 φησι
1114 3393 1173 3458 πά-

167 3510 269 3577 σχειν,
292 3499 324 3561 εί
345 3500 387 3562 σὺ
408 3494 469 3580 μὲν
488 3501 627 3583 χλανίδα
646 3510 773 3584 φορεῖς,
795 3496 850 3564 καὶ
868 3499 930 3582 τήν
947 3494 1008 3580 μὲν
1027 3496 1174 3578 λέλυσαι,
1263 3549 1265 3552 -
