2938 4180
505 455 589 507 Κετ·
608 457 872 510 ιωεεοναιαοε.
1131 455 1193 521 13ῖ

186 621 234 699 φή
258 620 375 698 καλῶς,
399 614 512 700 μηκέτι
534 617 593 681 τὸν
615 625 699 683 νοῦν
722 617 766 694 ὡς
789 617 925 684 ἐπιεικεῖ
944 618 1129 704 προσέχειν,
1153 616 1195 684 διν

187 716 225 785 δέ
243 731 360 804 κακῶς,
379 723 414 785 τί
429 721 470 804 δή
489 719 580 788 ταῦτ’
599 729 649 788 εἰα
669 722 806 806 φάσκων
824 722 966 807 ἐπιεικής
980 720 1075 808 εἰναι,
1095 725 1195 791 πάλιν

141 845 170 884 41
186 826 288 893 αὐτὸν
321 827 469 913 ἐρωτᾶτε.
518 826 581 894 κάν
612 826 673 913 μέν
700 829 884 913 ἀντιλέγειν
910 839 973 914 φή,
1006 828 1132 915 μηδένα
1159 828 1191 895 δ’

185 933 275 1021 αὐτῷ
302 937 496 1016 πείθεσθαι,
526 933 650 999 άτοπον
678 936 786 1017 δήπου
813 945 878 1002 νῦν
901 935 1009 1018 λέγειν
1031 932 1114 1021 ὑπὲρ
1136 945 1194 1021 τῆς

185 1039 225 1104 τᾶ
248 1032 388 1122 βέλτιστ’
410 1037 484 1124 οὐχὶ
506 1039 707 1124 πειθομένης
730 1039 818 1129 αὐτῷ
841 1044 976 1126 βουλῆς·
1000 1039 1042 1108 ἀν
1063 1037 1099 1107 δέ
1118 1059 1194 1108 σιω-

185 1154 263 1227 πᾶν,
285 1154 355 1222 πῶς
373 1144 434 1210 οὐκ
453 1144 571 1228 ἀδικεῖ,
590 1147 621 1210 εἰ
637 1147 746 1231 παρὸν
764 1146 998 1233 ἐξαμαρτάνειν
1016 1147 1195 1232 μέλλοντας

185 1249 393 1336 ἀποτρέπειν,
412 1259 510 1317 τοῦτο
529 1248 590 1336 μὲν
609 1253 671 1319 οὐκ
690 1253 805 1336 ἐποίει,
823 1263 887 1320 νῦν
907 1249 943 1320 δὲ
957 1251 1065 1337 λέγειν
1077 1258 1192 1342 τολμᾷ,

186 1358 230 1434 ὡς
258 1358 311 1423 δεῖ
334 1360 413 1435 τοὺς
439 1366 582 1424 τοσαῦτα
609 1354 681 1425 κάκ’
707 1358 944 1446 εἰργασμένους
970 1371 1191 1445 στεφανῶσαι;

142 1484 172 1524 ιε
278 1459 377 1548 Οἰμαι
399 1467 516 1530 τοίνυν
539 1465 641 1531 αὐτὸν
664 1461 737 1531 οὐδ’
764 1466 899 1533 ἐκείνων
922 1465 1105 1550 ἀφέξεσθαι
1126 1479 1193 1532 τᾶν

186 1573 309 1654 λόγων,
338 1570 389 1636 ότι
414 1581 518 1638 ταῦτα
545 1570 641 1637 πάντ’
667 1572 756 1660 αὐτῷ
781 1574 837 1638 διά
858 1574 916 1651 τὰς
938 1572 1120 1659 εἰσπράξεις
1141 1571 1193 1658 γέ-

186 1700 299 1760 γονεν,
319 1674 367 1752 ἀς
394 1675 477 1759 ὑπὲρ
500 1678 595 1762 ὑμῶν
617 1678 752 1761 ὀλίγους
774 1677 944 1766 εἰσπρᾶξαι
967 1682 1067 1762 φήσει
1088 1681 1193 1745 πολλά

185 1776 322 1868 χρήματ’
348 1782 493 1860 ἀναιδῶς
520 1783 562 1849 οὐ
587 1783 749 1862 τιθέντας.
795 1783 850 1851 καί
876 1788 1095 1870 κατηγορήσει
1118 1787 1193 1852 τού-

185 1911 263 1972 των,
286 1898 420 1974 πρᾶγμα
443 1889 561 1976 ῥηίδιον
587 1886 678 1973 οἰμαι
702 1893 783 1973 [τῶν
805 1892 849 1976 μή
872 1891 1035 1958 τιθέντων
1052 1893 1110 1969 τὰς
1129 1894 1191 1966 εἰσ-

186 1994 322 2080 φοράς],
350 1992 405 2059 καί
432 1996 531 2078 φήσει
558 2005 668 2060 πᾶσαν
697 1997 812 2062 άδειαν
839 1999 974 2064 ἔσεσθαι
996 2006 1058 2065 τοῦ
1079 1997 1123 2082 μή
1147 2021 1193 2063 τι-

144 2121 173 2160 ιι
185 2100 284 2167 θέναι
303 2102 361 2178 τάς
379 2102 547 2187 εἰσφοράς,
572 2104 603 2166 εἰ
618 2098 876 2188 καταψηφιεῖσθ’
898 2103 1008 2169 αὐτοῦ.
1045 2103 1139 2188 ὑμεῖς
1158 2100 1189 2168 δ’

187 2203 350 2291 ὦᾶνδρει·
364 2205 537 2292 Ἀθηναῖοι
555 2219 687 2294 πρῶτον
705 2205 766 2294 μέν
785 2207 891 2274 ἐκεῖνο
910 2208 1122 2295 ἐνθυμεῖσθε,
1142 2211 1191 2276 ὅτι

186 2314 227 2380 οὐ
245 2312 319 2399 περὶ
336 2316 464 2380 τούτων
484 2316 632 2380 δικάσειν
651 2315 852 2400 ὀμωμόκατε,
876 2313 947 2382 ἀλλ’
969 2317 1000 2381 εἰ
1016 2317 1097 2383 κατὰ
1114 2320 1192 2394 τοὺς

185 2423 310 2505 νόμους
340 2415 386 2485 τδ
409 2418 551 2504 ψήφισμ’
583 2416 688 2504 εἰπεν,
722 2416 787 2486 εἷθ’
819 2422 869 2487 ότι
900 2421 1081 2488 πάνδεινόν
1112 2422 1191 2506 ἐστι,

184 2528 385 2611 κατηγορίαν
411 2526 613 2610 ποιούμενον
641 2526 684 2602 ὡς
712 2525 868 2592 άδιιιοῦσί
890 2549 978 2603 τινες
998 2528 1060 2611 τήν
1082 2531 1191 2614 πόλιν,

185 2633 288 2699 αὐτὸν
320 2630 435 2710 ἀξιοῦν
467 2627 514 2697 ὧν
546 2631 655 2696 ἀδικεῖ
683 2634 842 2716 μειζόνων
869 2633 975 2698 όντων
1002 2634 1045 2719 μή
1074 2636 1190 2701 δοῦναι

186 2741 294 2822 δίκην·
323 2741 408 2803 πολὺ
434 2739 498 2821 γάρ
526 2738 634 2822 δήπου
658 2739 768 2822 μεῖζόν
792 2735 856 2803 ἐστ’
884 2739 1026 2824 ἀδίκημα
1049 2742 1192 2827 γράφειν

146 2864 172 2904 ιι
185 2846 273 2930 παρά
303 2847 381 2921 τοὺς
411 2845 535 2928 νόμους
561 2842 582 2928 ή
609 2845 671 2927 τήν
698 2845 861 2929 εἰσφοράν
887 2846 931 2930 μή
957 2844 1097 2912 τιθέναι.
1141 2848 1191 2914 ότι

184 2954 301 3016 τοίνυν
320 2947 393 3014 οὐδ’
414 2952 445 3014 εἰ
462 2961 613 3035 φανερῶς
631 2952 765 3034 ἔμελλεν
784 2949 921 3027 ἁλόντος
939 2951 1060 3018 τούτου
1077 2954 1191 3038 μηδεὶς

185 3059 342 3123 εἰσοίσειν
365 3053 441 3141 μηδ’
464 3054 636 3138 ἐθελήσειν
654 3056 870 3141 εἰσπράττειν,
894 3051 967 3122 οὐδ’
989 3057 1093 3136 οὕτως
1112 3059 1190 3127 ἀπο-

185 3162 379 3249 ψηφιστέον,
404 3163 440 3228 ἐκ
461 3163 566 3228 τῶνδε
584 3163 764 3245 γνώσεσθε.
802 3163 881 3248 ὑμῖν
898 3165 986 3250 παρά
1004 3166 1061 3242 τὰς
1079 3168 1191 3252 εἰσφο-

186 3274 245 3355 ράς
266 3271 324 3346 τᾶς
347 3268 410 3335 άπὸ
429 3271 649 3352 Ναυσινίκου,
672 3263 750 3356 παρ’
771 3275 850 3347 ἰσως
868 3271 1011 3337 τάλαντα
1028 3272 1187 3356 τριακόσι’

186 3375 325 3465 ήμικρςᾶ
340 3378 452 3458 πλείω,
471 3377 626 3460 ἔλλειμμα
643 3374 780 3462 τέτταρα
793 3375 848 3441 καὶ
864 3371 929 3442 δέκ’
947 3375 1014 3442 ἐστὶ
1027 3377 1181 3462 τάλαντα,
1192 3393 1242 3442 607

187 3477 233 3547 ὧν
256 3481 334 3548 ἑπτά
353 3477 450 3558 οὗτος
469 3479 669 3567 εἰσέπραξεν,
693 3482 756 3566 ἐγὼ
777 3478 813 3548 δέ
831 3480 942 3567 τίθημ’
966 3483 1101 3551 ᾶπαντα.
1138 3484 1190 3550 ἐπὶ

186 3584 246 3671 μὲν
270 3589 311 3671 δή
334 3591 412 3665 τοὺς
433 3587 567 3665 ἑκόντας
585 3588 738 3664 τιθέντας
757 3589 798 3654 οὐ
817 3586 924 3654 δεῖσθ’
943 3585 1190 3675 Ἀνδροτίωνος,

147 3712 173 3754 ιε
188 3693 239 3760 έπί
268 3697 346 3771 τοὺς
368 3692 400 3759 δ’
427 3694 641 3773 ἐλλείποντας.
689 3697 757 3760 ἐστι
780 3697 895 3760 τοίνυν
917 3694 997 3779 ὑμῖν
1019 3695 1096 3762 νυνί
1119 3715 1189 3764 σκε-

186 3801 300 3882 πτέον,
333 3802 365 3866 εἰ
393 3800 556 3866 τοσούτου
584 3808 724 3886 τιμᾶσθε
750 3803 811 3885 τήν
837 3803 1005 3867 πολιτείαν
1032 3800 1190 3876 καὶτοὺς
