2616 3910
175 227 241 292 436
467 231 588 284 xxm
611 230 890 284 εεοιοεοοειονε

174 387 354 473 γενομένης
376 383 407 454 δ’
430 389 613 474 ἀρρωστίας
634 398 680 478 τῷ
700 393 853 455 Πασίωνι
876 390 956 473 μετά
974 397 1086 471 ταῦτα,
1111 387 1184 454 σκέ-

175 492 279 570 φάσθ’
306 493 327 558 ἃ
354 494 494 560 διέθετο.
540 489 620 578 λαβὲ
647 503 705 580 τῆς
732 496 895 579 διαθήκης
916 495 954 560 τὸ
977 493 1184 578 ἀντίγραφον

175 597 230 664 καὶ
253 601 314 684 τήν
334 601 514 684 πρόκλησιν
531 597 670 684 ταυτηνὶ
688 597 743 666 καλ
760 601 818 677 τὰς
836 603 1017 685 μαρτυρίας
1034 603 1184 682 ταυτασί,

175 701 252 788 παρ’
278 697 328 782 οἷς
351 704 389 771 αί
409 706 568 788 διαθῆκαι
589 715 722 770 κεῖνται

340 947 514 1002 Auem
551 949 776 1003 mmmmm.
812 948 1015 1022 amm

149 1075 163 1114 ε
260 1053 391 1140 Ἰθπειδή
409 1059 526 1122 τοίνυν
544 1055 562 1122 ὁ
578 1058 718 1122 Πασίων
736 1055 972 1139 ἐτετελευτήκει
990 1066 1093 1123 ταῦτα
1112 1058 1184 1123 δια-

174 1160 330 1245 θέμενος,
361 1165 519 1246 Φορμίων
546 1158 660 1227 οὑτοσὶ
686 1162 748 1246 τήν
775 1158 836 1247 μὲν
858 1173 1000 1244 γυναῖκα
1023 1163 1186 1248 λαμβάνει

176 1266 257 1331 κατὰ
278 1268 340 1350 τήν
363 1269 540 1350 διαθήκην,
562 1266 623 1333 τὸν
646 1264 682 1332 δὲ
705 1265 796 1334 παῖδ’
819 1267 1044 1350 ἐπετρόπευεν.
1081 1267 1186 1352 ἀρπά-

177 1375 288 1451 tomos
316 1369 352 1438 δέ
379 1373 500 1440 τούτου
527 1371 582 1438 καὶ
608 1371 702 1438 πόλλ’
729 1374 792 1439 ἀπὸ
819 1384 943 1439 κοινῶν
970 1385 1037 1439 τῶν
1060 1376 1186 1459 χρημά-

175 1500 244 1543 των
271 1477 460 1544 ἀναλίσκειν
483 1475 640 1562 οίομένον
663 1479 750 1561 δεῖν,
777 1481 981 1562 λογιζόμενοι
1004 1481 1087 1564 πρὸς
1109 1478 1186 1546 εἀυ-

176 1585 254 1661 τοὺς
278 1583 315 1650 οί
334 1583 518 1667 ἐπίτροποι,
547 1583 613 1666 ὅτι,
642 1585 673 1648 εί
694 1585 804 1667 δεήσει
826 1584 907 1649 κατὰ
929 1586 987 1660 τάς
1009 1585 1185 1671 διαθήκας,

177 1682 227 1753 δσ’
249 1685 291 1753 ἂν
313 1683 410 1764 οὗτος
433 1687 469 1754 ἐκ
491 1699 615 1754 κοινῶν
637 1700 704 1753 τῶν
724 1691 900 1774 χρημάτων
919 1689 1084 1776 ἀναλώση,
1107 1693 1185 1758 τού-

176 1818 246 1872 τοις
273 1793 442 1872 ἐξελόντας
469 1791 651 1878 ἀντιμοιρεὶ
678 1795 719 1858 τά
742 1795 840 1860 λοιπά
862 1791 989 1879 νέμειν,
1018 1791 1091 1861 οὐδ’
1117 1796 1183 1862 δτι-

178 1909 240 1966 οῦν
263 1902 353 1964 ἔσται
375 1901 503 1982 περιόν,
525 1902 704 1982 νείμασθαι
722 1901 761 1964 τά
780 1896 856 1964 ὄνθ’
878 1895 960 1983 ὑπὲρ
978 1909 1038 1966 τοῦ
1055 1905 1175 1980 παιδὸς
1185 1909 1233 1961 9λῖ

151 2008 336 2088 νέγνωσαν.
380 2001 434 2070 καὶ
465 2003 620 2088 νέμονται
651 2005 712 2088 τήν
744 2005 848 2087 ἀλλην
876 2003 994 2069 οὐσίαν
1020 2006 1107 2089 πλήν
1135 2003 1184 2073 ὧν

178 2106 382 2195 ἐμεμίσθωθ’
405 2108 535 2174 οὑτοσί·
558 2110 685 2174 τούτων
708 2105 745 2173 δὲ
768 2119 825 2192 τῆς
842 2110 1012 2193 προσόδου
1029 2110 1091 2192 τήν
1108 2111 1183 2195 ἡμί-

178 2234 272 2282 σειαν
302 2215 408 2303 τούτῳ
441 2214 649 2279 ἀπεδίδοσαν.
695 2215 771 2299 ἄχρι
798 2211 858 2298 μὲν
885 2209 948 2279 οὖν
974 2217 1095 2280 τούτου
1121 2227 1184 2282 τοῦ

178 2323 303 2406 χρόνον
324 2329 393 2396 πῶς
415 2312 517 2382 ἔνεστ’
540 2316 690 2398 ἐγκαλεῖν
713 2316 800 2404 αὐτῷ
825 2318 1032 2400 μισθώσεως;
1056 2319 1098 2384 οὐ
1118 2323 1182 2406 γάρ

178 2436 258 2509 νῦν,
289 2425 371 2490 ἀλλά
403 2416 469 2488 τότ’
499 2413 605 2497 εὐθὺς
632 2423 698 2486 ἔδει
725 2423 963 2505 χαλεπαίνοντα
991 2429 1182 2506 φαίνεσθαι.

178 2531 233 2598 καὶ
264 2532 330 2616 μήν
362 2524 441 2594 οὐδὲ
471 2528 529 2603 τὰς
561 2526 810 2611 ἐπιγιγνομένας
840 2527 1020 2611 μισθώσεις
1049 2531 1093 2606 ώς
1120 2533 1182 2597 οὐκ

141 2656 166 2694 1⁰
180 2639 361 2720 ἀπείληφεν
383 2631 448 2699 ἐστ’
475 2635 578 2698 εἰπεῖν
601 2632 698 2721 αὐτῷ,
744 2633 870 2718 οὐγὰρ
893 2634 934 2698 άν
955 2628 1042 2716 ποτ’,
1068 2634 1180 2720 ἐπειδὴ

180 2738 439 2825 δοκιμασθέντος
453 2736 660 2814 Πασικλέους
677 2738 895 2821 ἀπηλλάττετο
913 2742 1181 2823 τῆςμισθώσεως

179 2848 253 2930 ὅδε,
289 2839 429 2930 ἀφήκατ’
465 2841 507 2908 ἀν
543 2843 645 2908 αὐτὸν
677 2843 831 2909 ἁπάντων
860 2855 927 2909 τῶν
958 2843 1180 2931 ἐγκλημάτων,

181 2953 263 3018 άλλά
289 2946 354 3015 τότ’
381 2948 422 3014 ἀν
445 2943 630 3034 παραχρῆμ’
657 2943 810 3034 ἀπητελί,
847 2956 880 3014 εί
898 2972 929 3014 τι
952 2953 1180 3035 προσώφειλεν

180 3059 268 3142 ὑμῖν.
323 3056 367 3132 ὡς
397 3059 512 3120 τοίνυν
543 3049 633 3119 ταῦτ’
667 3053 776 3138 ἀληθῆ
807 3053 906 3138 λέγω,
942 3054 995 3121 καὶ
1027 3054 1177 3141 ἐνείμαθ’

180 3157 277 3239 οὗτος
299 3162 380 3247 πρὸς
402 3162 460 3226 τὸν
483 3159 629 3242 ἀδελφὸν
651 3157 740 3224 παλδ’
767 3161 861 3242 ὄντα,
891 3158 946 3225 καλ
968 3160 1105 3244 ἀφῆκαν
1121 3173 1180 3247 τῆς
1291 3211 1292 3216 1

180 3269 375 3353 μισθώσεως
396 3264 451 3331 καὶ
472 3277 539 3331 τῶν
557 3265 666 3330 ἀλλων
684 3264 837 3330 ἀπάντων
854 3265 1075 3349 ἐγκλημάτων,
1098 3265 1179 3351 λαβὲ

180 3371 316 3456 ταυτηνὶ
338 3373 399 3454 τήν
420 3374 612 3455 μαρτυρίαν.
