2616 3910
436 195 536 246 ΠΡΟΣ
554 195 804 248 ιιιυΣιωΑΧοα.
1061 190 1127 258 473

9 363 10 368 ’
119 355 166 418 ἐτι
194 347 225 418 δ’
251 353 486 439 ἀνδραπόδων,
513 357 569 420 καὶ
595 355 635 419 τδ
662 356 765 439 χωρία
793 350 847 418 καὶ
873 354 932 432 τδις
959 356 1129 435 συνοικίας

91 455 273 542 8έπρίανθ’
306 460 341 524 οί
370 459 556 544 ἐπίτροποι,
588 457 609 524 δ
640 457 828 543 παρέλαβον
861 453 962 525 οὗτοι.
1009 461 1040 523 εί
1068 461 1128 542 μὲν

118 559 181 631 οὖν
204 561 308 649 μηδὲν
331 565 571 650 ἠμφεσβητήθη
595 563 670 648 περὶ
693 565 821 630 τούτων
844 567 1022 649 πρότερον,
1047 559 1125 648 μηδ’

118 670 163 746 ὡς
186 670 227 735 ού
250 676 357 746 καλῶς
380 670 595 760 διῳκημένων
618 673 665 747 εἰς
688 671 784 754 δίκην
811 665 932 752 ἦλθεν,
960 672 1059 746 ἀλλος
1086 669 1128 734 ἀν

117 770 160 858 ήν
183 777 294 858 λόγος·
317 775 429 861 ἐπειδή
454 774 484 842 δ’
507 777 589 861 ὅλην
610 777 671 860 τήν
690 775 869 858 ἐπιτροπήν
888 775 1119 858 ἐγκαλέσαντες
1129 787 1179 835 εει

118 875 212 946 οὗτοι
238 879 293 946 καλ
321 884 414 960 δίκας
442 884 596 967 λαχόντες
623 879 758 966 χρήματ’
791 881 988 966 ἐπράξαντο,
1021 882 1127 946 πάντα

120 984 240 1068 [ταῦτ’]
265 987 397 1070 ἀφεῖται
421 990 503 1054 τότε.
544 988 620 1053 ούτε
643 989 706 1070 γάρ
732 981 824 1052 οὗτοι
846 987 1048 1070 τούνόματος
1071 988 1127 1071 δή-

117 1115 184 1158 που
210 1101 270 1157 τοῦ
298 1101 356 1177 τῆς
378 1093 555 1179 ἐπιτροπῆς
577 1095 635 1170 τὰς
658 1094 750 1169 δίκας
773 1093 928 1175 ἐδίωκον,
957 1093 1039 1158 ἀλλά
1061 1103 1127 1158 τῶν

116 1197 308 1284 χρημάτων,
340 1194 410 1264 οὔτ’
443 1198 563 1264 ἐκεῖνοι
590 1199 738 1282 τούνομα
764 1197 853 1263 τοῦτ’
885 1192 1050 1264 ἐωνοῦνθ’
1080 1193 1128 1264 ὧν

117 1302 292 1370 ἀπέτεισαν
316 1304 534 1387 [χρημάτων],
557 1303 640 1368 ἀλλά
662 1303 878 1387 τάγκλήματα.

89 1426 103 1468 ε
199 1407 269 1474 Ὅτι
296 1405 357 1493 μέν
385 1403 447 1474 οὖν
475 1404 523 1474 ὧν
549 1409 614 1493 πρὸ
641 1420 707 1474 τῶν
733 1408 932 1492 ἀπαλλαγῶν
958 1409 1128 1495 εἰσέπραξε

116 1526 225 1602 χρεῶν
248 1515 265 1580 δ
289 1518 408 1598 πατήρ,
432 1513 452 1598 ή
477 1515 561 1590 ὅλως
584 1517 701 1597 ἔλαβεν
724 1516 899 1598 χρημάτων
922 1515 959 1581 ἐκ
980 1525 1037 1598 τῆς
1061 1517 1128 1580 ἐπι-

116 1628 255 1706 τροπῆς,
284 1620 422 1696 οὐδενός
449 1622 514 1686 είσι
541 1621 630 1685 δίκαι
653 1621 783 1697 τούτοις
805 1618 882 1684 καθ’
908 1619 1001 1704 ήμῶν
1027 1621 1128 1704 ἀπηλ-

117 1725 309 1809 λαγμένοις,
347 1726 379 1804 ἐξ
416 1725 527 1791 αὐτῶν
562 1736 630 1791 τῶν
661 1729 774 1808 νόμων
806 1723 861 1791 καὶ
893 1735 949 1809 τής
981 1725 1129 1810 ἀφέσεως

118 1832 240 1908 ίκανῶς
270 1832 395 1907 πάντας
421 1830 565 1914 ἡγοῦμαι
595 1830 705 1915 [ὑμᾶς]
734 1830 970 1915 μεμαθηκέναι.
1015 1832 1065 1896 ὅτι
1094 1829 1124 1897 δ’

116 1937 258 2022 ὕστερον
283 1937 346 2004 οὐκ
368 1939 418 2002 ἐνι
440 1938 501 2020 τήν
525 1937 665 2020 κομιδήν
688 1942 889 2020 γεγενῆσθαι
910 1938 1038 2002 τούτων
1061 1949 1128 2002 τῶν

115 2043 291 2128 χρημάτων
330 2046 441 2125 (τοῦτο
477 2044 541 2127 γάρ
578 2044 779 2109 πλάττουσιν
815 2038 908 2108 οὗτοι
940 2042 994 2108 καὶ
1026 2045 1128 2128 παρά-

77 2169 102 2208 ω
116 2154 246 2234 γουσι),
273 2157 373 2214 τοῦτο
400 2151 563 2234 βούλομαι
592 2150 702 2228 δείξαι.
749 2150 808 2214 τὸν
834 2145 895 2233 μέν
922 2150 985 2233 γὰρ
1012 2147 1146 2231 πατέρ’-

117 2249 189 2320 οὐδ’
208 2252 250 2319 ἀν
273 2255 477 2320 αἰτιάσαιντο
502 2258 628 2338 λαβεῖν·
654 2253 804 2339 τέτταρσι
827 2255 889 2339 γὰρ
914 2253 933 2338 ή
957 2253 1044 2339 τρισί
1068 2279 1128 2338 μη-

117 2358 173 2425 σὶν
204 2359 345 2444 ὕστερον
377 2359 397 2444 ή
431 2361 606 2425 διελύσατο
634 2362 716 2444 πρὸς
743 2362 882 2437 τούτους
910 2360 1127 2444 ἐτελεύτησεν.

117 2466 161 2541 ὡς
189 2459 219 2530 δ’
246 2461 326 2530 οὐδὲ
349 2465 547 2550 Δημάρετον
576 2466 635 2530 τὸν
657 2462 917 2550 καταλειφθένθ’
943 2466 1037 2550 ήμῶν
1060 2466 1127 2532 ε’πί-

115 2593 241 2696 τροπον
269 2573 384 2653 λαβεῖν
412 2562 486 2636 οἷόν
512 2593 547 2634 τε
575 2568 643 2655 (καὶ
671 2572 734 2654 γδρ
761 2581 881 2638 τοῦτον
909 2575 1057 2656 ἐγραιγαν
1081 2575 1128 2650 είς

76 2696 101 2737 11
117 2676 154 2741 τὸ
186 2675 361 2762 ἔγκλημα),
393 2673 448 2741 καὶ
475 2674 564 2740 τοῦτ’
596 2675 755 2756 ἐπιδείξω
703 2677 949 2762 ξμέγιστοι
976 2701 1036 2760 μεν
1064 2674 1127 2743 οὖν

9 2867 10 2876 ¹
116 2781 196 2865 ήμιν
224 2783 309 2846 εἰσιν
338 2776 431 2848 οὗτοι
456 2782 630 2867 μάρτυρες
659 2783 810 2869 οὐδαμοῦ
832 2786 894 2869 γάρ
918 2785 1127 2866 φανήσονται
1178 2853 1179 2857 ,

117 2889 215 2970 δίκην
239 2889 403 2972 εἰληχότες
427 2890 522 2966 ζῶντι
543 2896 587 2974 τῷ
607 2889 805 2976 Δημαρέτῳ·
829 2889 869 2954 οὐ
887 2891 952 2973 μήν
971 2889 1054 2954 ἀλλδι
1071 2889 1126 2955 καὶ

116 2995 154 3058 τὸ
182 2990 304 3077 πρᾶγμ’
332 2994 374 3058 ἀν
400 3016 450 3070 τις
473 2992 554 3058 αὐτὸ
578 3005 710 3059 σκοπῶν
733 2993 787 3059 καὶ
810 2999 951 3077 θεωρῶν
975 2997 1057 3077 ίδοι,
1085 2995 1127 3060 ού

9 3101 10 3168 j
113 3101 219 3184 μόνον
243 3097 316 3183 οὐχὶ
340 3102 496 3183 λαβόντα,
520 3097 591 3164 ἀλλ’
615 3093 689 3164 οὐδ’
711 3101 789 3166 ε’νὸν
813 3101 901 3189 αὐτῷ
925 3103 1047 3182 λαβεῖν.
1083 3097 1126 3184 ἦν

113 3201 174 3290 μὲν
195 3206 259 3290 γὰρ
276 3206 314 3270 τὸ
333 3203 437 3291 χρέως
456 3205 492 3270 ἐν
512 3207 685 3293 Βοσπόρῳ,
710 3204 845 3288 ἀφίκετο
866 3198 896 3269 δ’
918 3205 1122 3272 οὐδεπώποτ’

113 3313 161 3387 είς
191 3313 250 3376 τὸν
282 3314 386 3377 τόπον
418 3321 538 3378 τοῦτον
569 3311 586 3376 ὁ
615 3313 821 3395 Δημάρετος·
854 3323 923 3388 πῶς
951 3307 1013 3378 οὖν
1043 3313 1124 3378 είσέ-

113 3416 251 3502 πραξενς
285 3418 408 3500 ἐπεμιγε
440 3419 481 3500 νή
510 3414 583 3500 Δί’,
617 3423 703 3482 είποι
734 3441 784 3495 τις
816 3415 872 3500 ἀν,
904 3418 963 3483 τὸν
990 3418 1123 3502 κομιού

78 3540 102 3578 12
117 3545 227 3604 μενον.
265 3533 413 3587 σκοπεῖτε
438 3524 478 3607 δή
503 3520 599 3588 τοῦθ’
622 3522 752 3588 οὑτωσί.
789 3523 930 3605 ὤφειλεν
948 3520 1116 3606 Ἑρμῶναξ
1125 3535 1176 3583 98⁸
