2590 3900
444 207 540 258 xm
557 203 826 256 Τιαοιωενονν.
1076 201 1139 267 277

128 362 302 450 Ἀθηναῖοι
324 372 448 453 κρίσεις
471 366 654 449 βούλεσθαι
677 361 732 428 καλ
754 359 916 447 πράγματ’
942 365 1041 449 ἔχειν,
1066 357 1139 429 ἀλλ’

131 471 192 537 ούιι
215 472 426 560 ἀπηλλάχθαι
448 483 516 538 τῶν
538 481 703 554 πονηρῶν.

80 591 118 632 ²0⁴
220 579 287 647 Καὶ
314 583 380 665 μήν
408 580 459 646 ὅτι
482 575 542 663 μὲν
565 581 724 663 προσήκει
746 579 871 655 πάντας
892 578 1042 657 κολάζειν
1063 580 1143 654 τοὺς

131 681 350 768 ἀδικοῦντας,Ι
371 680 409 752 εδ
437 679 501 750 οἶδ’
529 685 580 750 ὅτι
606 685 726 761 πάντες
753 682 795 749 ἀν
822 689 857 748 εί
874 705 924 762 τις
946 686 1055 769 ἔροιτο
1078 685 1142 768 φή·
1272 715 1275 722 v

131 808 235 858 σαιτε·
268 793 335 882 ὅσφ
364 787 401 858 δὲ
428 792 569 875 μάλιστα
595 799 730 872 τοῦτον,
758 788 795 867 ὃς
822 792 929 874 νόμον
956 783 1139 874 εἰσενήνοχ’
1266 790 1274 836 ⁴¹

130 895 183 962 ἐπὶ
206 898 314 984 βλάβη
334 907 395 964 τοῦ
413 899 576 981 πλήθους,
600 895 663 979 ἐγὼ
682 896 879 982 πειράσομαι
898 895 1037 975 διδάξαι.
1074 906 1143 961 τῶν

130 999 190 1084 μέν
217 1006 282 1089 γάρ
310 1008 459 1069 κλεπτῶν
486 1000 541 1068 καὶ
563 1003 765 1068 λωποδυτῶν
787 999 843 1068 καί
865 1004 905 1067 τά
927 1010 1063 1068 τοιαῦτα
1084 1024 1142 1066 κα-

129 1111 367 1194 κουργούντων
389 1109 536 1192 ἕκαστος,
559 1119 693 1194 πρῶτον
714 1105 775 1192 μέν
798 1109 844 1185 ῶς
861 1108 995 1189 ἀληθῶς
1011 1110 1072 1174 τὸν
1090 1107 1142 1174 έν-

129 1210 261 1300 τυχόντ’
288 1215 405 1299 ἀδικεῑ,
427 1213 483 1282 καί
506 1215 567 1280 οὐκ
590 1213 632 1279 ἀν
656 1205 726 1291 οἷός
747 1211 775 1279 τ’
798 1220 849 1298 είη
868 1215 992 1292 πάντας
1010 1213 1142 1280 ἐκδύειν

27 1387 30 1393 ,
131 1319 210 1387 οὐδὲ
228 1323 269 1386 τά
286 1323 422 1387 πάντων
439 1318 636 1406 ὑφελέσθαι,
656 1316 725 1386 εἶτα
739 1322 949 1406 καταισχύνει
962 1322 1024 1406 τήν
1037 1320 1142 1387 αὑτοῦ

80 1440 117 1482 ¹⁰⁶
131 1427 233 1505 δόξαν
256 1424 392 1492 καὶτὸν
415 1429 491 1510 βίον
513 1429 627 1511 μόνον.
672 1428 703 1491 εί
724 1425 764 1492 δέ
783 1450 833 1504 τις
855 1425 1002 1513 εἰσφέρει
1024 1430 1141 1510 νόμον,

130 1531 163 1612 ἐξ
191 1529 233 1600 οὗ
260 1544 329 1609 τοῖς
356 1533 442 1617 ὑμᾶς
468 1531 686 1616 βουλομένοις
713 1532 839 1598 ἀδικεῖν
861 1531 882 1616 ή
905 1527 982 1598 πᾶσ’
1008 1532 1141 1614 ἐξουσία

129 1637 184 1705 καί
208 1641 303 1706 άδεια
326 1643 509 1723 γενήσεται,
533 1633 631 1716 οὗτος
654 1639 736 1722 ὅλην
757 1638 866 1704 ἀδικεῖ
880 1640 942 1722 τήν
960 1641 1058 1704 πόλιν
1076 1637 1194 1704 καίτοι

128 1747 341 1831 καταισχύνει
369 1744 507 1821 πάντας·
538 1747 641 1829 νόμος
667 1747 730 1830 γὰρ
758 1746 893 1830 αίσχρὸς
920 1744 1001 1810 ὅταν
1027 1745 1142 1828 κύριος

128 1842 165 1936 ᾖ,
193 1860 253 1934 τῆς
275 1853 401 1928 πόλεως
424 1852 554 1928 ὄνειδός
576 1848 645 1916 ἐστι
667 1860 724 1934 τής
745 1849 903 1935 θεμένης,
927 1847 983 1915 καί
1005 1851 1141 1934 βλάπτει

129 1959 256 2034 πάντας
279 1957 353 2023 ὅσοι
375 1977 437 2043 περ
460 1955 502 2021 ἀν
525 1957 614 2045 αὐτῷ
638 1968 791 2042 χρῶνται.
826 1958 884 2022 τὸν
909 1951 971 2022 οὖν
988 1954 1043 2021 καὶ
1062 1957 1141 2039 βλά-

130 2088 224 2131 πτειν
255 2062 341 2147 ύμᾶς
372 2060 427 2128 καλ
460 2062 558 2147 δόξης
591 2063 838 2148 ἀναπιμπλάναι
866 2064 997 2147 φαύλης
1023 2060 1141 2147 έπιχει·

130 2180 266 2255 ροῦντα,
289 2179 409 2236 τοῦτον
432 2169 474 2235 ού
496 2173 725 2255 τιμωρήσεσθε
749 2173 920 2253 λαβόντεςς
946 2167 1002 2235 καὶ
1023 2171 1059 2234 τί
1078 2173 1141 2254 φή-

80 2291 117 2332 ²⁰⁶
131 2294 218 2355 σετε;
247 2279 344 2359 γνοίη
373 2270 404 2341 δ’
430 2277 473 2341 ἀν
499 2299 549 2353 τις
575 2276 663 2342 οὕτω
686 2271 822 2361 μάλισθ’
847 2274 945 2359 ἡλίκα
966 2277 1141 2360 πράγματα

131 2384 337 2459 συσκευάσας
363 2379 503 2467 γέγραφ’
535 2381 652 2465 αὐτόν,
679 2381 735 2448 καὶ
760 2380 860 2449 ταῦθ’
888 2383 933 2459 ὡς
960 2382 1140 2450 ὑπεναντία

130 2497 169 2574 τῇ
192 2489 388 2575 καθεστάση
410 2491 569 2576 πολιτεία,
592 2491 624 2554 εί
645 2485 812 2572 λογίσαιθ’
837 2488 888 2553 ὅτι
909 2489 1039 2570 πάντες,
1062 2487 1142 2554 ὅταν

130 2615 198 2660 πον
220 2595 441 2672 καταλύοντες
460 2595 521 2660 τὸν
539 2596 646 2679 δήμον
664 2595 854 2679 πράγμασιν
873 2593 1044 2679 ἐγχειρῶσι
1061 2616 1142 2659 νεω-

130 2698 252 2785 τέροις,
280 2708 379 2766 τοῦτο
406 2709 540 2766 ποιοῦσι
564 2711 697 2784 πρῶτον
720 2699 890 2782 ἁπάντων,
918 2702 1041 2765 ἔλυσαν
1062 2703 1142 2777 τοὺς

130 2808 294 2891 πρότερον
324 2807 415 2894 νόμφ
444 2803 487 2870 δι’
519 2804 683 2890 ἁμαρτίαν
708 2807 783 2872 τινδ
809 2807 934 2891 ταύτην
960 2804 1142 2892 ὑπέχοντας

80 2927 117 2970 ιω
132 2913 194 2995 τήν
213 2913 318 2996 δίκην.
351 2921 419 2988 πῶς
438 2905 501 2977 οὖν
519 2909 579 2976 ούκ
598 2909 688 2988 ἀξιος
706 2905 814 2995 οὗτος,
838 2913 869 2977 εί
886 2911 1041 2994 δυνατὸν,
1060 2911 1140 2996 τρίς,

132 3017 192 3103 οὐχ
216 3017 300 3095 ἅπαξ
323 3016 539 3099 ἀπολωλέναι,
564 3016 600 3094 ὃς
620 3009 667 3094 εἷς
686 3017 733 3082 διν
751 3015 806 3082 καὶ
824 3016 866 3082 οὐ
885 3017 993 3101 δήπου
1012 3019 1142 3102 με’λλων

130 3124 328 3190 καταλύσειν
345 3122 441 3207 ὑμᾶς,
460 3121 543 3188 ἀλλὰ
560 3122 758 3189 τούναντίον
772 3123 871 3199 αὐτὸς
885 3121 923 3189 έν
935 3123 1026 3208 ὑμῖν,
1046 3122 1088 3190 ἀν
1101 3126 1142 3190 τδ

132 3231 242 3296 δίκαια
260 3237 374 3312 ποιῆτε
390 3226 445 3293 καί
458 3230 498 3294 τά
512 3224 724 3313 προσήκοντ’,
743 3228 952 3312 ἀπολεῖσθαι,
971 3228 1060 3313 ὅμως
1073 3229 1141 3315 έμι·

131 3340 256 3420 μήσατο
279 3344 378 3401 τοῦτο
401 3333 575 3420 τάδίκημα,
597 3333 652 3400 καί
676 3335 732 3401 διά
754 3343 815 3400 τοῦ
836 3337 943 3420 νόμον
962 3336 1055 3400 λύειν
1073 3335 1141 3419 ήξί-

132 3461 217 3508 ωσεν
232 3441 290 3519 οὓς
304 3439 438 3506 δέδεκεν
446 3443 487 3505 τά
502 3443 706 3525 δικαστήρια,
720 3442 849 3523 γράψας
863 3438 1018 3521 ἀναιδῶς,
1031 3446 1065 3506 εί
1074 3463 1141 3506 τινι

130 3551 383 3632 προστετίμηται
403 3547 527 3632 δεσμοῦ
545 3545 608 3612 κάν
623 3548 661 3612 τὸ
676 3549 794 3612 λοιπόν
808 3568 874 3612 τινι
888 3547 1140 3630 προστιμήσητε,
