2612 3918
157 171 206 236 64
380 141 382 147 ’
476 173 549 226 m.
572 171 852 223 εκκοεοευουτ

157 329 193 398 δ’
222 331 347 398 είδίναι
373 335 450 418 χρή,
479 333 530 398 ὄτι
557 333 589 397 εί
614 331 658 416 μή
686 329 924 416 προύβαλόμην
952 327 1069 412 αὑτὸν,
1098 323 1172 394 ἀλλ’

157 438 375 524 ἐδικαζόμην,
401 437 578 515 οὑναντίος
603 431 684 520 ἧκεν
710 435 753 502 ἀν
780 436 886 514 εὐθύς
907 459 964 520 μοι
987 437 1099 519 λόγος,
1128 435 1174 512 ὡς

162 549 254 628 εἴπερ
271 538 315 627 ήν
336 567 369 609 τι
390 544 520 609 τούτων
542 541 679 627 ἀληθές,
699 542 953 627 προβάλλεσθαί
972 538 1005 626 μ’
1029 543 1096 607 ἔδει
1118 539 1173 606 καὶ

156 646 238 734 παρ’
265 649 349 714 αύτά
375 648 579 732 τάδικήματα
605 648 667 732 τήν
694 649 856 732 τιμωρίαν
882 652 1065 712 ποιεῖσθαι·
1096 647 1173 712 ὅτε

161 757 225 840 γὰρ
243 756 342 840 χορὸς
359 750 403 839 ήν
420 763 478 838 τής
496 756 633 837 πόλεως,
651 753 672 838 ή
691 747 719 818 τ’
736 752 839 838 ἐσθής
856 762 914 838 τῆς
932 751 1046 838 ἑορτῆς
1062 753 1173 819 εἵνεκα

161 870 251 926 πᾶσα
269 861 538 946 παρεσκευάζετο,
562 858 626 943 ἐγώ
648 854 685 925 θ’
708 859 726 926 ὁ
749 859 927 937 πεπονθὼς
948 867 1051 924 ταῦτα
1073 883 1173 944 χορη-

161 967 220 1050 γὸς
242 962 301 1050 ήν·
324 971 374 1044 τίς
396 965 439 1032 ἀν
462 961 525 1032 οὑν
548 963 791 1050 ἑτίρανέίλετο
814 967 985 1050 τιμωρίαν,
1008 963 1029 1049 ή
1051 967 1113 1050 τήν
1136 963 1173 1030 ἐκ

161 1081 222 1137 τοῦ
258 1075 365 1156 νόμου
400 1074 482 1138 κατὰ
515 1082 583 1137 τῶν
614 1069 689 1152 περὶ
721 1072 783 1154 τήν
814 1069 934 1154 ἑορτήν
965 1070 1173 1138 ἀδικούντων

116 1193 147 1232 ’ῖῑ
162 1171 282 1256 οὖσαν;
306 1174 397 1243 ταῦτ’
424 1171 462 1243 εὑ
486 1173 550 1242 οἶδ’
577 1177 628 1243 ότι
649 1174 745 1242 πάντ’
769 1176 812 1243 ἀν
834 1179 947 1260 ἔλεγεν
969 1171 1067 1253 οὑτος
1088 1180 1171 1245 τότε.

162 1283 346 1367 φεύγοντος
368 1279 430 1368 μὲν
452 1285 516 1368 γάρ
540 1278 708 1368 οἶμαικαὶ
731 1283 926 1366 ἠδικηκότος
949 1282 1029 1367 ἐστί,
1051 1285 1089 1348 τὸ
1112 1284 1172 1348 τὸν

161 1391 309 1474 παρόντα
331 1392 457 1474 τρόπον
479 1397 540 1454 τοῦ
561 1390 680 1454 δοῦναι
699 1390 796 1472 δίκην
815 1391 1090 1474 διακρουόμενον,
1112 1391 1172 1456 τὸν

162 1493 223 1560 οὑκ
246 1491 322 1560 ὄνθ’
344 1495 389 1572 ὡς
407 1496 475 1560 ἔδει
493 1493 652 1576 γενέσθαι
669 1493 788 1576 λέγειν,
813 1494 978 1559 δικαστῶν
997 1493 1036 1559 δέ
1052 1519 1089 1578 γε
1109 1511 1173 1560 σω-

162 1603 301 1684 φρόνων
323 1601 454 1677 τούτοις
475 1623 511 1665 τε
534 1601 578 1684 μή
600 1600 790 1685 προσέχειν,
820 1598 875 1666 καὶ
898 1599 938 1666 ὃν
960 1597 1002 1666 ἀν
1025 1601 1173 1686 λάβωσιν

115 1721 148 1761 2⁸
162 1705 401 1789 ἀσελγαίνοντα
419 1706 577 1784 κολάζειν.
609 1706 653 1790 μή
673 1707 714 1789 δή
732 1714 832 1772 τοῦτο
848 1705 958 1790 λέγειν
972 1705 1074 1771 αὑτὸν
1087 1706 1172 1791 ἐᾶτε,

161 1812 212 1877 ὅτι
240 1809 295 1876 καὶ
323 1811 417 1887 δίκας
445 1812 532 1886 ἰδίας
559 1805 675 1876 δίδοτ’
701 1810 719 1877 ὑ
747 1814 849 1897 νόμος
876 1835 933 1896 μοι
959 1810 1015 1877 καὶ
1037 1815 1172 1898 γραφήν

161 1915 303 2001 ὕβρεως·
334 1917 452 1982 δίδωσι
474 1917 551 2001 γάρ·
579 1914 652 1982 ἀλλ’
678 1917 723 1994 ιὺς
746 1918 787 1982 οὑ
810 1921 966 2002 πεποίηκε
989 1915 1010 1983 ἀ
1032 1923 1170 2002 κατηγό-

161 2046 261 2106 ρηκα,
290 2021 311 2106 ή
333 2023 520 2105 πεποιηκὼς
542 2022 583 2088 ού
605 2020 681 2104 περὶ
703 2022 765 2106 τήν
788 2021 907 2108 ἑορτήν
929 2022 1049 2106 ἀδικεῖ,
1071 2033 1170 2091 τοῦτο

157 2128 338 2194 δεικνύτω·
356 2137 455 2192 τοῦτο
473 2129 537 2212 γάρ
556 2128 660 2193 αὑτὸν
678 2127 742 2210 ἐγὼ
761 2127 1008 2214 προύβαλόμην,
1026 2127 1171 2216 καὶπερὶ

159 2236 282 2300 τούτου
309 2233 371 2316 τήν
396 2241 515 2317 ψῆφον
542 2239 648 2298 οίσετε
675 2241 740 2298 νῦν
765 2234 867 2318 ὑμεῖς.
913 2236 945 2300 εί
966 2229 996 2300 δ’
1022 2234 1086 2318 ἐγὼ
1109 2237 1170 2318 τήν

161 2338 214 2404 ἐπὶ
231 2351 299 2405 τῶν
319 2341 415 2404 ίδίων
434 2340 537 2404 δικῶν
555 2338 750 2417 πλεονεξίαν
768 2338 874 2422 ἀφείς,
897 2348 937 2425 τῇ
955 2343 1049 2407 πόλει
1068 2363 1170 2426 παρα-

159 2457 255 2531 χωρῶ
276 2453 334 2528 τῆς
351 2446 518 2528 τιμωρίας,
542 2441 596 2509 καὶ
614 2452 735 2509 τοῦτον
754 2445 890 2529 είλόμην
908 2447 969 2510 τὸν
986 2442 1087 2530 ἀγῶν’
1109 2442 1168 2531 ἀφ’

160 2545 202 2616 οὑ
229 2547 334 2635 μηδὲν
359 2553 428 2614 ἔστι
451 2555 561 2634 λῆμμα
583 2552 699 2634 λαβεῖν
723 2549 810 2635 ἐμοί,
837 2551 951 2635 χάριν,
979 2551 1020 2616 ού
1042 2554 1171 2638 βλάβην

160 2658 269 2740 δήπου
291 2652 380 2722 τοῦτ’
407 2653 449 2720 ἀν
473 2657 605 2731 είκότως
628 2654 757 2738 ἐνέγκοι
780 2679 837 2739 μοι
858 2649 938 2741 παρ’
962 2656 1065 2742 ὑμῶν.

115 2779 147 2820 τε
251 2755 336 2826 Οἶδα
363 2764 480 2826 τοίνυν
508 2761 558 2826 ότι
584 2758 640 2826 καὶ
669 2761 775 2849 τούτω
803 2765 913 2850 πολλῷ
941 2765 1097 2847 χρήσεται
1123 2773 1168 2854 τῷ

159 2870 247 2956 λόγῳ
276 2868 347 2951 ,,μή
374 2889 414 2951 με
437 2865 653 2950 Δημοσθένει
679 2868 866 2948 παραδῶτε·
903 2868 947 2952 μή
977 2870 1033 2933 διά
1057 2875 1169 2954 Δημο-

160 2972 288 3059 σθίυην
311 2969 343 3057 μ’
368 2970 513 3056 ἀνέλητε.
555 2972 606 3037 ότι
629 2971 735 3061 τούτῳ
758 2977 906 3056 πολεμῶ,
934 2972 990 3038 διά
1012 2976 1111 3041 τοῦτό
1134 2970 1167 3059 μ’

159 3080 392 3166 ἀναιρήσετεςίῑ
414 3079 455 3143 τά
477 3087 614 3143 τοιαῦτα
636 3078 794 3154 πολλάκις
814 3073 879 3143 οἶδ’
902 3077 953 3143 ότι
970 3079 1160 3164 φθέγξεται,
1170 3093 1217 3142 524

159 3188 362 3270 βουλόμενος
389 3186 525 3268 φθόνον
551 3181 614 3248 τιν’
642 3181 714 3267 ἐμοὶ
743 3185 799 3248 διά
820 3184 949 3249 τούτων
970 3195 1038 3250 τῶν
1060 3187 1170 3268 λόγων

115 3307 147 3348 ³⁰
160 3292 327 3374 συνάγειν.
364 3293 429 3374 ἔχει
449 3287 479 3354 δ’
502 3289 562 3374 οὑχ
581 3290 668 3355 οὑτω
686 3287 792 3373 ταῦτ’,
812 3287 885 3356 οὐδ’
908 3289 1014 3373 ἐγγύς.
1046 3291 1169 3358 οὐδένα

159 3398 221 3480 γάρ
244 3407 312 3461 τῶν
334 3395 541 3461 ἀδικούντων
562 3396 657 3480 ὑμεῖς
680 3395 794 3462 ούδενὶ
815 3407 883 3462 τῶν
906 3399 1098 3483 κατηγόρων
1119 3397 1169 3464 ἐκ·

158 3501 284 3565 δίδοτε·
308 3498 381 3566 οὐδ’
405 3501 539 3566 ἐπειδάν
562 3500 708 3587 ἀδικηθῇ
725 3525 785 3582 τις,
809 3502 853 3580 ὡς
871 3501 913 3568 ἀν
931 3502 1067 3580 ἕκαστος
1084 3503 1169 3588 ὑμᾶς
