<?xml version="1.0" encoding="UTF-8"?>
<!DOCTYPE html PUBLIC "-//W3C//DTD XHTML 1.0 Transitional//EN"
    "http://www.w3.org/TR/xhtml1/DTD/xhtml1-transitional.dtd">
<html xmlns="http://www.w3.org/1999/xhtml" xml:lang="en" lang="en">
 <head>
  <title>
</title>
<meta http-equiv="Content-Type" content="text/html;charset=utf-8" />
  <meta name='ocr-system' content='tesseract 3.04.00' />
  <meta name='ocr-capabilities' content='ocr_page ocr_carea ocr_par ocr_line ocrx_word'/>
</head>
<body>
  <div class='ocr_page' id='page_1' title='image "./orationes00demogoog_0487.png"; bbox 0 0 2614 3904; ppageno 0'>
   <div class='ocr_carea' id='block_1_1' title="bbox 158 191 870 260">
    <p class='ocr_par' dir='ltr' id='par_1_1' title="bbox 158 191 870 260">
     <span class='ocr_line' id='line_1_1' title="bbox 158 191 870 260; baseline 0 -12"><span class='ocrx_word' id='word_1_1' title='bbox 158 191 225 260; x_wconf 80' lang='lat'><strong><em>334</em></strong></span> <span class='ocrx_word' id='word_1_2' title='bbox 456 196 870 251; x_wconf 63' lang='grc' dir='ltr'><strong>ΧΧῩΠ.ΔΗΜΟΣΘΕΝοΤΣ</strong></span> 
     </span>
    </p>
   </div>
   <div class='ocr_carea' id='block_1_2' title="bbox 119 348 1304 2878">
    <p class='ocr_par' dir='ltr' id='par_1_2' title="bbox 158 348 1232 653">
     <span class='ocr_line' id='line_1_2' title="bbox 158 348 1232 444; baseline 0 -23"><span class='ocrx_word' id='word_1_3' title='bbox 158 348 317 440; x_wconf 71' lang='grc' dir='ltr'><strong><em>αύτήνδ</em></strong></span> <span class='ocrx_word' id='word_1_4' title='bbox 345 356 502 440; x_wconf 86' lang='grc' dir='ltr'><strong><em>[ἐκείνην]</em></strong></span> <span class='ocrx_word' id='word_1_5' title='bbox 528 354 578 422; x_wconf 81' lang='grc' dir='ltr'><strong><em>ἑνὶ</em></strong></span> <span class='ocrx_word' id='word_1_6' title='bbox 601 368 668 422; x_wconf 83' lang='grc' dir='ltr'><strong><em>τῶν</em></strong></span> <span class='ocrx_word' id='word_1_7' title='bbox 691 355 878 441; x_wconf 78' lang='grc' dir='ltr'><strong><em>ἐπιτρόπων</em></strong></span> <span class='ocrx_word' id='word_1_8' title='bbox 898 355 1005 444; x_wconf 75' lang='grc' dir='ltr'><strong><em>τούτῳ</em></strong></span> <span class='ocrx_word' id='word_1_9' title='bbox 1027 351 1161 438; x_wconf 79' lang='grc' dir='ltr'><strong><em>γυναῖκ’</em></strong></span> <span class='ocrx_word' id='word_1_10' title='bbox 1175 371 1232 421; x_wconf 81' lang='grc'><strong><em>831</em></strong></span> 
     </span>
     <span class='ocr_line' id='line_1_3' title="bbox 158 458 1174 551; baseline -0.003 -23"><span class='ocrx_word' id='word_1_11' title='bbox 158 463 295 528; x_wconf 75' lang='grc' dir='ltr'><strong><em>ἔδωκεν·</em></strong></span> <span class='ocrx_word' id='word_1_12' title='bbox 324 462 365 528; x_wconf 89' lang='grc' dir='ltr'><strong><em>οὐ</em></strong></span> <span class='ocrx_word' id='word_1_13' title='bbox 392 463 457 547; x_wconf 76' lang='grc' dir='ltr'><strong><em>γὰρ</em></strong></span> <span class='ocrx_word' id='word_1_14' title='bbox 485 465 550 546; x_wconf 84' lang='grc' dir='ltr'><strong><em>ἐχει</em></strong></span> <span class='ocrx_word' id='word_1_15' title='bbox 578 465 696 546; x_wconf 80' lang='grc' dir='ltr'><strong><em>λόγον,</em></strong></span> <span class='ocrx_word' id='word_1_16' title='bbox 725 460 841 551; x_wconf 74' lang='grc' dir='ltr'><strong><em>σχίζειν</em></strong></span> <span class='ocrx_word' id='word_1_17' title='bbox 869 458 929 546; x_wconf 71' lang='grc' dir='ltr'><strong><em>μὲν</em></strong></span> <span class='ocrx_word' id='word_1_18' title='bbox 955 461 996 526; x_wconf 81' lang='grc' dir='ltr'><strong><em>τὰ</em></strong></span> <span class='ocrx_word' id='word_1_19' title='bbox 1023 462 1174 546; x_wconf 90' lang='grc' dir='ltr'><strong><em>χρήματα</em></strong></span> 
     </span>
     <span class='ocr_line' id='line_1_4' title="bbox 159 564 1175 653; baseline -0.003 -20"><span class='ocrx_word' id='word_1_20' title='bbox 159 569 216 633; x_wconf 81' lang='grc' dir='ltr'><strong><em>διὰ</em></strong></span> <span class='ocrx_word' id='word_1_21' title='bbox 237 577 296 651; x_wconf 83' lang='grc' dir='ltr'><strong><em>τής</em></strong></span> <span class='ocrx_word' id='word_1_22' title='bbox 319 567 397 653; x_wconf 82' lang='grc' dir='ltr'><strong><em>ἐμής</em></strong></span> <span class='ocrx_word' id='word_1_23' title='bbox 418 570 540 653; x_wconf 89' lang='grc' dir='ltr'><strong><em>μητρὸς</em></strong></span> <span class='ocrx_word' id='word_1_24' title='bbox 560 571 677 652; x_wconf 81' lang='grc' dir='ltr'><strong><em>ζητεῖν,</em></strong></span> <span class='ocrx_word' id='word_1_25' title='bbox 701 567 759 634; x_wconf 71' lang='grc' dir='ltr'><strong><em>ἕνα</em></strong></span> <span class='ocrx_word' id='word_1_26' title='bbox 779 564 816 634; x_wconf 72' lang='grc' dir='ltr'><strong><em>δὲ</em></strong></span> <span class='ocrx_word' id='word_1_27' title='bbox 834 580 901 634; x_wconf 81' lang='grc' dir='ltr'><strong><em>τῶν</em></strong></span> <span class='ocrx_word' id='word_1_28' title='bbox 920 564 1175 650; x_wconf 77' lang='grc' dir='ltr'><strong><em>ἀπιστουμένων</em></strong></span> 
     </span>
    </p>

    <p class='ocr_par' dir='ltr' id='par_1_3' title="bbox 119 666 1304 1501">
     <span class='ocr_line' id='line_1_5' title="bbox 119 666 1173 759; baseline -0.002 -21"><span class='ocrx_word' id='word_1_29' title='bbox 119 693 145 732; x_wconf 74' lang='grc' dir='ltr'><strong><em>ιι</em></strong></span> <span class='ocrx_word' id='word_1_30' title='bbox 159 671 215 740; x_wconf 84' lang='grc' dir='ltr'><strong><em>καὶ</em></strong></span> <span class='ocrx_word' id='word_1_31' title='bbox 238 673 338 758; x_wconf 88' lang='grc' dir='ltr'><strong><em>αύτής</em></strong></span> <span class='ocrx_word' id='word_1_32' title='bbox 360 671 416 740; x_wconf 81' lang='grc' dir='ltr'><strong><em>καί</em></strong></span> <span class='ocrx_word' id='word_1_33' title='bbox 442 685 510 740; x_wconf 82' lang='grc' dir='ltr'><strong><em>τῶν</em></strong></span> <span class='ocrx_word' id='word_1_34' title='bbox 536 674 711 759; x_wconf 78' lang='grc' dir='ltr'><strong><em>χρημάτων</em></strong></span> <span class='ocrx_word' id='word_1_35' title='bbox 739 675 858 759; x_wconf 90' lang='grc' dir='ltr'><strong><em>κύριον</em></strong></span> <span class='ocrx_word' id='word_1_36' title='bbox 885 683 1002 740; x_wconf 93' lang='grc' dir='ltr'><strong><em>ποιεῖν.</em></strong></span> <span class='ocrx_word' id='word_1_37' title='bbox 1048 675 1096 738; x_wconf 79' lang='grc' dir='ltr'><strong><em>ἔτι</em></strong></span> <span class='ocrx_word' id='word_1_38' title='bbox 1123 666 1173 755; x_wconf 74' lang='grc' dir='ltr'><strong><em>δέ,</em></strong></span> 
     </span>
     <span class='ocr_line' id='line_1_6' title="bbox 158 771 1304 864; baseline -0.003 -19"><span class='ocrx_word' id='word_1_39' title='bbox 158 781 286 846; x_wconf 87' lang='grc' dir='ltr'><strong><em>τούτων</em></strong></span> <span class='ocrx_word' id='word_1_40' title='bbox 318 785 352 846; x_wconf 85' lang='grc' dir='ltr'><strong><em>εί</em></strong></span> <span class='ocrx_word' id='word_1_41' title='bbox 379 803 412 846; x_wconf 92' lang='grc' dir='ltr'><strong><em>τι</em></strong></span> <span class='ocrx_word' id='word_1_42' title='bbox 443 775 486 864; x_wconf 88' lang='grc' dir='ltr'><strong><em>ήν</em></strong></span> <span class='ocrx_word' id='word_1_43' title='bbox 513 779 651 862; x_wconf 81' lang='grc' dir='ltr'><strong><em>δληθές,</em></strong></span> <span class='ocrx_word' id='word_1_44' title='bbox 684 776 792 846; x_wconf 76' lang='grc' dir='ltr'><strong><em>οἴεσθ’</em></strong></span> <span class='ocrx_word' id='word_1_45' title='bbox 825 777 886 845; x_wconf 90' lang='grc' dir='ltr'><strong><em>ούκ</em></strong></span> <span class='ocrx_word' id='word_1_46' title='bbox 914 777 956 843; x_wconf 78' lang='grc' dir='ltr'><strong><em>δν</em></strong></span> <span class='ocrx_word' id='word_1_47' title='bbox 983 777 1089 861; x_wconf 84' lang='grc' dir='ltr'><strong><em>αὐτήν</em></strong></span> <span class='ocrx_word' id='word_1_48' title='bbox 1116 781 1174 842; x_wconf 89' lang='grc' dir='ltr'><strong><em>λα-</em></strong></span> <span class='ocrx_word' id='word_1_49' title='bbox 1303 771 1304 790; x_wconf 68' lang='grc'>’</span> 
     </span>
     <span class='ocr_line' id='line_1_7' title="bbox 159 879 1169 971; baseline -0.004 -19"><span class='ocrx_word' id='word_1_50' title='bbox 159 889 232 970; x_wconf 85' lang='grc' dir='ltr'><strong><em>βεῖν</em></strong></span> <span class='ocrx_word' id='word_1_51' title='bbox 264 887 426 952; x_wconf 87' lang='grc' dir='ltr'><strong><em>δοθεῖσαν</em></strong></span> <span class='ocrx_word' id='word_1_52' title='bbox 458 885 523 952; x_wconf 83' lang='grc' dir='ltr'><strong><em>ὑπὸ</em></strong></span> <span class='ocrx_word' id='word_1_53' title='bbox 556 895 616 952; x_wconf 84' lang='grc' dir='ltr'><strong><em>τοῦ</em></strong></span> <span class='ocrx_word' id='word_1_54' title='bbox 648 887 784 971; x_wconf 82' lang='grc' dir='ltr'><strong><em>πατρός;</em></strong></span> <span class='ocrx_word' id='word_1_55' title='bbox 819 884 857 962; x_wconf 85' lang='grc' dir='ltr'><strong><em>ὃς</em></strong></span> <span class='ocrx_word' id='word_1_56' title='bbox 882 885 944 968; x_wconf 84' lang='grc' dir='ltr'><strong><em>τήν</em></strong></span> <span class='ocrx_word' id='word_1_57' title='bbox 971 879 1032 969; x_wconf 71' lang='grc' dir='ltr'><strong><em>μὲν</em></strong></span> <span class='ocrx_word' id='word_1_58' title='bbox 1059 881 1169 967; x_wconf 86' lang='grc' dir='ltr'><strong><em>προῖκ’</em></strong></span> 
     </span>
     <span class='ocr_line' id='line_1_8' title="bbox 159 991 1174 1076; baseline -0.004 -18"><span class='ocrx_word' id='word_1_59' title='bbox 159 992 259 1076; x_wconf 78' lang='grc' dir='ltr'><strong><em>αὐτῆς</em></strong></span> <span class='ocrx_word' id='word_1_60' title='bbox 281 992 346 1076; x_wconf 88' lang='grc' dir='ltr'><strong><em>ήδη</em></strong></span> <span class='ocrx_word' id='word_1_61' title='bbox 369 993 428 1069; x_wconf 79' lang='grc' dir='ltr'><strong><em>τὰς</em></strong></span> <span class='ocrx_word' id='word_1_62' title='bbox 450 991 656 1076; x_wconf 84' lang='grc' dir='ltr'><strong><em>ὀγδοήκοντα</em></strong></span> <span class='ocrx_word' id='word_1_63' title='bbox 679 999 765 1076; x_wconf 84' lang='grc' dir='ltr'><strong><em>μνᾶς</em></strong></span> <span class='ocrx_word' id='word_1_64' title='bbox 787 993 872 1074; x_wconf 79' lang='grc' dir='ltr'><strong><em>ἔχων</em></strong></span> <span class='ocrx_word' id='word_1_65' title='bbox 895 991 940 1066; x_wconf 82' lang='grc' dir='ltr'><strong><em>ὡς</em></strong></span> <span class='ocrx_word' id='word_1_66' title='bbox 962 992 1174 1073; x_wconf 82' lang='grc' dir='ltr'><strong><em>συνοικήσων</em></strong></span> 
     </span>
     <span class='ocr_line' id='line_1_9' title="bbox 160 1093 1174 1184; baseline -0.003 -21"><span class='ocrx_word' id='word_1_67' title='bbox 160 1098 259 1184; x_wconf 83' lang='grc' dir='ltr'><strong><em>αὐτή,</em></strong></span> <span class='ocrx_word' id='word_1_68' title='bbox 287 1099 349 1181; x_wconf 85' lang='grc' dir='ltr'><strong><em>τήν</em></strong></span> <span class='ocrx_word' id='word_1_69' title='bbox 375 1098 566 1163; x_wconf 78' lang='grc' dir='ltr'><strong><em>Φιλωνίδου</em></strong></span> <span class='ocrx_word' id='word_1_70' title='bbox 592 1106 654 1163; x_wconf 86' lang='grc' dir='ltr'><strong><em>τοῦ</em></strong></span> <span class='ocrx_word' id='word_1_71' title='bbox 676 1095 846 1173; x_wconf 80' lang='grc' dir='ltr'><strong><em>Μελιτέως</em></strong></span> <span class='ocrx_word' id='word_1_72' title='bbox 873 1093 1032 1180; x_wconf 78' lang='grc' dir='ltr'><strong><em>θυγατέρ’</em></strong></span> <span class='ocrx_word' id='word_1_73' title='bbox 1060 1097 1174 1180; x_wconf 82' lang='grc' dir='ltr'><strong><em>ἔγημε·</em></strong></span> 
     </span>
     <span class='ocr_line' id='line_1_10' title="bbox 159 1196 1174 1288; baseline -0.003 -19"><span class='ocrx_word' id='word_1_74' title='bbox 159 1204 325 1288; x_wconf 79' lang='grc' dir='ltr'><strong><em>τεττάρων</em></strong></span> <span class='ocrx_word' id='word_1_75' title='bbox 348 1200 385 1270; x_wconf 72' lang='grc' dir='ltr'><strong><em>δὲ</em></strong></span> <span class='ocrx_word' id='word_1_76' title='bbox 407 1205 579 1270; x_wconf 77' lang='grc' dir='ltr'><strong><em>ταλάντων</em></strong></span> <span class='ocrx_word' id='word_1_77' title='bbox 600 1204 699 1269; x_wconf 86' lang='grc' dir='ltr'><strong><em>ἐνδον</em></strong></span> <span class='ocrx_word' id='word_1_78' title='bbox 719 1196 837 1287; x_wconf 89' lang='grc' dir='ltr'><strong><em>όντων,</em></strong></span> <span class='ocrx_word' id='word_1_79' title='bbox 861 1200 915 1267; x_wconf 82' lang='grc' dir='ltr'><strong><em>καὶ</em></strong></span> <span class='ocrx_word' id='word_1_80' title='bbox 932 1200 1022 1268; x_wconf 86' lang='grc' dir='ltr'><strong><em>ταῦτ’</em></strong></span> <span class='ocrx_word' id='word_1_81' title='bbox 1047 1201 1174 1286; x_wconf 88' lang='grc' dir='ltr'><strong><em>ἐκείνης</em></strong></span> 
     </span>
     <span class='ocr_line' id='line_1_11' title="bbox 160 1303 1174 1396; baseline -0.004 -20"><span class='ocrx_word' id='word_1_82' title='bbox 160 1309 314 1396; x_wconf 89' lang='grc' dir='ltr'><strong><em>ἐχούσης,</em></strong></span> <span class='ocrx_word' id='word_1_83' title='bbox 342 1310 387 1388; x_wconf 80' lang='grc' dir='ltr'><strong><em>ὡς</em></strong></span> <span class='ocrx_word' id='word_1_84' title='bbox 410 1303 507 1387; x_wconf 80' lang='grc' dir='ltr'><strong><em>οὗτός</em></strong></span> <span class='ocrx_word' id='word_1_85' title='bbox 530 1327 649 1393; x_wconf 87' lang='grc' dir='ltr'><strong><em>φησιν,</em></strong></span> <span class='ocrx_word' id='word_1_86' title='bbox 678 1308 739 1376; x_wconf 90' lang='grc' dir='ltr'><strong><em>ούκ</em></strong></span> <span class='ocrx_word' id='word_1_87' title='bbox 763 1307 805 1373; x_wconf 78' lang='grc' dir='ltr'><strong><em>ἂν</em></strong></span> <span class='ocrx_word' id='word_1_88' title='bbox 827 1304 958 1392; x_wconf 79' lang='grc' dir='ltr'><strong><em>ἡγεῖσθ’</em></strong></span> <span class='ocrx_word' id='word_1_89' title='bbox 985 1307 1088 1374; x_wconf 84' lang='grc' dir='ltr'><strong><em>αὐτὸν</em></strong></span> <span class='ocrx_word' id='word_1_90' title='bbox 1110 1306 1174 1374; x_wconf 87' lang='grc' dir='ltr'><strong><em>κδιν</em></strong></span> 
     </span>
     <span class='ocr_line' id='line_1_12' title="bbox 161 1411 1172 1501; baseline -0.004 -19"><span class='ocrx_word' id='word_1_91' title='bbox 161 1416 365 1501; x_wconf 90' lang='grc' dir='ltr'><strong><em>ἐπιδραμεῖν,</em></strong></span> <span class='ocrx_word' id='word_1_92' title='bbox 389 1416 472 1482; x_wconf 80' lang='grc' dir='ltr'><strong><em>ὥστε</em></strong></span> <span class='ocrx_word' id='word_1_93' title='bbox 493 1414 653 1499; x_wconf 81' lang='grc' dir='ltr'><strong><em>γενέσθαι</em></strong></span> <span class='ocrx_word' id='word_1_94' title='bbox 674 1411 743 1500; x_wconf 82' lang='grc' dir='ltr'><strong><em>μετ’</em></strong></span> <span class='ocrx_word' id='word_1_95' title='bbox 765 1414 893 1499; x_wconf 81' lang='grc' dir='ltr'><strong><em>ἐκείνης</em></strong></span> <span class='ocrx_word' id='word_1_96' title='bbox 911 1415 1021 1480; x_wconf 80' lang='grc' dir='ltr'><strong><em>αὐτῶν</em></strong></span> <span class='ocrx_word' id='word_1_97' title='bbox 1039 1415 1172 1500; x_wconf 75' lang='grc' dir='ltr'><strong><em>κύριονς</em></strong></span> 
     </span>
    </p>

    <p class='ocr_par' dir='ltr' id='par_1_4' title="bbox 120 1518 1304 2350">
     <span class='ocr_line' id='line_1_13' title="bbox 120 1518 1304 1607; baseline -0.002 -20"><span class='ocrx_word' id='word_1_98' title='bbox 120 1521 181 1606; x_wconf 64' lang='grc' dir='ltr'><strong><em>Μή</em></strong></span> <span class='ocrx_word' id='word_1_99' title='bbox 204 1523 266 1605; x_wconf 84' lang='grc' dir='ltr'><strong><em>τήν</em></strong></span> <span class='ocrx_word' id='word_1_100' title='bbox 289 1518 351 1607; x_wconf 72' lang='grc' dir='ltr'><strong><em>μὲν</em></strong></span> <span class='ocrx_word' id='word_1_101' title='bbox 373 1523 524 1606; x_wconf 79' lang='grc' dir='ltr'><strong><em>φανερὰν</em></strong></span> <span class='ocrx_word' id='word_1_102' title='bbox 548 1522 679 1606; x_wconf 88' lang='grc' dir='ltr'><strong><em>οὐσίαν,</em></strong></span> <span class='ocrx_word' id='word_1_103' title='bbox 701 1520 744 1606; x_wconf 80' lang='grc' dir='ltr'><strong><em>ήν</em></strong></span> <span class='ocrx_word' id='word_1_104' title='bbox 767 1519 823 1586; x_wconf 81' lang='grc' dir='ltr'><strong><em>καὶ</em></strong></span> <span class='ocrx_word' id='word_1_105' title='bbox 844 1520 939 1605; x_wconf 81' lang='grc' dir='ltr'><strong><em>ὑμῶν</em></strong></span> <span class='ocrx_word' id='word_1_106' title='bbox 957 1518 1076 1586; x_wconf 78' lang='grc' dir='ltr'><strong><em>πολλοὶ</em></strong></span> <span class='ocrx_word' id='word_1_107' title='bbox 1094 1537 1174 1586; x_wconf 88' lang='grc' dir='ltr'><strong><em>συν-</em></strong></span> <span class='ocrx_word' id='word_1_108' title='bbox 1302 1520 1304 1528; x_wconf 69' lang='grc'>’</span> 
     </span>
     <span class='ocr_line' id='line_1_14' title="bbox 160 1625 1174 1714; baseline -0.002 -20"><span class='ocrx_word' id='word_1_109' title='bbox 160 1625 285 1714; x_wconf 90' lang='grc' dir='ltr'><strong><em>ήδεσαν</em></strong></span> <span class='ocrx_word' id='word_1_110' title='bbox 304 1628 355 1693; x_wconf 85' lang='grc' dir='ltr'><strong><em>δτι</em></strong></span> <span class='ocrx_word' id='word_1_111' title='bbox 375 1631 589 1712; x_wconf 83' lang='grc' dir='ltr'><strong><em>κατελείφθη,</em></strong></span> <span class='ocrx_word' id='word_1_112' title='bbox 613 1629 779 1712; x_wconf 77' lang='grc' dir='ltr'><strong><em>μετὰτῶν</em></strong></span> <span class='ocrx_word' id='word_1_113' title='bbox 797 1628 1050 1712; x_wconf 87' lang='grc' dir='ltr'><strong><em>συνεπιτρόπων</em></strong></span> <span class='ocrx_word' id='word_1_114' title='bbox 1069 1626 1174 1704; x_wconf 87' lang='grc' dir='ltr'><strong><em>ούτως</em></strong></span> 
     </span>
     <span class='ocr_line' id='line_1_15' title="bbox 161 1726 1174 1820; baseline -0.001 -21"><span class='ocrx_word' id='word_1_115' title='bbox 161 1737 303 1818; x_wconf 75' lang='grc' dir='ltr'><strong><em>αἰσχρῶς</em></strong></span> <span class='ocrx_word' id='word_1_116' title='bbox 326 1735 523 1820; x_wconf 81' lang='grc' dir='ltr'><strong><em>διήρπασεν·</em></strong></span> <span class='ocrx_word' id='word_1_117' title='bbox 546 1729 594 1800; x_wconf 81' lang='grc' dir='ltr'><strong><em>ὧν</em></strong></span> <span class='ocrx_word' id='word_1_118' title='bbox 614 1728 645 1798; x_wconf 83' lang='grc' dir='ltr'><strong><em>δ’</em></strong></span> <span class='ocrx_word' id='word_1_119' title='bbox 666 1733 730 1800; x_wconf 91' lang='grc' dir='ltr'><strong><em>ούκ</em></strong></span> <span class='ocrx_word' id='word_1_120' title='bbox 749 1726 905 1819; x_wconf 87' lang='grc' dir='ltr'><strong><em>ήμέλλεθ’</em></strong></span> <span class='ocrx_word' id='word_1_121' title='bbox 926 1732 1020 1818; x_wconf 80' lang='grc' dir='ltr'><strong><em>ὑμεῖς</em></strong></span> <span class='ocrx_word' id='word_1_122' title='bbox 1038 1735 1174 1799; x_wconf 88' lang='grc' dir='ltr'><strong><em>ἐσεσθαι</em></strong></span> 
     </span>
     <span class='ocr_line' id='line_1_16' title="bbox 161 1833 1217 1928; baseline -0.001 -23"><span class='ocrx_word' id='word_1_123' title='bbox 161 1841 340 1925; x_wconf 81' lang='grc' dir='ltr'><strong><em>μάρτυρες,</em></strong></span> <span class='ocrx_word' id='word_1_124' title='bbox 368 1834 516 1925; x_wconf 77' lang='grc' dir='ltr'><strong><em>ἀπέσχετ’</em></strong></span> <span class='ocrx_word' id='word_1_125' title='bbox 543 1837 585 1906; x_wconf 86' lang='grc' dir='ltr'><strong><em>διν</em></strong></span> <span class='ocrx_word' id='word_1_126' title='bbox 613 1839 688 1918; x_wconf 81' lang='grc' dir='ltr'><strong><em>ἐξὸν</em></strong></span> <span class='ocrx_word' id='word_1_127' title='bbox 712 1839 801 1928; x_wconf 72' lang='grc' dir='ltr'><strong><em>αὐτῷ</em></strong></span> <span class='ocrx_word' id='word_1_128' title='bbox 825 1833 953 1922; x_wconf 74' lang='grc' dir='ltr'><strong><em>λαβεῖνς</em></strong></span> <span class='ocrx_word' id='word_1_129' title='bbox 982 1837 1038 1904; x_wconf 78' lang='grc' dir='ltr'><strong><em>καὶ</em></strong></span> <span class='ocrx_word' id='word_1_130' title='bbox 1059 1843 1109 1917; x_wconf 88' lang='grc' dir='ltr'><strong><em>τίς</em></strong></span> <span class='ocrx_word' id='word_1_131' title='bbox 1131 1838 1175 1905; x_wconf 75' lang='grc' dir='ltr'><strong><em>ἂν</em></strong></span> <span class='ocrx_word' id='word_1_132' title='bbox 1214 1843 1217 1848; x_wconf 81' lang='grc'><strong>’</strong></span> 
     </span>
     <span class='ocr_line' id='line_1_17' title="bbox 161 1940 1175 2027; baseline 0.001 -16"><span class='ocrx_word' id='word_1_133' title='bbox 161 1947 380 2025; x_wconf 85' lang='grc' dir='ltr'><strong><em>πιστεύσειεν;</em></strong></span> <span class='ocrx_word' id='word_1_134' title='bbox 414 1945 475 2011; x_wconf 90' lang='grc' dir='ltr'><strong><em>ούκ</em></strong></span> <span class='ocrx_word' id='word_1_135' title='bbox 507 1947 576 2010; x_wconf 86' lang='grc' dir='ltr'><strong><em>ἐστι</em></strong></span> <span class='ocrx_word' id='word_1_136' title='bbox 607 1943 698 2010; x_wconf 84' lang='grc' dir='ltr'><strong><em>ταῦτ’</em></strong></span> <span class='ocrx_word' id='word_1_137' title='bbox 729 1940 755 2010; x_wconf 79' lang='grc' dir='ltr'><strong>ὦ</strong></span> <span class='ocrx_word' id='word_1_138' title='bbox 786 1945 906 2027; x_wconf 76' lang='grc' dir='ltr'><strong><em>ἄνδρες</em></strong></span> <span class='ocrx_word' id='word_1_139' title='bbox 934 1943 1084 2011; x_wconf 80' lang='grc' dir='ltr'><strong><em>δικασταὶ</em></strong></span> <span class='ocrx_word' id='word_1_140' title='bbox 1113 1945 1175 2012; x_wconf 76' lang='grc' dir='ltr'><strong><em>οὐκ</em></strong></span> 
     </span>
     <span class='ocr_line' id='line_1_18' title="bbox 162 2047 1173 2136; baseline -0.002 -18"><span class='ocrx_word' id='word_1_141' title='bbox 162 2055 267 2134; x_wconf 86' lang='grc' dir='ltr'><strong><em>ἐστιν,</em></strong></span> <span class='ocrx_word' id='word_1_142' title='bbox 292 2051 374 2117; x_wconf 80' lang='grc' dir='ltr'><strong><em>ἀλλὰ</em></strong></span> <span class='ocrx_word' id='word_1_143' title='bbox 397 2052 438 2117; x_wconf 81' lang='grc' dir='ltr'><strong><em>τὰ</em></strong></span> <span class='ocrx_word' id='word_1_144' title='bbox 460 2047 522 2136; x_wconf 73' lang='grc' dir='ltr'><strong><em>μὲν</em></strong></span> <span class='ocrx_word' id='word_1_145' title='bbox 544 2048 704 2136; x_wconf 89' lang='grc' dir='ltr'><strong><em>χρήμαθ’,</em></strong></span> <span class='ocrx_word' id='word_1_146' title='bbox 733 2051 795 2117; x_wconf 86' lang='grc' dir='ltr'><strong><em>ὅσα</em></strong></span> <span class='ocrx_word' id='word_1_147' title='bbox 818 2049 991 2117; x_wconf 78' lang='grc' dir='ltr'><strong><em>κατέλιπεν</em></strong></span> <span class='ocrx_word' id='word_1_148' title='bbox 1014 2050 1032 2115; x_wconf 87' lang='grc' dir='ltr'><strong><em>ό</em></strong></span> <span class='ocrx_word' id='word_1_149' title='bbox 1055 2052 1173 2134; x_wconf 83' lang='grc' dir='ltr'><strong><em>πατὴρ,</em></strong></span> 
     </span>
     <span class='ocr_line' id='line_1_19' title="bbox 161 2150 1174 2242; baseline 0 -19"><span class='ocrx_word' id='word_1_150' title='bbox 161 2159 267 2224; x_wconf 81' lang='grc' dir='ltr'><strong><em>πάντα</em></strong></span> <span class='ocrx_word' id='word_1_151' title='bbox 290 2159 420 2234; x_wconf 87' lang='grc' dir='ltr'><strong><em>τούτοις</em></strong></span> <span class='ocrx_word' id='word_1_152' title='bbox 442 2156 645 2242; x_wconf 78' lang='grc' dir='ltr'><strong><em>παρέδωκεν,</em></strong></span> <span class='ocrx_word' id='word_1_153' title='bbox 669 2150 766 2233; x_wconf 81' lang='grc' dir='ltr'><strong><em>οὗτος</em></strong></span> <span class='ocrx_word' id='word_1_154' title='bbox 789 2154 836 2242; x_wconf 83' lang='grc' dir='ltr'><strong><em>δ’,</em></strong></span> <span class='ocrx_word' id='word_1_155' title='bbox 851 2153 902 2222; x_wconf 70' lang='grc' dir='ltr'><strong><em>ἵν’</em></strong></span> <span class='ocrx_word' id='word_1_156' title='bbox 925 2152 1025 2241; x_wconf 81' lang='grc' dir='ltr'><strong><em>ήττον</em></strong></span> <span class='ocrx_word' id='word_1_157' title='bbox 1046 2156 1174 2242; x_wconf 80' lang='grc' dir='ltr'><strong><em>ἐλεηθῶ</em></strong></span> 
     </span>
     <span class='ocr_line' id='line_1_20' title="bbox 162 2258 922 2350; baseline -0.001 -21"><span class='ocrx_word' id='word_1_158' title='bbox 162 2258 238 2350; x_wconf 84' lang='grc' dir='ltr'><strong><em>παρ’</em></strong></span> <span class='ocrx_word' id='word_1_159' title='bbox 264 2263 360 2348; x_wconf 86' lang='grc' dir='ltr'><strong><em>ὑμῖν,</em></strong></span> <span class='ocrx_word' id='word_1_160' title='bbox 382 2263 513 2340; x_wconf 82' lang='grc' dir='ltr'><strong><em>τούτοις</em></strong></span> <span class='ocrx_word' id='word_1_161' title='bbox 534 2274 604 2340; x_wconf 88' lang='grc' dir='ltr'><strong><em>τοῖς</em></strong></span> <span class='ocrx_word' id='word_1_162' title='bbox 627 2266 738 2346; x_wconf 84' lang='grc' dir='ltr'><strong><em>λόγοις</em></strong></span> <span class='ocrx_word' id='word_1_163' title='bbox 760 2265 922 2348; x_wconf 86' lang='grc' dir='ltr'><strong><em>χρήσεται.</em></strong></span> 
     </span>
    </p>

    <p class='ocr_par' dir='ltr' id='par_1_5' title="bbox 122 2363 1200 2878">
     <span class='ocr_line' id='line_1_21' title="bbox 122 2363 1177 2454; baseline 0 -20"><span class='ocrx_word' id='word_1_164' title='bbox 122 2387 149 2428; x_wconf 71' lang='grc' dir='ltr'><strong><em>σε</em></strong></span> <span class='ocrx_word' id='word_1_165' title='bbox 253 2370 369 2435; x_wconf 78' lang='grc' dir='ltr'><strong><em>Πολλὰ</em></strong></span> <span class='ocrx_word' id='word_1_166' title='bbox 391 2364 453 2454; x_wconf 74' lang='grc' dir='ltr'><strong><em>μὲν</em></strong></span> <span class='ocrx_word' id='word_1_167' title='bbox 476 2363 538 2434; x_wconf 85' lang='grc' dir='ltr'><strong><em>ούν</em></strong></span> <span class='ocrx_word' id='word_1_168' title='bbox 561 2367 657 2452; x_wconf 81' lang='grc' dir='ltr'><strong><em>ἔγωγ’</em></strong></span> <span class='ocrx_word' id='word_1_169' title='bbox 680 2368 741 2454; x_wconf 87' lang='grc' dir='ltr'><strong><em>ἐχω</em></strong></span> <span class='ocrx_word' id='word_1_170' title='bbox 763 2366 819 2434; x_wconf 84' lang='grc' dir='ltr'><strong><em>καὶ</em></strong></span> <span class='ocrx_word' id='word_1_171' title='bbox 837 2370 1060 2436; x_wconf 79' lang='grc' dir='ltr'><strong><em>ἄλλατούτου</em></strong></span> <span class='ocrx_word' id='word_1_172' title='bbox 1077 2391 1177 2453; x_wconf 61' lang='grc' dir='ltr'><strong><em>κατηε</em></strong></span> 
     </span>
     <span class='ocr_line' id='line_1_22' title="bbox 162 2471 1175 2561; baseline -0.001 -19"><span class='ocrx_word' id='word_1_173' title='bbox 162 2487 289 2561; x_wconf 88' lang='grc' dir='ltr'><strong><em>γορεῖν·</em></strong></span> <span class='ocrx_word' id='word_1_174' title='bbox 304 2476 341 2542; x_wconf 67' lang='grc' dir='ltr'><strong><em>ἓν</em></strong></span> <span class='ocrx_word' id='word_1_175' title='bbox 352 2471 389 2540; x_wconf 69' lang='grc' dir='ltr'><strong><em>δὲ</em></strong></span> <span class='ocrx_word' id='word_1_176' title='bbox 402 2472 478 2561; x_wconf 84' lang='grc' dir='ltr'><strong><em>περὶ</em></strong></span> <span class='ocrx_word' id='word_1_177' title='bbox 491 2475 626 2540; x_wconf 81' lang='grc' dir='ltr'><strong><em>πόντων</em></strong></span> <span class='ocrx_word' id='word_1_178' title='bbox 635 2476 818 2559; x_wconf 82' lang='grc' dir='ltr'><strong><em>κεφάλαιον</em></strong></span> <span class='ocrx_word' id='word_1_179' title='bbox 828 2475 940 2558; x_wconf 83' lang='grc' dir='ltr'><strong><em>είπύν,</em></strong></span> <span class='ocrx_word' id='word_1_180' title='bbox 955 2476 1061 2552; x_wconf 82' lang='grc' dir='ltr'><strong><em>πάσας</em></strong></span> <span class='ocrx_word' id='word_1_181' title='bbox 1071 2476 1175 2541; x_wconf 86' lang='grc' dir='ltr'><strong><em>αύτοῦ</em></strong></span> 
     </span>
     <span class='ocr_line' id='line_1_23' title="bbox 164 2577 1175 2670; baseline 0.002 -24"><span class='ocrx_word' id='word_1_182' title='bbox 164 2582 310 2648; x_wconf 83' lang='grc' dir='ltr'><strong><em>διαλύσω</em></strong></span> <span class='ocrx_word' id='word_1_183' title='bbox 333 2582 391 2658; x_wconf 75' lang='grc' dir='ltr'><strong><em>τὰς</em></strong></span> <span class='ocrx_word' id='word_1_184' title='bbox 414 2581 600 2664; x_wconf 79' lang='grc' dir='ltr'><strong><em>ἀπολογίας.</em></strong></span> <span class='ocrx_word' id='word_1_185' title='bbox 641 2581 748 2670; x_wconf 77' lang='grc' dir='ltr'><strong><em>τούτῳ</em></strong></span> <span class='ocrx_word' id='word_1_186' title='bbox 772 2582 835 2666; x_wconf 78' lang='grc' dir='ltr'><strong><em>γὰρ</em></strong></span> <span class='ocrx_word' id='word_1_187' title='bbox 859 2579 936 2666; x_wconf 79' lang='grc' dir='ltr'><strong><em>ἐξῆν</em></strong></span> <span class='ocrx_word' id='word_1_188' title='bbox 959 2577 1064 2665; x_wconf 70' lang='grc' dir='ltr'><strong><em>μηδὲν</em></strong></span> <span class='ocrx_word' id='word_1_189' title='bbox 1088 2585 1175 2666; x_wconf 85' lang='grc' dir='ltr'><strong><em>ἐχειν</em></strong></span> 
     </span>
     <span class='ocr_line' id='line_1_24' title="bbox 163 2681 1200 2773; baseline 0.001 -19"><span class='ocrx_word' id='word_1_190' title='bbox 163 2689 291 2754; x_wconf 91' lang='grc' dir='ltr'><strong><em>τούτων</em></strong></span> <span class='ocrx_word' id='word_1_191' title='bbox 317 2699 385 2753; x_wconf 80' lang='grc' dir='ltr'><strong><em>τῶν</em></strong></span> <span class='ocrx_word' id='word_1_192' title='bbox 412 2687 636 2773; x_wconf 78' lang='grc' dir='ltr'><strong><em>πραγμάτων,</em></strong></span> <span class='ocrx_word' id='word_1_193' title='bbox 656 2687 865 2771; x_wconf 85' lang='grc' dir='ltr'><strong><em>μισθώσαντι</em></strong></span> <span class='ocrx_word' id='word_1_194' title='bbox 892 2688 951 2752; x_wconf 83' lang='grc' dir='ltr'><strong><em>τὸν</em></strong></span> <span class='ocrx_word' id='word_1_195' title='bbox 977 2681 1071 2754; x_wconf 79' lang='grc' dir='ltr'><strong><em>οἷκον</em></strong></span> <span class='ocrx_word' id='word_1_196' title='bbox 1093 2687 1200 2755; x_wconf 26' lang='grc' dir='ltr'><strong><em>κατὰ*</em></strong></span> 
     </span>
     <span class='ocr_line' id='line_1_25' title="bbox 162 2789 1173 2878; baseline 0 -18"><span class='ocrx_word' id='word_1_197' title='bbox 162 2791 320 2860; x_wconf 80' lang='grc' dir='ltr'><strong><em>τουτουσὶ</em></strong></span> <span class='ocrx_word' id='word_1_198' title='bbox 338 2795 416 2871; x_wconf 84' lang='grc' dir='ltr'><strong><em>τούς</em></strong></span> <span class='ocrx_word' id='word_1_199' title='bbox 435 2795 567 2878; x_wconf 90' lang='grc' dir='ltr'><strong><em>νόμους.</em></strong></span> <span class='ocrx_word' id='word_1_200' title='bbox 596 2789 675 2875; x_wconf 72' lang='grc' dir='ltr'><strong><em>λαβὲ</em></strong></span> <span class='ocrx_word' id='word_1_201' title='bbox 690 2795 770 2870; x_wconf 85' lang='grc' dir='ltr'><strong><em>τοὺς</em></strong></span> <span class='ocrx_word' id='word_1_202' title='bbox 782 2795 908 2878; x_wconf 92' lang='grc' dir='ltr'><strong><em>νόμους</em></strong></span> <span class='ocrx_word' id='word_1_203' title='bbox 921 2790 976 2858; x_wconf 80' lang='grc' dir='ltr'><strong><em>καὶ</em></strong></span> <span class='ocrx_word' id='word_1_204' title='bbox 991 2793 1173 2878; x_wconf 84' lang='grc' dir='ltr'><strong><em>όνολγνωθι.</em></strong></span> 
     </span>
    </p>
   </div>
   <div class='ocr_carea' id='block_1_3' title="bbox 163 3004 1226 3624">
    <p class='ocr_par' dir='ltr' id='par_1_6' title="bbox 163 3004 1226 3624">
     <span class='ocr_line' id='line_1_26' title="bbox 604 3004 730 3057; baseline 0 -1"><span class='ocrx_word' id='word_1_205' title='bbox 604 3004 730 3057; x_wconf 83' lang='lat' dir='ltr'>NOMOL</span> 
     </span>
     <span class='ocr_line' id='line_1_27' title="bbox 245 3107 1175 3199; baseline 0.003 -24"><span class='ocrx_word' id='word_1_206' title='bbox 245 3113 346 3176; x_wconf 80' lang='grc' dir='ltr'><strong><em>Κατὰ</em></strong></span> <span class='ocrx_word' id='word_1_207' title='bbox 364 3112 503 3188; x_wconf 91' lang='grc' dir='ltr'><strong><em>τούτους</em></strong></span> <span class='ocrx_word' id='word_1_208' title='bbox 517 3112 595 3188; x_wconf 86' lang='grc' dir='ltr'><strong><em>τοὺς</em></strong></span> <span class='ocrx_word' id='word_1_209' title='bbox 609 3113 733 3195; x_wconf 89' lang='grc' dir='ltr'><strong><em>νόμους</em></strong></span> <span class='ocrx_word' id='word_1_210' title='bbox 748 3107 934 3199; x_wconf 78' lang='grc' dir='ltr'><strong><em>Ἀντιδώρῳ</em></strong></span> <span class='ocrx_word' id='word_1_211' title='bbox 949 3108 1011 3195; x_wconf 78' lang='grc' dir='ltr'><strong><em>μέν</em></strong></span> <span class='ocrx_word' id='word_1_212' title='bbox 1025 3112 1061 3178; x_wconf 86' lang='grc' dir='ltr'><strong><em>ἐκ</em></strong></span> <span class='ocrx_word' id='word_1_213' title='bbox 1074 3123 1175 3198; x_wconf 84' lang='grc' dir='ltr'><strong><em>τριῶν</em></strong></span> 
     </span>
     <span class='ocr_line' id='line_1_28' title="bbox 163 3214 1226 3302; baseline 0.003 -21"><span class='ocrx_word' id='word_1_214' title='bbox 163 3217 335 3283; x_wconf 76' lang='grc' dir='ltr'><strong><em>ταλάντων</em></strong></span> <span class='ocrx_word' id='word_1_215' title='bbox 356 3216 412 3282; x_wconf 80' lang='grc' dir='ltr'><strong><em>καί</em></strong></span> <span class='ocrx_word' id='word_1_216' title='bbox 434 3221 624 3302; x_wconf 85' lang='grc' dir='ltr'><strong><em>τρισχιλίων</em></strong></span> <span class='ocrx_word' id='word_1_217' title='bbox 648 3215 684 3282; x_wconf 90' lang='grc' dir='ltr'><strong><em>ἐν</em></strong></span> <span class='ocrx_word' id='word_1_218' title='bbox 707 3214 740 3294; x_wconf 73' lang='grc' dir='ltr'><strong><em>ἐξ</em></strong></span> <span class='ocrx_word' id='word_1_219' title='bbox 764 3218 871 3282; x_wconf 84' lang='grc' dir='ltr'><strong><em>ἐτεσιν</em></strong></span> <span class='ocrx_word' id='word_1_220' title='bbox 893 3216 927 3295; x_wconf 80' lang='grc' dir='ltr'><strong><em>ἓξ</em></strong></span> <span class='ocrx_word' id='word_1_221' title='bbox 949 3219 1093 3284; x_wconf 84' lang='grc' dir='ltr'><strong><em>τάλαντα</em></strong></span> <span class='ocrx_word' id='word_1_222' title='bbox 1110 3217 1226 3284; x_wconf 67' lang='grc' dir='ltr'><strong><em>κνίσεν</em></strong></span> 
     </span>
     <span class='ocr_line' id='line_1_29' title="bbox 165 3321 1209 3409; baseline 0.003 -22"><span class='ocrx_word' id='word_1_223' title='bbox 165 3322 267 3388; x_wconf 83' lang='grc' dir='ltr'><strong><em>πλέον</em></strong></span> <span class='ocrx_word' id='word_1_224' title='bbox 290 3321 334 3388; x_wconf 87' lang='grc' dir='ltr'><strong><em>ἐκ</em></strong></span> <span class='ocrx_word' id='word_1_225' title='bbox 348 3332 408 3388; x_wconf 85' lang='grc' dir='ltr'><strong><em>τοῦ</em></strong></span> <span class='ocrx_word' id='word_1_226' title='bbox 431 3329 647 3408; x_wconf 81' lang='grc' dir='ltr'><strong><em>μισθωθῆναι</em></strong></span> <span class='ocrx_word' id='word_1_227' title='bbox 671 3323 855 3408; x_wconf 86' lang='grc' dir='ltr'><strong><em>παρεδόθη,</em></strong></span> <span class='ocrx_word' id='word_1_228' title='bbox 878 3321 932 3388; x_wconf 78' lang='grc' dir='ltr'><strong><em>καὶ</em></strong></span> <span class='ocrx_word' id='word_1_229' title='bbox 955 3322 1054 3392; x_wconf 86' lang='grc' dir='ltr'><strong><em>ταῦθ’</em></strong></span> <span class='ocrx_word' id='word_1_230' title='bbox 1080 3324 1180 3409; x_wconf 80' lang='grc' dir='ltr'><strong><em>ὑμῶν</em></strong></span> <span class='ocrx_word' id='word_1_231' title='bbox 1207 3329 1209 3333; x_wconf 78' lang='grc'><strong>’</strong></span> 
     </span>
     <span class='ocr_line' id='line_1_30' title="bbox 166 3419 1175 3514; baseline 0.006 -24"><span class='ocrx_word' id='word_1_232' title='bbox 166 3423 253 3504; x_wconf 66' lang='grc' dir='ltr'><strong><em>τινες</em></strong></span> <span class='ocrx_word' id='word_1_233' title='bbox 267 3423 380 3494; x_wconf 83' lang='grc' dir='ltr'><strong><em>είδον·</em></strong></span> <span class='ocrx_word' id='word_1_234' title='bbox 406 3428 569 3512; x_wconf 78' lang='grc' dir='ltr'><strong><em>Θεογένης</em></strong></span> <span class='ocrx_word' id='word_1_235' title='bbox 587 3419 688 3512; x_wconf 80' lang='grc' dir='ltr'><strong><em>γὰρὸ</em></strong></span> <span class='ocrx_word' id='word_1_236' title='bbox 707 3433 943 3513; x_wconf 80' lang='grc' dir='ltr'><strong><em>Προβαλίσιος,</em></strong></span> <span class='ocrx_word' id='word_1_237' title='bbox 966 3429 984 3494; x_wconf 88' lang='grc' dir='ltr'><strong><em>ό</em></strong></span> <span class='ocrx_word' id='word_1_238' title='bbox 1004 3432 1175 3514; x_wconf 81' lang='grc' dir='ltr'><strong><em>μισθωσά-</em></strong></span> 
     </span>
     <span class='ocr_line' id='line_1_31' title="bbox 168 3529 1170 3624; baseline 0.007 -29"><span class='ocrx_word' id='word_1_239' title='bbox 168 3553 265 3611; x_wconf 84' lang='grc' dir='ltr'><strong><em>μενος</em></strong></span> <span class='ocrx_word' id='word_1_240' title='bbox 288 3533 392 3599; x_wconf 87' lang='grc' dir='ltr'><strong><em>αὐτοῦ</em></strong></span> <span class='ocrx_word' id='word_1_241' title='bbox 413 3535 473 3599; x_wconf 87' lang='grc' dir='ltr'><strong><em>τὸν</em></strong></span> <span class='ocrx_word' id='word_1_242' title='bbox 492 3529 596 3618; x_wconf 80' lang='grc' dir='ltr'><strong><em>οἶκον,</em></strong></span> <span class='ocrx_word' id='word_1_243' title='bbox 620 3535 656 3600; x_wconf 90' lang='grc' dir='ltr'><strong><em>ἐν</em></strong></span> <span class='ocrx_word' id='word_1_244' title='bbox 675 3545 714 3621; x_wconf 79' lang='grc' dir='ltr'><strong><em>πή</em></strong></span> <span class='ocrx_word' id='word_1_245' title='bbox 734 3535 839 3624; x_wconf 79' lang='grc' dir='ltr'><strong><em>ἀγορᾷ</em></strong></span> <span class='ocrx_word' id='word_1_246' title='bbox 858 3546 959 3603; x_wconf 80' lang='grc' dir='ltr'><strong><em>ταῦτα</em></strong></span> <span class='ocrx_word' id='word_1_247' title='bbox 976 3536 1017 3602; x_wconf 79' lang='grc' dir='ltr'><strong><em>τὰ</em></strong></span> <span class='ocrx_word' id='word_1_248' title='bbox 1033 3533 1170 3622; x_wconf 79' lang='grc' dir='ltr'><strong><em>χρήματ’</em></strong></span> 
     </span>
    </p>
   </div>
   <div class='ocr_carea' id='block_1_4' title="bbox 0 0 1320 3904">
    <p class='ocr_par' dir='ltr' id='par_1_7' title="bbox 0 0 1320 3904">
     <span class='ocr_line' id='line_1_32' title="bbox 0 0 1320 3904; baseline 0 0"><span class='ocrx_word' id='word_1_249' title='bbox 0 0 1320 3904; x_wconf 95' lang='lat' dir='ltr'><strong><em> </em></strong></span> 
     </span>
    </p>
   </div>
  </div>
 </body>
</html>
