2590 3900
411 192 496 244 τεν
514 193 832 248 εειιετοειειεοοοε
850 196 882 250 ε
1085 191 1149 258 307

98 363 124 402 99
137 344 194 412 καὶ
214 348 394 434 συνέστηκε
412 350 559 436 ὁμόνοια.
593 361 695 418 ταῦτα
713 357 830 419 τοίνυν
845 350 1094 440 Ἀριστογείτων
1111 354 1152 418 τὰ

65 475 70 485 ’
137 459 248 532 καλῶς
276 455 363 522 οὕτω
390 459 559 542 πεπηγότα
586 467 625 544 τῇ
654 461 755 544 φύσει
781 458 836 525 καὶ
862 471 933 537 τοῖς
959 461 1059 544 ήθεσι
1082 470 1153 535 τοῖς

138 557 326 645 ὑμετέροις,
358 574 446 627 κινεῖ
471 561 527 628 καί
555 563 687 648 ἀναιρεῖ
710 562 765 630 καὶ
792 569 1016 650 μεταρρίπτει,
1048 563 1104 631 καὶ
1131 563 1152 630 δ

137 676 206 730 τῶν
234 667 347 733 ἄλλων
372 679 440 734 τῶν
467 669 679 754 ἠτυχηκότων
706 669 842 748 ἕκαστος
867 671 1031 757 ἀψοφητεὶ
1053 681 1151 753 ποιεῖ,

138 767 238 837 ταῦθ’
265 767 363 850 οὗτος
390 776 495 858 μόνον
524 776 565 841 οὐ
590 777 749 854 κώδωνας
771 776 973 861 ἐξαψάμενος
997 778 1153 862 διαπράτ-

138 900 238 944 τεται.
281 877 322 944 οά
344 881 531 963 πρυτάνεις,
556 880 598 946 οὐ
620 881 734 966 κήρυξ,
758 884 819 948 οὐκ
844 883 1024 968 ἐπιστάτης,
1048 882 1152 968 οὐχή

28 984 31 999 ’
98 999 123 1040 99
137 985 391 1068 προεδρεύουσα
413 987 503 1070 φυλή
526 987 649 1052 τούτου
671 999 806 1071 κρατεῖν
828 990 976 1056 δύναται
1018 989 1152 1054 ἐπειδὰν

139 1085 204 1156 οὖν
226 1115 277 1166 τις
299 1091 393 1175 ὑμῶν
416 1087 469 1175 ἐφ’
491 1085 542 1170 οἷς
565 1088 663 1170 οὗτος
686 1094 873 1177 ἀσελγαίνει
897 1093 1059 1179 λυπηθεὶς
1076 1099 1152 1180 είπη

138 1206 285 1278 ,τοῦτον
308 1193 469 1263 δὲταῦτα
493 1210 611 1281 ποιεῖν,
635 1198 689 1264 καὶ
712 1195 804 1266 ταῦτ’
830 1201 1008 1286 ὀφείλοντα
1030 1209 1075 1288 τῷ
1095 1201 1152 1283 δη-

139 1303 282 1390 μοσίφ“,
310 1306 368 1386 „vl
392 1297 440 1380 δ’;
470 1303 511 1368 οὐ
537 1303 593 1370 καὶ
618 1305 636 1370 ό
661 1307 788 1387 δείνα“,
817 1305 936 1391 φησίν,
965 1306 1150 1390 ,,όφείλει“;

138 1412 200 1476 τὸν
219 1409 345 1495 έχθρὸν
365 1408 501 1487 ἕκαστος
518 1409 668 1476 ὑπειπὼν
687 1412 746 1477 τὸν
765 1411 877 1478 αὑτοῦ.
915 1413 998 1478 ὥστε
1016 1412 1076 1495 τήν
1094 1413 1150 1478 πὸ-

138 1520 263 1600 νηρίαν
289 1515 352 1598 τήν
378 1516 500 1583 τούτου
522 1518 633 1581 αίτίοιν
657 1511 743 1582 εἶναι
765 1528 833 1583 τῶν
855 1521 1090 1602 βλασφημιῶν,
1118 1519 1156 1582 αλ

138 1621 215 1706 περὶ
239 1632 307 1686 τῶν
331 1620 391 1706 οὐχ
414 1621 539 1705 ὁμοίων
561 1622 669 1711 τούτῳ
693 1624 749 1688 διὰ
771 1632 891 1690 τοῦτον
914 1626 1094 1707 γίγνονται.

98 1743 124 1783 99
230 1728 361 1793 Λοιπὸν
395 1731 513 1793 τοίνυν
547 1727 637 1793 ἐστὶν
669 1723 695 1794 ὦ
727 1730 848 1815 ἄνδρες
880 1724 1053 1812 Ἀθηναῖοι
1083 1738 1154 1807 τοῖς

138 1834 370 1916 ἀπαλλαγῆναι
397 1833 613 1918 βουλομένοις
640 1835 777 1917 τούτου,
805 1835 948 1920 ἀδίκημα
972 1833 1075 1919 σαφές
1097 1834 1153 1902 καὶ
1195 1841 1196 1844 ’

139 1935 278 2024 ἐναργὲς
301 1927 434 2023 ἔχοντας
457 1939 492 2004 ἐκ
512 1951 579 2005 τῶν
597 1941 720 2024 νόμων,
744 1942 885 2024 μάλιστα
904 1937 964 2025 μὲν
983 1941 1071 2029 αὐτῷ
1089 1948 1152 2006 θα-

138 2048 245 2112 νάτου
272 2054 419 2129 τιμήσαι,
453 2047 485 2110 εί
510 2042 547 2112 δέ
573 2046 633 2130 μή,
663 2044 795 2112 τοσοῦτ’
826 2047 1003 2112 ἀναθεῖναι
1029 2049 1152 2131 τίμημα

138 2152 332 2238 χρημάτων,
361 2152 443 2217 ὅσον
470 2152 514 2236 μή
540 2152 720 2235 δυνήσεται
742 2151 870 2238 φέρειν·
898 2154 980 2236 άλλη
1004 2154 1067 2238 γάρ
1091 2152 1153 2218 οὐκ

98 2275 125 2314 99
140 2263 233 2325 ἔστιν
256 2258 427 2342 ἀπαλλαγή
450 2258 582 2340 τούτου,
606 2268 721 2343 σαφῶς
744 2258 931 2325 ἐπίστασθε.
967 2258 1023 2324 καὶ
1042 2254 1152 2344 γδρῶ

140 2368 263 2449 ἀνδρες
291 2361 464 2449 Ἀθηναῖοι
495 2375 563 2428 τῶν
590 2349 651 2448 μὲν
680 2365 791 2429 ἀλλων
818 2364 1007 2448 ἀνθρώπων
1035 2365 1077 2430 ἄν
1103 2388 1152 2442 τις
1261 2381 1264 2386 “

141 2473 225 2554 ἴδοι,
252 2472 332 2546 τοὺς
358 2465 418 2553 μέν
446 2471 637 2552 βελτίστους
658 2467 713 2534 καὶ
736 2470 976 2552 μετριωτάτους
998 2470 1081 2555 αὐτῇ
1104 2479 1204 2556 τήιυε

141 2577 243 2661 φύσει
265 2576 372 2641 πάντα
394 2582 574 2652 ποιοῦντας
592 2572 728 2650 ἑκόντας
746 2573 767 2640 δ
786 2575 846 2658 δεῖ,
870 2577 948 2652 τοὺς
967 2571 1004 2640 δέ
1021 2579 1152 2660 χείρους

142 2677 204 2768 μέν
226 2681 364 2761 τούτων,
388 2679 449 2758 ἔξω
473 2676 510 2744 δέ
532 2688 593 2744 τοῦ
615 2683 783 2765 πονηροὺς
804 2682 888 2763 ἀγαν
906 2687 1082 2766 κληθῆναι,
1105 2691 1150 2770 τῷ

142 2791 238 2876 φόβφ
264 2793 311 2874 τιβ
338 2787 421 2870 πρὸς
447 2785 532 2870 ὑμᾶς
553 2784 609 2850 καὶ
632 2796 676 2872 τῷ
700 2797 770 2864 τοῖς
793 2789 941 2872 αἰσχροῖς
963 2786 1018 2854 καλ
1041 2792 1153 2872 λόγοις

142 2892 197 2958 καὶ
216 2893 381 2959 ὀνείδεσιν
399 2891 513 2975 ἀλγεῖν
527 2890 795 2977 εὐλαβουμένους
807 2893 1056 2978 ἐξαμαρτάνειν·
1073 2898 1153 2972 τοὺς

143 2996 180 3063 δὲ
203 2999 449 3083 πονηροτάτους
471 2995 526 3063 καὶ
549 2997 739 3080 ἐξαγίστους
757 2997 1021 3084 ὀνομαζομένους
1038 3001 1096 3077 τάς
1114 3024 1152 3084 γε

3 3159 6 3167 ι
100 3121 128 3160 94
143 3106 318 3189 συμφορὰς
340 3107 559 3190 σωφρονίζειν
581 3102 747 3186 λέγουσιν.
794 3104 909 3171 οὑτοσὶ
931 3108 1047 3171 τοίνυν
1066 3104 1152 3190 Ἀρι-

143 3214 320 3293 στογείτων
342 3207 480 3276 τοσοῦθ’
502 3209 687 3295 ὑπερῆρκεν
710 3211 856 3288 ἅπαντας
874 3211 1075 3295 ἀνθρώπους
1093 3232 1151 3278 πο-

142 3321 257 3404 νηρίᾳ,
285 3314 360 3382 ὥστ’
392 3314 472 3383 οὐδὲ
497 3317 619 3382 παθὼν
647 3317 871 3401 ἐνουθετήθη,
900 3312 971 3383 ἀλλ’
1003 3316 1055 3382 ἐπὶ
1082 3327 1151 3394 τοῖς

142 3423 255 3500 αὐτοῖς
281 3423 458 3508 ἀδικήμασι
485 3421 540 3489 καλ
567 3426 848 3506 πλεονεκτήμασιν
869 3425 970 3489 πάλιν
994 3427 1148 3506 εἴληπται.

142 3527 196 3594 καὶ
222 3530 369 3632 τοσούτφ
397 3533 551 3607 πλείονος
578 3529 678 3614 όργής
706 3528 795 3607 ἀξιός
822 3529 912 3595 ἐστιν
940 3537 1004 3593 νῦν
1029 3525 1049 3609 ἢ
1072 3532 1149 3601 no&

938 3633 991 3683 20*
