2590 3900
432 191 528 242 xm
545 191 802 243 ΤιΜοΚΡεΤοΤΣ
1061 188 1126 253 269

117 338 202 425 ὑμᾶς
219 356 323 412 ταῦτα
341 349 583 434 λογιζομένους,
606 347 661 415 καὶ
680 348 908 435 μεμνημένους
927 344 975 416 ὧν
994 346 1035 416 ἀν
1054 348 1127 416 ἕκα-

119 461 195 524 στος
217 450 360 540 ἆμάρτη,
386 456 547 538 κολάζειν,
570 457 651 521 όταν
673 454 797 540 λάβητέ
816 479 901 537 τινα,
924 453 979 520 καὶ
1001 457 1045 541 μὴ
1069 456 1128 520 τὸν

118 555 241 635 χρόνον
273 562 304 625 εί
332 563 437 639 πολύς
468 559 533 628 ἐστ’
565 558 619 627 ἀπ’
652 560 781 627 ἐκείνου
814 572 964 643 σκοπεῖν,
997 554 1069 627 ἀλλ’
1099 563 1130 626 εί

118 659 207 724 ταῦτ’
235 663 381 732 έποίουν.
426 667 471 744 ὡς
497 669 529 732 εί
553 677 618 733 νῦν
645 667 757 748 πράως
780 663 879 732 οἴσετ’
907 660 960 750 ἐφ’
986 657 1036 742 οἷς
1058 661 1125 731 τότ’

118 760 339 853 ἠγανακτεῖτε,
355 771 469 851 Ιδόξετ’
496 773 701 858 ὀργιζόμενοι
724 770 965 856 κατεγνωκέναι
987 773 1027 836 τά
1051 774 1129 856 χρύ-

118 892 202 950 ματα
224 878 367 960 τούτων,
392 879 453 944 ούκ
476 878 698 962 ἀδικούμενοι.
742 889 810 943 τῶν
833 873 893 961 μέν
916 877 980 960 γάρ
1003 876 1096 960 ὀργιζ
1115 915 1129 928 -

74 973 226 1059 [μένων
260 981 350 1048 ἐστὶν
381 983 480 1064 ὀξέως
510 1008 543 1050 τι
574 987 677 1051 κακὸν
709 986 768 1050 τὸν
795 981 987 1067 λελυπηκότ’
1020 984 1128 1066 είργά-

119 1087 209 1168 σθαι,
231 1098 301 1154 τῶν
324 1085 355 1154 δ’
382 1089 621 1175 ἀδικουμένων,
645 1090 726 1156 ὅταν
747 1085 828 1154 ποθ’
855 1087 914 1172 ὑφ’
937 1089 1050 1165 αὑτοῖς
1072 1089 1128 1154 λά-

118 1188 200 1267 βωσι
223 1193 283 1258 τὸν
305 1192 499 1278 ἠδικηκότα,
525 1197 600 1260 τότε
622 1196 883 1278 τιμωρήσασθαι.
929 1194 1054 1260 οὔκουν
1078 1195 1132 1259 δεῖ

119 1291 245 1380 δοκεῖν,
278 1307 342 1364 νῦν
372 1300 653 1383 μαλακισθέντας,
685 1302 758 1366 τότε
786 1310 854 1364 τῶν
882 1299 1129 1385 ὀμωμοσμένων

119 1397 227 1481 ὅρκων
255 1403 481 1488 ἀμελήσαντας
507 1406 588 1490 ὑμῖν
616 1405 728 1482 αὐτοῖς
756 1408 958 1489 χαρίσασθαι
980 1405 1069 1491 παρὰ
1091 1409 1129 1471 τὸ

119 1504 260 1592 δίκαιον,
283 1509 366 1576 άλλδ
388 1521 498 1595 μισεῖν
520 1510 576 1577 καὶ
598 1508 673 1596 μηδ’
698 1510 876 1594 ἀνέχεσθαι
899 1512 1018 1596 φωνὴν
1040 1513 1120 1595 μήτε
1131 1523 1182 1572 τοι

118 1612 240 1680 τούτου
263 1613 337 1699 μήτ’
364 1615 504 1699 ἐκείνου,
527 1626 663 1683 τοιαῦτα
685 1616 979 1700 πεπολιτευμένων.

71 1729 106 1772 ¹⁷⁶
203 1717 301 1786 Ἀλλά
323 1722 366 1806 νὴ
386 1725 455 1786 Δία
476 1731 579 1789 ταῦτα
601 1725 708 1806 μόνον
729 1729 876 1788 τοιοῦτοι
896 1725 1074 1805 γεγόνασιν
1093 1721 1129 1787 έν

119 1813 168 1900 οἷς
189 1831 457 1911 πεπολίτευνται,
479 1828 563 1894 ἀλλα
587 1825 617 1893 δ’
644 1826 717 1893 ἔσθ’
746 1825 767 1893 δ
789 1831 897 1905 καλῶς
920 1829 1130 1916 διῳκήκασιν.

119 1927 200 1996 ἀλλὰ
224 1931 279 1998 καὶ
301 1931 391 1998 τᾶλλ’
414 1933 501 2000 οὕτω
524 1934 796 2019 προσεληλύθασι
817 1935 900 2016 πρὸς
922 1933 1017 2018 ὑμᾶς,
1041 1927 1127 1998 ὥσθ’

118 2034 223 2118 ἥκιστ’
250 2038 287 2104 έν
314 2030 364 2115 οἷς
392 2038 544 2124 ἀκηκόατ’
573 2039 665 2118 ἀξιόν
693 2039 762 2105 έστι
789 2050 900 2124 μισεῖν
924 2039 1053 2117 αύτούς.
1098 2041 1134 2104 τί

118 2143 181 2229 γὰρ
204 2143 362 2230 βούλεσθ’
390 2152 485 2225 εῖπω;
509 2147 549 2211 τά
571 2143 705 2230 πομπεῖ’
731 2146 777 2223 ὡς
799 2145 1051 2228 ἐπεσκευάκασι,
1075 2142 1132 2211 καλ

119 2248 180 2331 τὴν
211 2262 280 2316 τῶν
310 2252 486 2334 στεφάνων
516 2255 728 2337 καθαίρεσιν,
760 2251 781 2336 ἦ
813 2252 874 2335 την
905 2262 973 2317 τῶν
1000 2256 1131 2335 φιαλῶν

71 2366 107 2408 1⁷⁷
119 2358 254 2442 ποίησιν
275 2358 337 2441 τὴν
358 2360 478 2442 καλην;
500 2352 573 2424 ἀλλ’
595 2356 649 2423 ἐπὶ
666 2358 796 2435 τούτοις
813 2382 862 2442 γε,
885 2360 917 2424 εί
932 2354 1037 2442 μηδὲν
1056 2351 1128 2422 ἀλλ’

118 2458 259 2544 ἠδίκουν
288 2465 350 2546 τὴν
376 2467 490 2547 πόλιν,
522 2461 608 2550 τρὶς,
642 2463 703 2548 οὐχ
730 2463 814 2542 ἀπαξ
843 2465 978 2540 δικαίως
1004 2464 1047 2530 ἀν
1075 2486 1131 2546 μοι

119 2569 281 2633 τεθνάναι
304 2571 456 2636 δοκοῦσι·
486 2567 626 2654 καὶγὰρ
651 2570 819 2657 ἱεροσυλία
841 2568 897 2635 καλ
920 2569 1054 2656 ἀσεβείᾳ
1075 2566 1132 2634 καὶ

119 2677 224 2760 κλοπῇ
251 2672 306 2740 καὶ
333 2685 413 2742 πᾶσι
439 2687 509 2754 τοῖς
532 2676 734 2754 δεινοτάτοις
756 2673 817 2742 εῖσ’
844 2679 964 2761 ἔνοχοι.
1007 2677 1048 2740 τὰ
1070 2671 1131 2759 μὲν

120 2773 183 2843 οὖν
199 2776 295 2846 πόλλ’
312 2776 360 2847 ὧν
374 2781 480 2865 λόγων
493 2781 579 2866 ὑμᾶς
592 2781 784 2866 ἐφεύάκιζεν
798 2775 1007 2866 Ἀνδροτίων,
1027 2801 1130 2865 παρα-

119 2887 236 2964 λείψω·
255 2890 364 2972 φήσας
382 2885 413 2954 δ’
431 2888 590 2973 ἀπορρεῖν
608 2890 648 2952 τά
666 2887 777 2970 φύλλα
795 2898 863 2953 τῶν
882 2887 1057 2971 στεφάνων
1074 2885 1131 2951 καλ

119 2996 267 3074 σαπροὺς
294 2989 380 3059 εἶναι
408 2993 464 3058 διδ
490 2994 549 3058 τὸν
576 2995 713 3077 χρόνον,
745 2995 854 3076 ὥσπερ
882 2999 943 3059 ῖων
970 2991 990 3076 ἢ
1019 2992 1130 3077 ῥόδων

119 3096 228 3181 ὄντας,
247 3095 318 3163 ἀλλ’
341 3099 383 3164 οὐ
401 3101 551 3183 χρυσίου,
571 3099 795 3183 συγχωνεύειν
813 3101 951 3164 ἔπεισεν.
984 3096 1131 3181 αίρεθεὶς

120 3199 150 3267 δ’
169 3202 222 3270 ἐπὶ
239 3213 342 3270 ταῦτα
359 3207 551 3286 προσείλετο
570 3213 691 3270 τοῦτον
709 3205 768 3270 τὸν
787 3203 921 3268 πάντων
939 3213 1006 3268 τῶν
1019 3215 1130 3268 κακῶν

71 3321 107 3364 ιιε
121 3311 294 3374 κοινωνόν.
339 3300 409 3396 κᾷτ’
437 3307 490 3374 ἐπὶ
513 3305 574 3393 μέν
595 3320 667 3385 ταῖς
689 3310 864 3393 εἰσφοραῖς
885 3308 945 3374 τὸν
968 3309 1130 3391 δημόσιον

117 3425 273 3500 παρεῖναι
297 3414 528 3501 προσέγραψεν
551 3415 596 3492 ὡς
619 3415 661 3498 δὴ
685 3415 815 3480 δίκαιον
839 3415 894 3496 όν,
923 3407 971 3478 ὧν
993 3411 1129 3490 ἕκαστος

117 3517 342 3607 ἀντιγραφεὺς
370 3524 504 3606 ἔμελλεν
530 3524 667 3588 ἔσεσθαι
688 3532 756 3586 τῶν
778 3521 1048 3602 εἰσενεγκόντων·
1076 3516 1128 3582 ἐπὶ
