2644 4182
485 469 585 521 ΠΡΟΣ
602 470 804 522 AEIITINHN.
1110 468 1148 528 ll

5 621 7 708 ή
139 633 267 714 χόντων
286 629 411 716 ἑκάστῳ
426 628 634 713 γιγνομένης,
654 625 754 694 οὐδὲν
768 630 887 712 ἔπασχε
902 629 1015 694 δεινὸν
1029 625 1151 709 οὐδεὶς,

139 731 214 800 οὐδ’
242 737 273 801 εί
293 735 382 800 πάνυ
404 736 505 819 μικρά
526 733 723 818 κεκτημένος
745 729 795 818 ήν.

96 825 124 904 τι
230 840 327 906 Οὕτω
359 843 476 906 τοίνυν
506 835 594 916 τινὲς
626 835 652 906 ὐ
680 841 800 925 ἀνδρες
828 834 1000 924 Ἀθηναῖοι
1028 835 1149 925 σφόδρ’

139 941 250 1032 ἔχουσ’
281 947 477 1030 ἀλογίστως,
508 943 584 1011 ὥστ’
616 945 819 1030 ἐπιχειροῦσι
846 943 954 1028 λέγειν
981 947 1064 1032 πρὸς
1090 942 1152 1030 μὲν

138 1049 230 1118 ταῦτ’
262 1049 377 1134 οὐδὲν,
410 1053 494 1117 ἀλλα
521 1049 558 1118 δὲ
585 1053 709 1134 τοιαδί,
738 1052 782 1129 ὡς
809 1053 873 1132 ἀρα
901 1037 1030 1135 δεινὸν,
1058 1053 1089 1117 εί
1115 1050 1152 1117 ἐν

139 1167 241 1245 κοινῷ
264 1155 326 1242 μὲν
344 1155 422 1242 μηδ’
445 1157 558 1224 ὁτιοῦν
576 1156 716 1242 ὑπάρχει
734 1166 773 1242 τῇ
793 1161 897 1240 πόλει,
922 1158 991 1243 ίδίᾳ
1009 1156 1050 1224 δέ
1065 1181 1153 1234 τινες

139 1261 364 1348 πλουτήσουσ’
386 1263 532 1340 ἀτελείας
555 1262 794 1348 ἐπειλημμένοι.
832 1265 901 1328 ἔστι
924 1259 961 1329 δὲ
978 1261 1069 1356 ταῦτ’
1093 1263 1153 1348 ἀμ-

139 1372 264 1454 φότερα
287 1368 363 1455 οὐχὶ
387 1371 518 1436 δίκαιον
535 1369 652 1453 λέγειν.
685 1370 717 1434 εί
732 1365 795 1453 μὲν
812 1370 876 1453 γάρ
894 1393 945 1446 τις
963 1371 1028 1455 ἔχει
1046 1370 1153 1434 πολλὰ

138 1472 244 1560 μηδὲν
265 1475 351 1559 ὑμᾶς
373 1475 508 1559 ἀδικῶν,
532 1472 606 1560 οὐχὶ
630 1476 684 1540 δεῖ
702 1476 810 1559 δήπου
828 1485 928 1542 τοῦτο
945 1478 1153 1559 βασκαίνειν·

138 1585 170 1647 εί
192 1577 224 1646 δ’
244 1581 463 1667 ὑφῃρημένον
485 1584 654 1666 φήσουσιν
677 1582 698 1664 ή
720 1575 784 1646 τιν’
805 1581 909 1647 ἄλλον
931 1581 993 1666 οὐχ
1015 1581 1055 1648 ὃν
1073 1604 1153 1668 προ·

138 1690 232 1771 σήκει
254 1690 394 1772 τρόπον,
418 1685 482 1753 είσὶ
504 1689 603 1770 νόμοι
625 1680 704 1753 καθ’
731 1685 790 1764 οὐς
812 1688 971 1771 προσήκει
993 1689 1152 1768 κολάζειν.

139 1793 193 1858 δτε
217 1789 254 1859 δὲ
276 1803 375 1859 τοῦτο
397 1794 441 1877 μή
459 1802 626 1876 ποιοῦσιν,
651 1789 730 1859 οὐδὲ
748 1794 808 1859 τὸν
826 1795 929 1877 λόγον
947 1794 1060 1871 αὐτοῖς
1078 1803 1153 1861 τοῦ·

97 1920 125 1962 κε
137 1921 199 1965 τον
225 1898 366 1965 λεκτέον.
412 1897 467 1964 καὶ
494 1901 560 1984 μήν
587 1897 662 1983 περὶ
685 1908 746 1964 τοῦ
768 1921 805 1981 γε
828 1899 873 1983 μή
897 1894 983 1965 εἶναι
1005 1903 1154 1985 χρήματα

138 2006 236 2071 κοινὰ
262 2014 302 2090 τή
329 2008 439 2088 πόλει,
472 2002 569 2071 ἐκεῖν’
600 2005 686 2089 ὑμᾶς
713 2005 767 2070 δεῖ
791 2016 942 2088 σκοπεῖν,
973 2007 1024 2082 ὅτι
1053 2003 1154 2072 οὐδὲν

139 2105 252 2177 ἔσεσθ’
279 2110 514 2198 εὐπορώτεροι,
542 2112 602 2188 τὰς
630 2111 776 2188 ἀτελείας
803 2110 862 2176 ἐὰν
889 2110 1073 2195 ἀφέλησθε·
1112 2111 1153 2178 οὐ

106 2297 108 2302 Ι
139 2218 203 2301 γὰρ
224 2229 381 2283 κοινωνεῖ
395 2229 467 2295 ταῖς
485 2218 660 2302 δημοσίαις
678 2218 857 2302 προσόδοις
875 2215 930 2282 καὶ
947 2221 1155 2302 περιουσίαις

138 2331 242 2387 ταῦτα
270 2317 478 2407 τάναλώματ’
505 2322 614 2387 οὐδέν.
659 2320 759 2407 χωρὶς
788 2319 825 2388 δὲ
851 2323 981 2389 τούτων
1007 2321 1086 2389 νυνὶ
1113 2333 1153 2410 τῇ

138 2431 233 2494 πόλει
261 2429 359 2495 δυοῖν
387 2428 547 2511 ἀγαθοῖν,
575 2429 723 2494 πλούτου
749 2427 804 2494 καλ
831 2437 893 2493 τοῦ
919 2430 1003 2513 πρὸς
1025 2429 1154 2496 ἅπαντα

138 2536 366 2618 πιστεύεσθαι,
392 2532 462 2601 ἐστὶ
484 2535 522 2600 τὸ
545 2544 603 2617 τῆς
625 2537 764 2611 πίστεως
786 2534 945 2618 ὐπάρχον.
991 2537 1023 2600 εί
1044 2535 1084 2602 δέ
1103 2559 1154 2614 τις

139 2647 243 2706 οίεται
271 2642 343 2706 δεῖν
372 2641 423 2706 ὅτι
444 2634 584 2727 χρήματ’
610 2639 672 2704 οὐκ
695 2643 812 2724 ἔχομεν
835 2636 918 2723 μηδὲ
942 2638 1044 2719 δόξαν
1067 2645 1154 2726 ἔχειν

137 2745 224 2830 ἡμᾶς
249 2751 413 2833 χρηστήν,
447 2746 489 2812 οὐ
516 2751 623 2823 καλῶς
651 2757 781 2832 φρονεῖ.
827 2742 982 2830 ἐγὼμὲν
1008 2748 1073 2833 γὰρ
1100 2748 1154 2812 εὐ-

138 2875 238 2938 χομαι
256 2864 326 2930 τοῖς
343 2859 449 2936 θεοῖς,
472 2853 613 2937 μάλιστα
631 2848 692 2936 μὲν
710 2851 789 2934 ἡμῖν
806 2850 861 2917 καὶ
880 2854 1029 2936 χρήματα
1047 2855 1154 2919 πολλὰ

138 2958 311 3043 γενέσθαι,
341 2960 373 3024 εί
398 2955 435 3024 δὲ
458 2960 519 3044 μή,
546 2961 584 3024 τό
606 2981 644 3040 γε
668 2968 797 3034 πιστοῖς
821 2953 984 3024 εἶναικαὶ
1007 2960 1154 3043 βεβαίως

140 3065 253 3130 δοκεῖν
276 3066 452 3148 διαμεῖναι.

99 3189 125 3230 2⁶
232 3171 317 3256 Φίρε
337 3171 378 3254 δή
392 3168 447 3236 καὶ
462 3170 519 3246 τὰς
533 3169 699 3255 εὐπορίας,
719 3169 758 3246 ἃς
772 3169 1048 3255 ἀναπαυομένους
1061 3173 1153 3248 τινάς

138 3276 339 3362 εὐπορήσειν
362 3271 455 3342 οὗτοι
478 3279 656 3362 φήσουσιν,
680 3279 727 3352 είς
751 3275 830 3342 δέον
851 3277 933 3361 ὑμῖν
953 3275 1154 3361 γιγνομένας

139 3383 244 3460 δείξω.
291 3390 360 3449 ῖστε
391 3385 455 3468 γὰρ
488 3384 596 3466 δήπου
628 3380 725 3448 τοῦθ’
756 3383 808 3448 ὅτι
836 3394 903 3449 τῶν
930 3393 1154 3467 τριηραρχιῶν

139 3489 252 3565 οὐδείς
278 3486 345 3554 ἐστ’
372 3489 504 3573 ἀτελής,
537 3485 616 3554 οὐδὲ
643 3499 710 3554 τῶν
733 3490 902 3574 είσφορῶν
924 3500 991 3554 τῶν
1014 3490 1062 3566 είς
1083 3490 1143 3554 τὸν
1154 3502 1205 3550 465
1315 3509 1316 3568 3

138 3598 292 3679 πόλεμον.
323 3594 447 3660 οὐκοῦν
465 3594 484 3661 δ
502 3596 613 3660 πολλὰ
621 3594 819 3679 κεκτημένος
832 3591 940 3677 οὗτος,
960 3596 1050 3670 ὅστις
1063 3592 1106 3659 ἀν
1120 3586 1152 3680 ᾗ,
1315 3597 1316 3620 ¹

138 3694 234 3766 πόλλ’
260 3702 308 3778 είς
331 3710 433 3766 ταῦτα
457 3704 621 3766 συντελεῖ·
653 3698 731 3766 πᾶσ’
758 3702 894 3786 ἀνάγκη.
935 3698 989 3766 καὶ
1012 3701 1079 3784 μήν
1102 3701 1153 3766 ὅτι

141 3807 195 3872 δεῖ
209 3807 272 3886 τήν
290 3805 449 3888 εὐπορίαν
468 3808 515 3883 είς
531 3804 631 3872 ταῦθ’
648 3806 809 3890 ὑπάρχειν
823 3809 979 3889 πλείστην
993 3815 1032 3890 τῇ
1046 3809 1152 3883 πόλει,

1314 3929 1316 4024 w
