2612 3918
130 505 153 544 12

167 133 210 198 56
482 137 553 189 ΧΧΙ.
577 134 858 188 mmmmm

166 299 280 362 τούτων
303 297 432 381 έκύιερα.
472 293 533 361 εἶτα
555 298 687 382 έπιφέρει
708 297 740 362 τό
763 295 973 381 συμπέρασμα,
997 298 1030 361 έν
1052 284 1077 383 ᾧ
1100 295 1180 359 ἔστιν

166 391 186 474 ἡ
209 395 348 476 προσοχη.
366 429 411 440 -
1292 433 1293 452 ;

248 489 338 574 Ὅρος
356 491 430 555 κατὰ
448 493 605 572 σύλληψιν.
641 489 751 571 λέγεται
769 489 801 554 δέ
820 491 925 572 οὕτως,
943 492 1014 554 ὅταν
1032 500 1086 554 τού
1104 491 1179 568 φεύ·
1292 525 1293 528 ¹

166 612 272 670 γοντος
295 588 547 670 ἀντονομάζοντος
570 586 586 651 6
610 587 726 650 διώκων
748 588 799 651 καλ
820 591 913 676 τούτῳ
933 587 1059 674 κάκείνῳ
1077 587 1234 650 vineas-⁶14

166 691 267 750 θυνον
294 685 386 748 αύτδν
413 680 491 749 εἶναι
517 685 585 773 λέγη
612 690 653 770 τῷ
680 682 818 765 ὀνόματι,
845 685 916 748 ὥστε
944 686 1067 759 διπλούς
1089 683 1180 764 έστιν,
1293 727 1294 750 ι

166 781 229 844 έπελ
248 783 304 846 δύο
322 781 446 865 περιέχει
463 783 636 866 ἐγκλήματα.
671 783 855 865 παράδειγμα
873 780 889 845 6
909 781 1068 865 στρατηγός
1082 779 1098 844 6
1112 784 1179 863 βια-

167 879 295 959 σόμενος
317 879 372 960 τὴν
394 886 612 962 παρατεθεῖσαν
634 878 728 960 κόρην
750 878 818 941 όπδ»
832 889 885 942 τού
907 882 1103 961 πρεσβευτοῦ,
1128 893 1180 940 και

168 975 321 1055 δημοσίων
339 974 529 1055 ἀδικημάτων
547 976 731 1056 κρινόμενος,
748 975 799 1038 καί
817 974 1051 1057 ἀποκρινόμενος
1069 975 1109 1055 μὴ
1125 976 1178 1055 δη-

167 1073 255 1158 μοσία
277 1069 466 1152 ἠδικηκέναι,
492 1070 564 1133 ἀλλὰ
585 1074 759 1155 βιάσασθαι,
783 1070 799 1135 6
823 1071 855 1136 δὲ
877 1073 1057 1156 πρεσβευτὴς
1080 1071 1179 1153 ἀμφο-

166 1167 261 1251 τέροις
288 1167 380 1231 αύτδν
408 1169 532 1248 φύσκων
560 1167 737 1232 ὑπεύθυνον
760 1164 844 1232 εἶναι.
884 1169 917 1232 ιδ
939 1171 1097 1252 προοίμιον
1120 1169 1179 1232 ἀπὸ

166 1277 220 1330 τοῦ
243 1265 412 1346 ἀντιδίκου,
441 1263 457 1327 6
482 1262 514 1327 δέ
536 1266 621 1347 λόγος
645 1260 684 1328 δι’
710 1265 776 1340 ένδς
799 1267 899 1342 εἴδους
921 1267 1092 1348 προάγεται,
1113 1263 1179 1345 ἤτοι

166 1373 220 1425 τού
248 1364 419 1426 δικανικοῦ·
450 1363 557 1426 τούτου
584 1362 640 1444 γὰρ
663 1362 714 1425 καλ
736 1362 767 1426 τὸ
790 1361 870 1439 τέλος
891 1363 925 1428 τό
948 1364 1064 1426 δίκαιον
1086 1359 1178 1442 κοίη

166 1459 330 1540 κατασκευὴ
353 1459 403 1522 διὰ
425 1468 478 1523 τού
502 1458 640 1538 δικαίου]

260 1694 330 1778 Τὴν
360 1690 421 1778 μέν
452 1692 625 1775 ἀσέλγειαν
655 1689 681 1758 ὦ
709 1694 831 1777 ἀνδρες
858 1689 1009 1759 δικασταί
1036 1690 1179 1777 καλιὴν

166 1800 281 1885 ὕβριν,
314 1790 336 1886 ᾖ
366 1799 450 1883 πρὸς
478 1799 625 1875 ἅπαντας
651 1796 702 1864 ἀεὶ
730 1809 847 1884 χρῆται
874 1800 1032 1881 Μειδίας,
1064 1794 1177 1865 οὐδέν’

168 1899 246 1971 οὔδ’
271 1905 366 1990 ὑμῶν
395 1905 470 1970 οὔτε
498 1915 566 1970 τῶν
593 1906 704 1970 ἀλλων
731 1910 876 1970 πολιτῶν
902 1903 1036 1987 ἀγνοεῖν
1059 1911 1179 1990 οίομαι.

167 2012 231 2094 ἐγὼ
251 2006 296 2095 δ’,
318 2010 398 2095 ὅπερ
417 2009 459 2075 ἀν
478 2008 532 2076 καὶ
551 2010 646 2095 ὑμῶν
665 2010 800 2089 ἕκαστος
817 2008 992 2095 ὑβρισθεὶς
1009 2015 1180 2094 προείλετο

166 2119 302 2202 πρᾶξαι,
333 2127 432 2183 τοῦτο
465 2114 520 2181 καὶ
548 2117 648 2194 αὐτὸς
675 2117 828 2208 ἐποίησα,
860 2114 915 2182 καὶ
941 2116 1180 2202 προύβαλόμην

167 2225 294 2290 ἀδικεῖν
315 2232 436 2290 τούτου
458 2221 534 2308 περὶ
556 2225 618 2307 την
642 2222 769 2310 ἑορτήν,
794 2225 835 2290 οὐ
853 2226 958 2308 μόνον
975 2224 1102 2306 πληγὰς
1119 2223 1176 2289 ὑπ’

167 2330 271 2397 αὐτοῦ
299 2331 411 2413 λαβὼν
437 2339 507 2405 τοῖς
531 2333 745 2413 Διονυσίοις,
773 2329 856 2395 ἀλλὰ
882 2326 937 2395 καλ
963 2331 1046 2395 ἄλλα
1072 2333 1179 2395 πολλοὶ

140 2434 221 2503 mal
240 2439 332 2521 βίαια
350 2435 472 2501 παθὼν
490 2435 580 2519 παρὰ
598 2445 710 2502 πᾶσαν
725 2435 789 2519 τὴν
806 2437 975 2519 χορηγίαν.
1010 2434 1122 2519 ἐπειδη
1141 2433 1179 2501 δέ

166 2546 274 2618 καλῶς
296 2539 352 2607 καὶ
373 2541 415 2607 τδι
438 2542 549 2607 δίκαια
571 2552 678 2607 ποιῶν
697 2540 715 2606 6
734 2542 838 2625 δῆμος
856 2540 940 2617 δέπας
958 2540 1064 2618 οὕτως
1082 2541 1180 2627 ὠργί-

167 2654 235 2732 σθη
254 2645 310 2712 καὶ
327 2647 533 2730 παρωξύνθη
551 2645 607 2713 καὶ
626 2644 746 2731 σφόδρ’
771 2644 949 2712 έσπούδασ’
971 2643 1026 2730 ἐφ’
1042 2639 1092 2723 οἷς
1109 2648 1179 2730 η’διγ

166 2752 297 2842 κημίνφ
316 2775 374 2836 μοι
391 2749 541 2838 συνῄδει,
565 2753 649 2818 ὥστε
667 2754 774 2817 πάντα
791 2760 968 2828 ποιοῦντος
984 2753 1106 2818 τούτου
1124 2758 1183 2819 καί

166 2882 269 2925 τινων
288 2859 398 2924 ἄλλων
412 2854 495 2942 ὑπέρ
511 2857 625 2939 αὐτοῦ,
646 2858 707 2924 οὐκ
726 2857 876 2940 ἐπείσθη,
896 2852 969 2922 οὐδ’
986 2857 1170 2940 ἀπέβλεψεν
1180 2879 1231 2929 οιο

167 2967 215 3042 είς
236 2965 295 3041 τὰς
318 2962 435 3039 οὐσίας
457 2964 515 3039 τὰς
537 2963 668 3030 τούτων
690 2960 769 3030 οὐδέ
791 2964 849 3040 τὰς
868 2962 1074 3048 ὑποσχέσεις,
1097 2965 1180 3031 ἀλλὰ

166 3079 226 3159 μιᾷ
253 3069 369 3154 γνώμη
397 3071 708 3153 κατεχειροτόνησεν
735 3069 854 3152 αὐτοῦ,
881 3073 1003 3134 πολλοί
1021 3093 1079 3154 μοι
1100 3093 1180 3155 προ-

167 3180 295 3252 σιόντες
317 3172 343 3241 ὦ
367 3176 487 3260 ύνδρες
510 3173 661 3240 δικασταὶ
685 3173 740 3242 καλ
762 3187 830 3241 τῶν
852 3174 957 3262 ἐντῷ
980 3177 1180 3265 δικαστηρίῳ

166 3292 231 3349 νύν
254 3284 361 3348 όντων
384 3281 480 3366 ὑμῶν
502 3278 557 3346 καὶ
579 3292 647 3347 τῶν
669 3283 781 3347 ἀλλων
803 3285 962 3362 πολιτῶν,
986 3281 1103 3365 ἠξίουν
1125 3281 1181 3349 καὶ

166 3386 416 3473 παρεκελεύοντ’
445 3386 640 3464 έπεξελθεῑν
669 3386 723 3453 καὶ
751 3388 959 3472 παραδοῦναι
986 3396 1106 3454 τοῦτον
1133 3390 1181 3465 είς

167 3493 262 3573 ὑμᾶς,
287 3494 331 3569 ὡς
353 3490 414 3576 μέν
433 3491 504 3576 ἐμοὶ
524 3494 625 3576 δοκεῖ,
650 3490 694 3558 δι’
716 3490 874 3577 ἀμφότερ’
898 3489 1062 3578 ὦίίνδρες
1082 3491 1184 3578 Ἀθη-
