2612 3918
497 168 593 219 ΚΑΤΑ
611 166 773 219 ΜΕΙΔΙΟΤ.
1074 163 1137 230 103

124 323 274 412 ἀνέβαιν’
301 325 354 394 ἐπὶ
378 329 440 412 τήν
462 337 549 393 ναῦν
571 327 615 411 ήν
639 325 818 412 ἐπέδωκεν,
846 327 929 394 ἀλλά
950 329 1009 394 τὸν
1031 325 1137 411 μέτοι-

124 455 189 498 κον
219 432 376 519 έξέπεμψε
409 437 467 501 τὸν
500 436 701 518 Αίγύπτιον,
737 435 932 518 Πάμφιλον,
970 433 1068 510 αὐτὸς
1100 429 1137 498 δὲ

126 537 236 622 μένων
263 539 387 606 ἐνθάδε
414 551 483 618 τοῖς
506 544 703 617 Διονυσίοις
732 540 941 625 διεπράττετο
962 534 1053 606 ταῦτ’
1079 535 1133 624 ἐφ’

73 662 112 703 1⁶4
127 637 177 722 οἷς
200 644 278 712 νυνὶ
300 650 460 732 κρίνεται·
485 646 597 729 ἐπειδή
622 643 652 711 δ’
680 645 698 711 6
721 647 903 731 στρατηγὸς
924 649 1065 712 Φωκίων
1083 668 1137 730 με·

6 755 9 770 '
127 749 304 836 τεπέμπετο
326 754 404 830 τοὺς
426 752 459 832 ἐξ
479 749 661 836 Ἀργούρας
684 749 800 829 ἱππέας
823 750 875 818 ἐπὶ
897 752 959 836 τήν
977 752 1137 836 διαδοχήν

128 855 183 922 καὶ
210 861 404 942 κατείληπτο
430 860 662 943 σοφιζόμενος,
689 855 764 923 τόθ’
791 857 810 924 6
834 858 941 934 δειλὸς
964 855 1018 924 καὶ
1040 857 1136 924 κατά-

130 986 226 1044 ρατος
254 962 368 1030 οὐτοσὶ
396 965 501 1030 λιπὼν
527 965 589 1047 τήν
616 965 708 1044 τάξιν
734 964 857 1048 ταύτην
886 961 939 1030 ἐπὶ
965 965 1027 1048 τήν
1052 972 1137 1029 ναῦν

130 1067 244 1157 ᾤχετο,
274 1068 330 1135 καί
360 1064 407 1136 ὧν
435 1070 611 1154 ἱππαρχεῖν
637 1069 756 1154 ήξίωσε
783 1067 862 1154 παρ’
893 1069 973 1154 ὐμίν
1001 1067 1136 1153 ἱππέων,

129 1176 257 1252 τούτοις
279 1175 321 1242 οὐ
344 1176 557 1259 συνεξῆλθεν.
595 1177 627 1241 εί
647 1171 678 1240 δ’
700 1173 737 1240 ἐν
757 1185 796 1262 τῇ
814 1179 962 1262 θαλάττῃ
981 1179 1137 1254 κίνδυνός

76 1296 115 1338 1⁶⁵
129 1305 179 1358 τις
201 1277 254 1366 ήν,
277 1285 324 1359 είς
346 1283 407 1364 τήν
426 1291 489 1365 γῆν
513 1283 616 1365 δῆλον
639 1281 689 1346 ὅτι
712 1279 804 1368 ᾤχετ’
832 1283 882 1347 ἀν.
924 1281 965 1348 οὐ
987 1283 1054 1367 μήν
1074 1286 1137 1347 Νι-

129 1388 269 1472 κήρατός
291 1381 322 1470 γ’
348 1387 452 1464 οὕτως
475 1387 493 1454 6
516 1395 576 1454 τοῦ
599 1390 738 1470 Νικίου,
764 1387 782 1453 6
806 1387 985 1472 ἀγαπητὸς,
1009 1388 1027 1454 δ
1050 1399 1136 1470 παίς,

129 1492 148 1558 6
170 1495 379 1559 παντάπασιν
402 1492 547 1576 ἀσθενής
569 1501 615 1582 τῷ
639 1494 778 1578 σώματι·
812 1491 885 1559 οὐδ’
910 1492 1094 1578 Εὐκτήμων
1117 1494 1136 1560 6

129 1608 189 1664 τοῦ
203 1602 380 1682 Αἰσίωνος,
400 1598 460 1684 οὐχ
478 1599 595 1677 οὕτως·
616 1596 688 1663 οὐδ’
705 1598 910 1684 Εὐθύδημος
924 1598 942 1665 6
955 1607 1017 1665 τοῦ
1030 1605 1137 1684 Στρα-

129 1704 296 1782 τοκλέους·
333 1699 404 1771 ἀλλ’
435 1704 544 1770 αὐτῶν
574 1703 710 1781 ἕκαστος
737 1702 821 1770 έκδον
847 1703 982 1782 ἐπιδοὺς
1007 1708 1137 1791 τριήρη,

129 1811 191 1878 οὐκ
213 1810 339 1895 ἀπέδρα
361 1810 462 1897 ταύτη
485 1810 545 1894 τήν
571 1813 754 1895 στρατείαν,
777 1810 860 1876 ἀλλά
883 1810 944 1894 τήν
966 1806 1027 1895 μὲν
1046 1812 1188 1894 [ἐπί-σοῦ

62 1911 80 1950 ’
129 1919 239 1999 δοσιν]
268 1916 305 1982 ἐν
332 1918 464 2002 χάριτος
487 1916 578 2002 μέρει
600 1914 654 1982 καὶ
679 1917 818 2002 δωρειᾶς
839 1927 997 2002 παρείχον
1019 1917 1137 1986 πλέον

130 2041 193 2090 σαν
219 2032 258 2109 τη
285 2024 394 2106 πόλει,
425 2017 466 2090 οὐ
495 2017 525 2088 δ’
555 2023 574 2090 6
601 2026 703 2108 νόμος
729 2020 961 2108 προσέταττεν,
990 2022 1137 2090 ἐνταῦθα

77 2145 116 2187 1⁶6
128 2141 205 2207 τοῦς
230 2130 378 2213 σώμασιν
410 2127 505 2195 αὐτοί
535 2134 730 2214 λητονργείν
757 2129 880 2212 ήξίουν.
926 2124 999 2195 ἀλλ’
1030 2130 1090 2215 οὐχ
1118 2131 1136 2197 6

129 2237 291 2320 ἵππαρχος
305 2235 457 2318 Μειδίας,
477 2235 560 2301 ἀλλὰ
578 2236 639 2318 τήν
659 2233 774 2300 ἐκτῶν
787 2236 900 2319 νόμων
913 2234 1005 2313 τάξιν
1020 2237 1137 2320 λιπών,

129 2337 171 2409 οὐ
195 2343 291 2426 δίκην
314 2341 439 2424 ὀφείλει
462 2349 501 2425 τῇ
518 2343 613 2407 πόλει
631 2342 760 2421 δοῦναι,
783 2335 872 2407 τοῦτ’
894 2340 931 2406 ἐν
949 2340 1137 2426 εὐεργεσίας

129 2449 309 2533 ἀριθμήσει
331 2447 431 2532 μέρει.
468 2443 659 2530 καίτοιτήυ
681 2447 838 2532 τοιαύτην
860 2452 1086 2532 τριηραρχίαν,
1110 2447 1136 2514 ὢ

128 2556 211 2638 πρὸς
240 2559 346 2636 θεῶν,
378 2555 519 2636 πότερον
550 2554 711 2618 τελωνίαν
742 2549 797 2618 καί
828 2554 1052 2636 πεντηκοστήν
1081 2553 1136 2621 καὶ

128 2661 319 2739 λιποταξίαν
354 2656 411 2724 καὶ
448 2663 618 2743 στρατείας
654 2657 840 2743 ἀπόδρασιν
873 2656 928 2724 καί
959 2659 1065 2725 πάντα
1096 2662 1136 2725 τά

128 2763 259 2833 τοιαῦθ’
290 2764 444 2850 ἁρμόττει
475 2769 602 2847 καλείν,
634 2763 655 2849 ή
683 2768 888 2849 φιλοτιμίαν;
922 2763 1045 2831 οὐδένα
1072 2767 1135 2851 γάρ

129 2877 252 2959 τρόπον
276 2874 378 2938 ἀλλον
400 2870 438 2936 έν
459 2883 529 2947 τοῖς
552 2871 706 2936 ίππεῦσιν
729 2871 831 2937 αὑτὸν
849 2874 1020 2956 στρατείας
1038 2871 1135 2956 ἀτελῆ

128 2988 263 3063 ποιήσαι
286 2979 480 3062 δυνάμενος,
502 2978 627 3061 ταύτην
650 2977 767 3062 εὕρηκε
786 2979 927 3055 Μειδίας
949 2979 1067 3061 καινήν
1085 2978 1135 3043 ίπ-

79 3102 114 3142 167
127 3088 228 3170 πικήν
245 3107 320 3149 τινα
337 3086 570 3168 πεντηκοστήν.
602 3079 658 3148 καὶ
676 3083 739 3168 γὰρ
753 3078 796 3149 αὖ
810 3092 917 3150 τοῦτο.
944 3095 1011 3149 τῶν
1025 3084 1135 3149 ἀλλων

129 3191 282 3258 ἀπάντων
311 3201 379 3255 τῶν
406 3189 589 3254 ἐπιδόντων
616 3189 824 3273 τριηράρχων
851 3191 1135 3274 παραπεμπόντων

128 3300 222 3382 ὑμᾶς,
246 3297 301 3362 ὅτε
323 3292 415 3380 δεῦρ’
438 3291 602 3361 ἀπεπλεῖτ’
624 3293 661 3360 έκ
679 3295 831 3380 Στύρων,
855 3297 957 3378 μόνος
979 3289 1136 3373 οὗτοςού

127 3402 348 3486 παρέπεμπεν,
372 3399 442 3467 ἀλλ’
470 3401 633 3486 ἀμελήσας
655 3399 750 3484 ὑμῶν
773 3401 917 3484 χάρακας
939 3399 993 3466 καὶ
1017 3403 1134 3486 βοσκή·

128 3533 213 3594 ματα
239 3507 294 3574 καλ
320 3505 501 3593 θυρώμαθ’
531 3506 576 3584 ὡς
603 3506 705 3572 αὑτὸν
731 3504 786 3571 καί
814 3502 882 3585 ξύλ’
914 3508 961 3583 είς
987 3510 1027 3572 τά
1054 3509 1135 3599 ἔργα
