2616 3910
138 147 205 212 494
449 151 506 205 XL.
531 149 836 222 [ΔΗΜΟΣΘΕΝΟΤΣ]

137 313 213 394 γύνι
237 309 431 394 ἐπλησίαζεν
458 311 572 377 ὅντινα
600 311 642 393 δή
669 303 742 376 ποτ’
769 304 831 377 οὖν
856 312 993 396 τρόπον·
1022 310 1155 394 οὐγὰρ

112 415 220 499 θέμὸν
246 425 345 483 τοῦτο
373 416 482 500 λέγειν
510 416 586 482 ἐστι’.
632 413 686 480 καὶ
715 414 819 492 οὕτως
846 416 888 481 ού
914 417 1023 482 πάντα
1047 439 1085 498 γε
1110 411 1153 500 ῆν

139 520 202 586 ὑπὸ
229 530 287 605 τῆς
316 521 495 606 ἐπιθυμίας
522 519 775 605 κεκρατημένος,
802 519 879 586 ὥστ’
906 517 986 586 οὐδὲ
1011 529 1069 604 τῆς
1091 545 1152 604 μη-

137 627 214 708 τρὸς
245 636 302 710 τῆς
335 625 413 710 ἐμῆς
446 625 685 710 ἀποθανούσης
717 625 857 708 ήξίωσεν
884 626 989 709 αύτῆν
1016 628 1063 703 εἰς
1089 627 1151 710 τήν

139 733 248 797 οἰκίαν
279 728 356 814 παρ’
393 729 514 798 ἑαυτὸν
546 730 774 814 εἰσδέξασθαι,
807 728 887 797 οὐδέ
920 732 1074 813 τούτους,
1108 732 1153 809 ὡς
1205 811 1209 819 Ι

139 837 223 913 υἱεῖς
240 837 325 902 εἰσιν
344 837 461 920 αὑτοῦ,
480 843 673 920 πεισθῆναι·
698 837 780 902 ἀλλὰ
798 839 857 902 τὸν
876 833 936 922 μέν
954 838 1057 902 ἄλλον
1074 840 1152 921 χρύ-

139 965 202 1008 νον
229 936 322 1009 οὗτοι
350 945 468 1026 διῆγον
497 943 558 1009 οὐκ
586 945 679 1020 ὄντες
705 943 832 1026 τούμοῦ
857 945 996 1027 πατρός,
1025 943 1070 1020 ὡς
1097 941 1154 1009 καὶ

139 1047 234 1131 ὑμῶν
256 1047 291 1114 οἱ
311 1045 429 1113 πολλοὶ
454 1052 581 1130 ἴσασιν,
604 1047 716 1131 ἐπειδή
740 1040 771 1111 δ’
799 1042 896 1125 οὗτος
918 1047 1076 1132 αὐξηθεὶς
1096 1046 1153 1114 καὶ

140 1150 216 1237 μεθ’
247 1151 351 1220 αὑτοῦ
377 1153 713 1238 παρασκευασάμενος
739 1151 957 1237 ἐργαστήριον
984 1171 1153 1237 συκοφαν-

140 1269 223 1344 τῶν,
246 1253 294 1324 ὧν
316 1257 448 1342 ἡγεμὼν
471 1252 515 1342 ήν
538 1262 734 1342 Μνησικλῆς
755 1256 810 1324 καὶ
832 1263 1006 1343 Μενεκλῆς
1029 1259 1154 1337 ἐκεῖνος

142 1364 160 1431 ὁ
187 1365 248 1448 τήν
272 1366 382 1430 Νίνον
407 1361 508 1447 ἑλών,
536 1360 613 1448 μεθ’
640 1357 688 1430 ὧν
712 1359 808 1442 οὗτος
832 1365 996 1445 ἐδικάζετό
1018 1389 1084 1449 μου
1106 1373 1152 1452 τῷ

105 1492 128 1532 ιο
142 1468 240 1552 πατρὶ
259 1470 401 1553 φάσκων
419 1470 492 1546 υίὸς
511 1465 597 1535 εἶναι
615 1468 754 1553 ἐκείνου,
774 1472 928 1538 συνόδων
946 1471 1153 1556 γιγνομένων

142 1581 274 1642 πολλῶν
296 1572 380 1660 ὑπὲρ
403 1577 541 1658 τούτων,
564 1574 620 1641 καὶ
642 1585 703 1642 τοῦ
726 1580 848 1661 πατρὸς
867 1577 929 1642 οὐκ
946 1575 989 1643 ἀν
1008 1578 1153 1662 φάσκον-

142 1705 197 1758 τος
224 1685 418 1764 πεισθῆναι,
448 1681 493 1758 ὡς
516 1675 608 1748 οὗτοι
632 1683 809 1765 γεγόνασιν
832 1681 865 1760 έξ
888 1675 1007 1766 αὐτοῦ,
1034 1688 1143 1748 τελευ-
1156 1695 1219 1746 1011

141 1798 231 1854 τῶσα
252 1786 274 1870 ἡ
294 1788 461 1870 Πλαγγὼν
485 1782 510 1851 ὦ
534 1787 654 1868 ἀνδρες
675 1787 829 1852 δικασταί
846 1787 965 1868 (πάντα
982 1790 1046 1873 γὰρ
1066 1791 1153 1873 εἰρή-

145 1909 233 1958 σεται
260 1893 388 1976 τάληθῆ
416 1895 500 1978 πρὸς
528 1891 625 1980 ὑμᾶς)
654 1895 734 1978 μετὰ
760 1902 821 1959 τοῦ
847 1894 1058 1971 Μενεκλέους
1085 1893 1153 1960 ένε-

143 2000 309 2084 δρεύσασα
337 2001 396 2065 τὸν
422 1997 546 2083 πατέρα
571 2021 637 2083 μου
659 1997 715 2064 καὶ
737 1999 963 2083 ἐξαπατήσασα
986 2001 1088 2087 ὅρκῳ,
1118 1998 1154 2076 ὃς

59 2162 61 2167 ,
143 2104 294 2190 μέγιστος
322 2105 415 2170 δοκεῖ
439 2102 494 2169 καὶ
519 2105 706 2180 δεινότατος
728 2105 816 2189 παρὰ
838 2115 940 2171 πᾶσιν
962 2106 1155 2190 ἀνθρώποις

143 2206 240 2293 εἶναι,
262 2210 454 2294 ὡμολόγησε
473 2211 650 2294 τριάκοντα
669 2219 752 2294 μνᾶς
770 2214 919 2293 λαβοῦσα
936 2213 1075 2288 τούτους
1093 2208 1154 2296 μέν

143 2326 213 2392 τοῖς
244 2315 345 2399 αὐτῆς
377 2315 535 2400 ἀδελφοῖς
564 2318 767 2398 εἰσποιήσειν
793 2317 891 2400 υἱεῖς,
923 2318 1006 2401 αὐτῆ
1034 2313 1080 2400 δ’,
1112 2315 1154 2382 ἂν

145 2421 227 2506 πρὸς
249 2431 294 2510 τῷ
319 2423 469 2507 διαιτητῇ
488 2428 690 2507 προκαλῆται
709 2423 813 2506 αὐτὴν
832 2423 850 2489 ὁ
868 2427 976 2507 πατήρ
994 2445 1058 2508 μου
1077 2423 1154 2507 ὀμό-

145 2546 200 2594 σαι
227 2523 247 2610 ή
274 2529 339 2611 μήν
362 2530 441 2605 τοὺς
463 2529 584 2604 παῖδας
607 2527 639 2606 ἐξ
663 2528 767 2594 αὐτοῦ
789 2527 977 2612 γεγονέναι,
1004 2528 1045 2594 οὐ
1069 2528 1154 2608 δέξε-

145 2641 227 2700 σθαι
249 2635 310 2716 τήν
331 2638 527 2718 πρόκλησιν·
551 2635 679 2699 τούτων
696 2637 760 2720 γὰρ
777 2633 968 2718 γενομένων
986 2635 1061 2700 οὔτε
1080 2636 1155 2701 τού-

145 2763 223 2816 τους
255 2739 542 2823 ἀποστερήσεσθαι
573 2749 631 2822 τῆς
659 2744 800 2823 πόλεως,
831 2748 877 2828 τῷ
903 2763 939 2805 τε
965 2744 1067 2825 πατρί
1090 2765 1155 2824 μου

147 2845 256 2911 οὐκέτι
277 2847 484 2929 δυνήσεσθαι
503 2845 625 2921 αὐτοὺς
642 2846 816 2929 πράγματα
834 2844 999 2930 παρέχειν,
1020 2855 1079 2930 τῆς
1096 2871 1156 2930 μη-

108 2975 131 3012 ιι
145 2954 223 3037 πρὸς
246 2953 356 3017 αὐτῶν
379 2951 420 3017 ού
444 2950 622 3035 δεξαμένης
644 2952 703 3016 τὸν
722 2952 830 3035 ὅρκον.
869 2951 1157 3036 συγχωρηθέντων

146 3057 184 3124 δὲ
206 3058 334 3124 τούτων
356 3059 450 3122 -τί
470 3054 512 3120 ἂν
534 3055 615 3140 ὑμῖν
638 3059 895 3140 μακρολογοίην;
921 3059 966 3135 ὡς
988 3061 1051 3143 γὰρ
1074 3061 1158 3142 πρὸς

145 3167 205 3230 τὸν
224 3164 396 3245 διαιτητήν
416 3162 593 3245 ἀπήντησε,
612 3167 787 3246 παραβᾶσα
805 3164 911 3229 πάντα
929 3166 969 3229 τὰ
988 3165 1157 3248 ὡμολογη-

147 3269 229 3353 μένα
251 3269 272 3352 ἡ
298 3269 475 3351 Πλαγγών,
500 3267 631 3352 δέχεταί
649 3291 685 3334 τε
703 3271 763 3352 τῆν
782 3272 965 3354 πρόκλησιν
983 3268 1038 3336 καὶ
1056 3271 1157 3354 ὄμνυ-

148 3393 202 3438 σιν
230 3373 266 3439 έν
294 3382 338 3461 τῷ
366 3377 539 3462 Δελφινίῳ
567 3375 670 3440 ἀλλον
698 3374 799 3459 ὅρκον
825 3375 979 3441 έναντίον
1005 3385 1050 3464 τῷ
1077 3398 1157 3459 προ-

147 3478 241 3564 τέρω,
266 3479 310 3554 ὡς
333 3476 389 3542 καὶ
411 3478 505 3562 ὑμῶν
528 3481 563 3545 off
581 3478 697 3545 πολλοὶ
717 3486 819 3546 ἴσασι·
841 3483 1036 3565 περιβόητος
1053 3481 1157 3566 γδρῆ
