2614 3904
185 272 254 337 402
466 274 589 328 κων.
614 271 919 345 [Διεαοκοεαοεε]

182 431 212 500 ὦ
244 435 351 519 ἀνδρες
380 431 537 515 Ἀθηναῖοι
566 436 709 511 Θεόδοτος
737 437 891 517 πολλάκις,
922 435 972 502 καλ
997 437 1122 517 νομίσας
1149 438 1214 500 τὸν·

189 534 314 614 Λάμπιν
345 534 444 613 ψευδῆ
475 532 663 614 μαρτυρεῖνίί.
708 535 800 614 δῆλον
828 529 856 596 δ’
886 534 931 597 δτι
956 536 1100 598 κοινωνοί
1122 534 1201 609 τινές

187 631 262 694 εἰσιν
284 632 318 695 οί
336 629 410 712 πρὸς
433 629 486 694 τόν
511 625 663 712 Φορμίων’
688 630 905 713 ἀγωνιζόμενοι.

277 877 401 939 Δίκαια
418 872 513 958 ὑμῶν
532 866 709 958 δεησόμεδ’
729 869 755 939 ὑ
775 874 894 957 ἀνδρες
912 873 1074 952 δικασταί,
1093 873 1253 939 ἀκού-907

189 995 245 1044 σαι
266 979 361 1063 ἡμῶν
384 972 453 1064 μετ’
475 979 608 1056 εὐνοίας
630 978 667 1044 ἐν
685 987 730 1068 τῳ
750 977 841 1064 μέρει
860 981 1037 1064 λεγόντων,
1060 982 1201 1063 γνόντας

189 1085 239 1150 ότι
272 1087 399 1150 ἰδιῶται
431 1088 599 1162 παντελῶς
630 1083 745 1170 ἐσμεν,
777 1083 831 1150 καί
863 1087 970 1151 πολὺν
1002 1089 1125 1170 χρόνον
1153 1088 1200 1163 είς

187 1191 225 1255 τὸ
253 1188 413 1277 ὑμέτερον
441 1191 600 1276 ἐμπόριον
623 1192 914 1276 εἰσαφικνούμενοι
937 1188 991 1256 καί
1014 1193 1200 1275 συμβόλαια

188 1301 323 1374 πολλοῖς
355 1299 615 1382 συμβάλλοντες,
649 1297 809 1381 οὐδεμίαν
835 1299 966 1362 πώποτε
994 1299 1090 1382 δίκην
1117 1299 1201 1383 πρὸς

188 1400 272 1484 ὑμᾶς
296 1405 507 1486 εἰσήλθομεν,
531 1397 600 1468 οὔτ’
628 1403 843 1486 ἐγκαλοῦντες
867 1397 936 1468 οὔτ’
962 1401 1200 1487 ἐγκαλούμενοι

161 1505 247 1591 εὑφ’
266 1506 395 1593 ἑτέρων.
428 1506 499 1574 οὐδ’
519 1507 561 1574 ἀν
579 1518 654 1590 νύν,
673 1507 816 1592 ἀκριβῶς
834 1515 902 1574 ίστε
922 1503 948 1573 δι
967 1509 1087 1593 ἄνδρες
1102 1505 1200 1593 Ἀθη-

189 1625 292 1697 ναῖοι,
320 1617 352 1681 εί
376 1614 650 1699 ὑπελαμβάνομεν
678 1613 884 1680 ἀπολωλέναι
911 1617 952 1680 τδι
973 1618 1122 1700 χρήματα
1146 1613 1201 1680 ἐπὶ

188 1729 246 1802 τῆς
268 1722 351 1796 νεδος
372 1730 429 1805 τῆς
452 1722 706 1805 διαφθαρείσης,
730 1719 751 1785 δ
775 1720 990 1804 ἐδανείσαμεν
1016 1723 1198 1806 Φορμίωνι,

189 1824 250 1890 ούκ
282 1827 323 1891 άν
355 1824 426 1891 ποτ’
458 1823 616 1912 ἐλάχομεν
647 1828 709 1910 τὴν
724 1897 726 1904 ρ
743 1828 839 1908 δίκην
869 1826 971 1914 αύτῷ·
1005 1827 1065 1911 οὑχ
1092 1826 1200 1903 οὑτως

188 1929 281 2016 ἡμεῖς
304 1931 523 2016 ἀναίσχυντοί
542 1931 641 2015 ἐσμεν
664 1929 737 1996 οὐδ’
760 1933 890 2016 ἀπειροι
910 1939 970 1998 τοῦ
990 1935 1199 2016 ζημιοῦσθαι.

188 2041 322 2102 πολλῶν
345 2035 375 2102 δ’
402 2037 486 2122 ἡμᾶς
508 2040 718 2120 κακιζόντων,
743 2035 798 2102 καί
822 2039 961 2121 μάλιστα
984 2049 1051 2103 τῶν
1074 2037 1111 2103 έν
1134 2043 1199 2103 Βο-

189 2146 301 2232 σπόρῳ
334 2143 607 2229 ἐπιδημησάντων
639 2143 704 2227 όίμα
736 2147 923 2228 Φορμίωνι,
956 2144 1049 2228 οἵπερ
1077 2135 1200 2209 τοῦτον

189 2247 312 2334 ᾔδεσαν
335 2248 376 2314 ού
399 2247 671 2316 συναπολέσαντα
693 2249 733 2313 τά
756 2252 903 2333 χρήματα
927 2248 963 2314 έν
983 2257 1023 2334 τῇ
1040 2253 1108 2333 νηί,
1132 2251 1200 2314 δει-

189 2356 250 2419 νὸν
275 2349 436 2440 ἡγούμεθ’
463 2350 548 2420 εἶναι
571 2356 609 2420 τὸ
631 2355 675 2439 μη
698 2358 866 2440 βοηθῆσαι
887 2354 967 2438 ἡμῖν
991 2354 1104 2430 αύτοίς
1127 2353 1199 2420 άδι-

188 2459 363 2545 κουμένοις
384 2460 449 2526 ὑπὸ
471 2461 602 2526 τούτου.

160 2592 193 2632 ε.
270 2566 365 2652 ,Περὶ
396 2563 457 2651 μὲν
490 2561 552 2632 οὑν
579 2575 637 2650 τῆς
664 2576 883 2651 παραγραφῆς
909 2567 1034 2652 βραχύς
1061 2567 1154 2632 ἐστιν
1172 2568 1200 2633 ’ὁ

188 2675 299 2756 λόγος’
322 2670 378 2738 καί
397 2672 461 2757 γάρ
480 2667 574 2756 οὑτοι
593 2673 634 2737 ού
652 2674 690 2736 τὸ
709 2673 864 2756 παράπαν
882 2676 1088 2756 συμβόλαιον
1106 2671 1200 2756 ἐξαρ-

188 2788 327 2844 νοῦνται
349 2781 393 2863 μὴ
417 2779 575 2862 γενέσθαι
594 2778 694 2866 ἐντῷ
713 2777 858 2864 ἐμπορίῳ
877 2787 922 2866 τῳ
941 2776 1098 2865 ὑμετέρῳ,
1122 2777 1195 2844 ἀλλ’

188 2885 304 2973 οὐκέτιΙ
331 2880 420 2950 εἷναί
449 2902 531 2968 φασι
562 2885 645 2966 πρὸς
677 2882 814 2960 ἑαυτοὺς
846 2879 946 2950 οὐδὲν
978 2886 1199 2968 συμβόλαιον·

188 2989 401 3074 πεποιηκέναι
429 2992 492 3074 γὰρ
518 2987 618 3055 οὐδὲν
642 2989 701 3068 ἔξω
724 3000 791 3054 τῶν
814 2989 850 3054 ἐν
873 2998 912 3074 τῇ
935 2999 1113 3074 συγγραφῇ
1136 3013 1190 3073 γε·
1200 3003 1254 3052 908

160 3096 395 3184 ,γραμμένωα
410 3131 417 3170 ς
433 3097 469 3160 οί
488 3095 600 3180 μέντοι
623 3099 732 3180 νόμοι,
754 3090 833 3161 καθ’
855 3095 913 3172 οὓς
934 3095 1029 3180 ὑμεῖς
1047 3095 1200 3161 δικασταί

188 3206 357 3289 κάθησθε,
386 3202 447 3286 οὐχ
471 3201 557 3266 οὑτω
581 3201 751 3285 λέγουσιν,
775 3199 846 3266 ἀλλ’
872 3197 956 3285 ὑπὲρ
980 3197 1041 3285 μὲν
1062 3213 1130 3267 τῶν
1153 3203 1200 3287 μὴ

188 3308 376 3394 γενομένων
414 3308 498 3385 ὅλως
534 3310 748 3392 συμβολαίων
776 3301 937 3389 Ἀθήνησι
969 3303 1045 3392 μηδ’
1081 3308 1129 3384 είς
1161 3309 1201 3373 τὸ

186 3411 373 3498 Ἀθηναίων
405 3414 564 3499 ἐμπόριον
595 3410 887 3498 παραγράφεσθαι.
907 3407 1106 3496 δεδώκασιν,
1140 3412 1201 3479 ἐὰν

189 3519 229 3584 δέ
249 3543 298 3598 τις
320 3519 480 3601 γενέσθαι
502 3516 563 3604 μὲν
582 3519 738 3605 ὁμολογῇ,
763 3518 961 3604 ἀμφισβητῇ
973 3517 1009 3584 δὲ
1029 3519 1074 3595 ὡς
1090 3518 1200 3584 πάντα

188 3627 344 3707 πεποίηκε
366 3626 406 3688 τά
430 3630 642 3709 συγκείμενα,
667 3625 904 3710 ἀπολογεῖσθαι
926 3626 1121 3691 κελεύουσιν
1144 3627 1200 3693 εύ-
