2590 3900
166 139 231 203 268
465 142 563 193 XXIV.
585 140 865 194 ΔΗΜΟΣΘΕΝΟΤΣ

164 297 208 364 δι’
235 299 256 366 ἃ
280 306 391 389 πολλῷ
415 306 541 387 μᾶλλον
564 298 606 366 ἀν
629 302 762 377 εἰκότως
784 300 828 384 μή
850 302 1053 383 θελήσαντες
1076 298 1175 366 ἀκοῦ-

165 421 220 470 σαι
244 415 306 472 σοῦ
327 407 477 473 θάνατον
499 402 783 489 καταψηφίσαινθ’
806 400 910 490 οὗτοι,
933 403 954 490 ἦ
973 401 1017 470 δι’
1039 399 1175 490 Ἀνδρο-

159 509 253 602 ,τίων’
281 512 454 597 ἀφείησαν.

113 635 150 674 ιιι
244 615 314 682 ’Ότι
336 621 453 683 τοίνυν
476 612 555 683 οὐδὲ
577 617 639 700 τήν
661 616 832 701 εἰσπραξιν
854 615 959 700 αὐτήν
976 611 1061 698 ὑπὲρ
1080 615 1176 699 ὑμῶν

162 726 367 806 πεποίηνται,
390 719 445 788 καί
467 721 556 789 τοῦτ’
579 723 696 788 αὐτίκα
719 724 761 806 δή
782 720 858 808 μόλ’
880 723 960 807 ὑμῖν
980 723 1084 805 δῆλον
1102 743 1177 786 ποι-

162 830 240 912 ήσω.
278 829 309 892 εἰ
329 828 392 911 γάρ
415 851 465 905 τις
487 826 587 914 ἔροιτ’
612 829 744 910 αὐτούς,
767 822 876 912 πότερ’
899 828 1012 904 αὐτοῖς
1035 825 1172 893 δοκοῦσ’

164 933 290 998 ἀδικεῖν
318 938 444 1018 μᾶλλον
472 934 533 1017 τήν
559 937 658 999 πόλιν
681 934 716 1000 οἰ
737 944 962 1017 γεωργοῦντες
983 932 1038 999 καί
1061 935 1177 1017 φειδό-

164 1061 269 1123 μενοι,
295 1040 351 1104 διὰ
373 1039 614 1123 παιδοτροφίας
637 1035 674 1105 δὲ
696 1037 753 1105 καί
776 1037 871 1106 οἰκεῖ’
899 1039 1096 1124 ἀναλώματα
1119 1038 1177 1104 καί

131 1183 134 1189 -
163 1147 361 1229 λητουργίας
384 1143 496 1228 ἑτέρας
519 1143 741 1222 ἐλλελοιπότες
762 1146 935 1231 εἰσφοράν,
958 1144 979 1229 ή
999 1146 1034 1210 οἰ
1049 1145 1089 1209 τδ
1107 1156 1177 1210 τῶν

164 1248 395 1334 ἐθελησόντων
427 1252 625 1333 εἰσενεγκεῖν
657 1253 806 1336 χρήματα
837 1249 894 1318 καί
924 1252 965 1318 τὰ
991 1251 1081 1334 παρὰ
1107 1262 1177 1316 τῶν

163 1357 343 1440 συμμάχων
361 1355 553 1432 κλέπτοντες
571 1354 627 1420 καί
646 1356 858 1440 ἀπολλύντες,
877 1357 940 1422 οὐκ
958 1353 1000 1421 ἀν
1014 1362 1062 1432 εἰς
1075 1364 1176 1422 τοῦτο

163 1461 272 1544 δήπου
297 1464 435 1546 τόλμης,
462 1465 579 1546 καίπερ
608 1463 701 1539 ὄντες
724 1462 885 1546 ἀναιδεῖς,
913 1465 1063 1545 ἔλθοιεν,
1091 1463 1177 1526 ὥστε

162 1575 267 1650 φήσαι
293 1569 372 1643 τοὺς
397 1567 437 1632 τά
466 1565 593 1632 ἑαυτῶν
620 1568 663 1652 μή
693 1567 908 1652 εἰσφέροντας
935 1572 1061 1652 μᾶλλον
1091 1567 1176 1648 [ἀδι-

111 1691 149 1730 ιιθ
163 1675 248 1753 κεῖν]
272 1669 292 1754 ή
313 1675 391 1749 τοὺς
409 1674 448 1738 τὰ
466 1669 551 1738 κοίν’
573 1673 851 1758 ὑφαιρουμένους.
883 1677 973 1751 τίνος
992 1668 1055 1739 οὑν
1073 1671 1172 1738 εἵνεκ’

164 1773 189 1842 ὦ
217 1780 416 1862 Τιμόκρατες
443 1776 498 1844 καί
523 1775 739 1862 Ἀνδροτίων,
767 1778 851 1844 έτῶν
878 1781 986 1844 ὄντων
1010 1782 1175 1845 πλειόνων

163 1881 183 1966 ή
206 1880 371 1968 τριάκοντ’
394 1881 451 1966 ἀφ’
476 1877 517 1949 οὗ
540 1884 558 1949 ὅ
579 1879 610 1968 γ’
632 1883 741 1969 ἕτερος
759 1885 854 1968 ὑμῶν
871 1886 1087 1967 πολιτεύεται,
1110 1882 1166 1950 καί
1177 1902 1228 1951 754

163 1987 200 2054 έν
227 1988 333 2077 τούτφ
360 1996 405 2076 τῷ
433 1991 542 2077 χρόνῳ
565 1992 698 2054 πολλῶν
722 1984 783 2072 μέν
805 2001 999 2074 στρατηγῶν
1021 1991 1175 2073 ήδικηκό-

163 2118 229 2159 των
252 2095 313 2176 τήν
336 2096 445 2175 πόλιν,
469 2098 601 2160 πολλῶν
625 2089 662 2160 δὲ
683 2094 845 2179 ῥητόρων,
869 2097 905 2160 οἳ
919 2095 1009 2179 παρδι
1027 2094 1174 2161 τουτοισί

162 2199 339 2284 κέκρινται,
364 2193 410 2264 ὧν
434 2200 470 2265 οἰ
489 2195 550 2283 μέν
573 2205 733 2265 τεθνᾶσιν
757 2197 809 2284 ἐφ’
837 2193 887 2277 οἷς
910 2201 1060 2284 ἠδίκουν,
1084 2201 1119 2265 οἰ
1140 2201 1168 2268 δ’

162 2307 437 2391 ὑποχωρήσαντες
469 2305 595 2394 ᾤχοντο
626 2309 846 2388 καταγνόντες
879 2306 1004 2390 αὑτῶν,
1037 2306 1174 2385 οὐδενὸς

162 2409 286 2478 πώποτ’
322 2411 486 2497 έξητάσθη
518 2415 700 2496 κατήγορος
732 2410 826 2495 ὑμῶν
858 2411 1049 2497 οὐδέτερος,
1083 2411 1169 2493 [οὐδ’

163 2517 357 2602 ἀγανακτῶν
383 2519 484 2601 ύφθη
508 2515 592 2602 ὑπὲρ
616 2511 664 2582 ὧν
686 2516 707 2600 ἡ
730 2521 825 2594 πόλις
847 2519 995 2602 πάσχει],
1024 2516 1094 2582 ἀλλ’
1120 2518 1172 2584 έν·

162 2621 260 2690 ταῦθ’
280 2620 423 2708 ἐφάνηθ’
441 2622 536 2708 ήμῶν
553 2625 743 2708 κηδόμενοι,
763 2618 804 2688 οὗ
822 2627 966 2701 πολλοὺς
984 2625 1051 2690 ἔδει
1067 2635 1172 2700 κακῶς

110 2750 149 2790 ιτε
163 2740 311 2813 ποιήσαις
340 2727 497 2814 βούλεσθ’
525 2724 551 2795 ὦ
579 2730 698 2814 ἀνδρες
718 2723 890 2812 Ἀθηναῖοι
912 2731 949 2794 τὸ
972 2729 1101 2796 τούτων
1124 2735 1172 2796 αἰ-

162 2860 235 2902 τιου
258 2835 349 2920 [ἐγὼ]
373 2836 453 2920 ὑμῖν
472 2842 567 2915 εἰπως
591 2835 727 2901 ὅτιτῶν
745 2831 805 2919 μέν
824 2834 1017 2920 μετέχουσιν
1035 2830 1084 2900 ὧν
1103 2834 1172 2899 ἀδι-

162 2952 280 3009 κοὺσιυ
307 2941 392 3026 ὑμῶς
413 2941 516 3024 τινές,
545 2941 608 3006 ἀπὸ
632 2951 698 3006 τῶν
722 2938 751 3006 δ’
779 2940 1064 3027 εἰσπραττομένων
1087 2941 1171 3025 ὑφη-

163 3059 299 3134 ρούντο·
324 3043 368 3111 δι’
391 3045 574 3129 ἀπληστίαν
597 3042 634 3113 δέ
656 3048 788 3130 τρόπων
812 3047 950 3130 διχόθεν
967 3055 1170 3132 καρποῦνται

162 3156 224 3238 τὴν
242 3156 347 3219 πόλιν.
382 3154 458 3218 ούτε
476 3154 539 3236 γὰρ
559 3153 644 3240 ῥᾷον
662 3157 797 3230 πολλοῖς
814 3150 870 3218 καί
888 3151 976 3239 μίκρ’
998 3152 1170 3219 ἀδικοῦσιν

163 3260 428 3344 ἀπεχθάνεσθαι,
455 3257 475 3342 ή
503 3258 628 3342 ὀλίγοις
655 3256 710 3323 καί
732 3259 868 3342 μεγάλα,
892 3258 967 3323 ούτε
991 3261 1170 3343 δημοτικό-

164 3388 260 3449 τερον
288 3365 397 3446 δήπου
423 3365 463 3429 τὰ
490 3376 556 3429 τῶν
583 3370 716 3430 πολλῶν
744 3359 924 3448 ἀδικήμαθ’
955 3363 1053 3450 δρᾶν,
1083 3363 1104 3448 ή
1131 3365 1170 3429 τά

7 3483 9 3556 ᾗ
113 3483 151 3522 ¹⁷⁶
165 3478 231 3531 τῶν
250 3468 379 3551 ὀλίγων.
418 3469 499 3534 ἀλλά
517 3464 605 3533 τοῦτ’
623 3474 730 3534 αἰτιον
749 3469 837 3552 οὑγὼ
857 3467 950 3553 λέγω.
986 3470 1039 3535 δεῖ
1054 3474 1190 3536 τοίνυνΙ
