2616 3910
448 139 546 190 ΠΡΟΣ
565 139 831 192 HANTAINETON.
1081 135 1147 200 467

138 297 338 385 δικαστηρίῳ
361 306 464 362 ταῦτα
487 300 663 381 κατηγόρει
685 296 739 364 καὶ
763 300 862 363 δυοίν
885 296 1062 363 ταλάντοιν
1086 287 1150 362 εἷλε

100 425 123 462 τι
139 401 245 485 δίκην.
281 397 324 485 ην
346 404 410 487 γάρ
433 398 525 486 οἶμαι
547 405 631 469 κατά
653 401 715 487 μέν
737 406 816 481 τούς
834 405 957 487 νόμους
975 401 1151 486 προειδότα

137 508 199 590 τὴν
221 508 341 590 αἰτίαν,
365 505 418 591 ἐφ’
442 499 463 594 ᾖ
485 511 642 591 κρίνεται,
666 505 787 596 ῥᾴδιον
809 506 938 592 τάληθῆ
961 504 1078 572 καὶτὰ
1102 507 1151 572 δί-

138 607 205 678 και’
237 607 433 693 ἐπιδείξαντ’
464 612 687 697 ἀποφεύγειν,
719 613 756 680 ἐν
788 610 825 679 δὲ
856 617 1032 698 μεταλλικῇ
1064 613 1151 697 δίκη,

6 735 7 740 ’
138 716 214 801 περὶ
246 711 293 784 ὧν
325 716 398 785 οὐδ’
430 717 472 784 ἀν
504 721 643 802 ἤλπισεν
674 719 778 786 αὑτοῦ
804 722 1151 804 κατηγορηθήσεσθαι,

138 824 282 909 χαλεπὸν
308 821 496 910 παραχρῆμ’
524 827 612 910 ἐχειν
636 825 869 890 ἀπολύσασθαι
891 825 953 908 την
977 824 1150 907 διαβολήν·

138 927 159 1008 ἡ
186 924 215 994 δ’
242 928 324 1012 ὀργὴ
348 930 438 1012 παρὰ
460 940 528 994 τῶν
552 928 804 1014 ἐξηπατημένων
827 929 892 994 ὑπὸ
914 930 1037 994 τούτου
1060 929 1151 993 δικα-

139 1047 243 1118 στῶν,
267 1033 320 1120 ἐφ’
347 1026 373 1124 ᾧ
396 1036 459 1119 τὴν
481 1044 598 1119 ψῆφον
621 1030 712 1120 εἶχον
734 1036 915 1119 πράγματι,
938 1044 1036 1101 τοῦτο
1059 1056 1151 1100 κατε-

99 1165 125 1203 ιε
138 1145 317 1225 ψηφίσατο.
355 1145 462 1206 καίτοι
479 1142 540 1206 τὸν
559 1140 706 1218 ἐκείνους
725 1140 946 1225 ἐξηπατηκότα
964 1143 1042 1217 τοὺς
1061 1141 1151 1205 δικα-

139 1248 227 1328 στάς,
251 1241 304 1332 ἀρ’
326 1246 480 1330 ὀκνήσειν
501 1245 587 1330 ὑμᾶς
605 1247 768 1326 ἐξαπατᾶν
788 1253 916 1324 οίεσθε;
940 1246 1151 1329 ἢπεπιστεν-

138 1355 218 1417 κότα
242 1350 379 1418 εἰσιέναι
400 1363 471 1429 τοῖς
493 1353 693 1437 πράγμασιν,
717 1347 789 1418 ἀλλ’
811 1353 852 1419 ού
875 1364 945 1429 τοῖς
966 1354 1078 1435 λόγοις
1095 1349 1151 1417 καλ

138 1467 209 1536 τοϊς
221 1469 405 1524 συνεστῶσι
419 1453 495 1542 μεθ’
512 1457 616 1524 αὑτοῦ
629 1460 783 1542 μάρτυσι,
796 1465 842 1546 τῷ
857 1455 885 1522 τ’
903 1457 1081 1545 ἀκαθάρτῳ
1095 1453 1152 1522 κοιλ

138 1571 245 1651 μιαρῳ
264 1567 420 1648 Προκλεῖ,
443 1573 490 1652 τῳ
512 1564 643 1653 μεγάλῳ
665 1565 784 1652 τούτῳ,
806 1561 860 1630 καὶ
880 1568 1085 1650 Στρατοκλεῖ
1104 1569 1149 1650 τῷ

138 1669 358 1758 πιθανωτάτῳ
386 1671 520 1735 πάντων
548 1669 739 1755 ἀνθρώπων
761 1667 816 1734 καί
839 1669 1067 1756 πονηροτάτῳ,
1095 1665 1151 1733 καὶ

137 1784 184 1863 τῳ
206 1770 310 1860 μηδὲν
328 1774 615 1860 ὑποστελλόμενον
633 1772 710 1859 μηδ’
733 1777 976 1861 αἰσχυνόμενον
994 1777 1151 1856 κλαησειν

98 1906 124 1945 ιε
138 1880 194 1948 καὶ
213 1881 423 1967 όδυρεῑσθαι;
445 1884 554 1946 καίτοι
571 1882 735 1947 τοσούτου
753 1881 822 1958 δελς
839 1879 935 1946 ἐλέου
952 1881 1043 1957 τινὸς
1061 1879 1151 1958 ἀξιος

139 1983 241 2070 εἶναι,
278 1987 363 2052 ὥστε
398 1989 575 2071 μισηθείης
606 1984 649 2051 ἀν
680 1983 858 2068 δικαιότατ’
896 1986 1086 2073 ἀνθρώπων
1117 1985 1150 2067 ἐξ

140 2085 188 2158 ὧν
215 2093 517 2177 πεπραγμάτευσαι·
546 2092 583 2168 ὅς
609 2089 641 2176 γ’
667 2091 814 2176 ὀφείλων
841 2101 925 2177 μνᾶς
952 2091 1069 2158 ἑκατὸν
1095 2089 1150 2158 καλ

140 2196 235 2263 πέντε
263 2196 318 2263 καλ
347 2198 407 2284 οὐχ
431 2190 502 2275 οἷός
523 2193 552 2263 τ’
579 2198 627 2264 ὢν
650 2200 819 2282 διαλῦσαι,
846 2201 924 2275 τοὺς
946 2207 1049 2265 ταῦτα
1072 2214 1151 2264 συν-

139 2306 387 2388 ευπορήσαντας
413 2301 469 2370 καλ
496 2302 696 2387 γενομένους
723 2306 849 2380 αίτίους
877 2320 931 2369 σοι
958 2312 1019 2370 τοῦ
1040 2305 1080 2370 τὰ
1101 2305 1149 2369 δί-

139 2433 216 2474 καια
243 2419 379 2494 ποιῆσαι
406 2420 476 2487 τοϊς
505 2413 735 2493 συμβαλοῦσιν
762 2408 795 2486 ἐξ
821 2407 939 2494 ἀρχῆς,
966 2407 1066 2495 χωρλς
1093 2403 1199 2476 ὧνθει

138 2512 215 2601 περὶ
241 2515 325 2580 αὐτὰ
352 2517 392 2580 τά
420 2513 594 2599 συμβόλαι’
625 2515 766 2598 ἠδίκεις,
797 2512 854 2580 καλ
880 2516 963 2598 πρὸς
990 2513 1150 2599 ἀτιμῶσαι

140 2623 252 2705 ζητεῖς.
297 2618 352 2686 καλ
378 2623 458 2697 τούς
480 2615 541 2703 μὲν
564 2621 686 2697 ἀλλους
707 2623 786 2698 τοὺς
809 2617 1060 2705 δανειζομένους
1083 2622 1150 2690 ίδοι

137 2750 188 2803 τις
210 2724 253 2791 ἂν
274 2724 504 2810 ἐξισταμένους
521 2736 589 2791 τῶν
608 2727 730 2791 όντων·
753 2723 807 2791 σολ
826 2721 856 2790 δ’
879 2726 897 2792 ό
916 2728 1150 2811 συμβεβληκὼς

139 2840 238 2897 τοῦτο
265 2830 430 2914 πέπονθε,
462 2827 518 2896 καὶ
546 2830 701 2909 δανείσας
726 2832 905 2913 τάλαντον,
934 2829 986 2897 δύ’
1019 2833 1151 2917 θφληιιε

98 2959 126 3002 εο
140 2939 416 3022 συκοφαντηθείς.
463 2937 527 3020 ἐγὼ
555 2932 592 3001 δέ
618 2937 856 3023 τετταράκοντα
880 2946 963 3021 μνᾶς
986 2938 1150 3021 δανείσας,

139 3045 238 3110 δυοῖν
268 3044 446 3110 ταλάντοιν
475 3040 612 3127 ταυτηνὶ
639 3044 754 3128 φεύγω
783 3044 887 3125 δίκην.
934 3040 989 3109 καὶ
1016 3043 1069 3129 ἐφ’
1101 3038 1151 3122 οἷς

139 3151 360 3215 δανείσασθαι
389 3145 451 3234 μὲν
478 3145 681 3215 οὐδεπώποτ’
712 3149 887 3233 ηδυνηθης
914 3147 1030 3214 ἑκατὸν
1057 3161 1151 3233 μνῶν

138 3255 251 3338 πλέον,
274 3254 442 3341 πέπρακας
465 3251 502 3320 δέ
524 3254 678 3332 καθάπαξ
695 3263 799 3339 τριῶν
816 3255 987 3320 ταλάντων
1005 3252 1060 3320 καὶ
1080 3256 1150 3319 δισ-

137 3366 269 3448 χιλίων,
307 3364 353 3438 είς
389 3368 491 3426 ταῦτα
528 3357 653 3444 τέτταρ’
690 3360 734 3436 ὡς
770 3361 877 3426 ἐοικεν
909 3360 1063 3443 ἠδίκησαι
1095 3361 1150 3423 τά-

138 3472 250 3533 λαντα.
280 3467 345 3533 ὑπὸ
363 3477 424 3534 τοῦ
441 3475 558 3544 ταύτας
578 3465 642 3531 ὑπὸ
657 3476 717 3532 τοῦ
732 3464 861 3531 οίκέτου
875 3467 915 3548 νὴ
931 3469 999 3528 Δία
1013 3463 1146 3548 τούμοῦ.

933 3570 987 3620 30*
