2612 3918
501 150 596 200 RATA
613 149 776 201 ΜΕΙΔΙΟΤ.
1101 147 1142 210 97

136 311 245 392 λόγος,
271 311 330 391 ,,τί
349 310 390 393 δή
413 310 454 374 τά
476 306 532 375 καὶ
554 309 593 373 τά
617 309 792 385 πεπονθὼς
816 309 833 376 ὑ
857 307 939 375 δεῖν’
967 309 1027 375 οὐκ
1050 309 1145 394 ἐλάμ-

136 417 239 498 βανεν
263 414 360 498 δίκην
382 410 458 499 παρ’
486 414 603 500 ἐμοῶ;“
626 414 647 499 ή
672 419 729 497 ,,τί
744 416 809 500 δή“
828 416 927 480 πάλιν
946 417 1050 482 άλλον,
1067 421 1146 492 ίσως

135 522 210 585 τινὰ
238 531 306 586 τῶν
332 519 542 606 ἠδικημένων
569 521 746 606 ὀνομάζων.
792 520 855 605 ἐγὼ
885 519 922 586 δέ
951 519 994 586 δι’
1022 519 1061 598 ἃς
1085 517 1145 605 μέν

135 627 319 712 προφάσεις
342 625 476 704 ἕκαστος
498 627 675 711 ἀφίσταται
697 637 757 694 τοῦ
781 631 922 711 βοηθεῖν
943 626 1042 716 αὑτῷ,
1065 627 1145 692 πάν-

11 749 12 824 ζ
136 756 193 810 τας
216 733 301 816 ὑμᾶς
324 733 447 798 είδέναι
469 736 606 818 νομίζω·
642 732 696 799 καὶ
720 736 782 819 γάρ
806 733 943 818 άσχολιά
965 731 1021 799 καὶ
1044 732 1146 818 άπρα-

11 829 12 920 ὑ
136 839 287 924 γμοσύνη
315 837 369 905 καὶ
396 841 433 905 τὸ
462 841 506 924 μή
535 840 703 906 δύνασθαι
731 840 839 924 λέγειν
865 839 920 905 καὶ
949 839 1070 924 ἀπορία
1092 837 1145 904 καὶ

83 961 123 1002 142
138 943 228 1030 μυρί’
256 944 346 1011 ἐστὶν
373 951 475 1010 αῖτια·
507 949 686 1031 προσήκειν
713 946 825 1031 μέντοι
847 947 953 1035 τούτῳ
977 948 1020 1031 μή
1044 954 1146 1013 ταῦτα

138 1051 246 1134 λέγειν
269 1051 414 1136 ἡγοῦμαι
436 1055 530 1136 νυνί,
559 1050 630 1118 ἀλλ’
658 1053 701 1130 ὡς
723 1053 764 1120 οὐ
787 1051 945 1137 πεποίηκέ
965 1077 996 1118 τι
1018 1053 1146 1118 τούτων

104 1177 107 1181 ·
139 1151 185 1223 ὧν
213 1157 316 1223 αὐτοῦ
342 1162 550 1244 κατηγόρηκα
574 1159 758 1243 διδάσκειν,
786 1158 844 1224 ἐὰν
868 1154 905 1223 δὲ
928 1159 971 1243 μή
996 1159 1145 1242 δύνηται,

139 1267 193 1330 διὰ
221 1261 312 1330 ταῦτ’
340 1263 546 1330 ἀπολωλέναι
570 1267 656 1331 πολὺ
678 1269 813 1349 μᾶλλον.
859 1266 890 1329 εί
910 1266 974 1349 γάρ
996 1268 1144 1347 τηλικοῦ-

11 1401 13 1430 ι
138 1373 192 1448 τός
215 1373 264 1448 τίς
286 1369 387 1453 ἐστιν,
410 1371 492 1436 ὥστε
515 1380 651 1438 τοιαῦτα
673 1381 778 1437 ποιῶν
802 1371 969 1436 δύνασθαι
991 1368 1068 1435 καθ’
1094 1368 1141 1436 ἕν’

137 1477 230 1562 ήμῶν
249 1475 386 1543 ἕκαστον
405 1476 599 1562 ἀποστερεῖν
617 1487 678 1543 τοῦ
697 1477 790 1560 δίιιης
803 1471 879 1559 παρ’
898 1476 1002 1542 αὐτοῦ
1014 1487 1136 1561 τυχεῖν,
1147 1487 1194 1537 σοι

137 1593 232 1669 κοινή
264 1591 343 1665 νῦν,
378 1582 552 1668 ἐπειδήπερ
580 1588 743 1667 εἴληπται,
775 1591 876 1648 πᾶσιν
902 1577 985 1668 ὑπὲρ
1013 1583 1146 1649 πάντων

136 1690 352 1776 τιμωρητέος,
375 1691 416 1766 ὡς
439 1691 551 1766 κοινὸς
574 1689 694 1774 ἐχθρὸς
717 1697 755 1774 τῇ
778 1693 933 1776 πολιτείᾳ.

85 1811 124 1853 1⁴⁸
226 1795 366 1880 Λέγεται
392 1799 509 1862 τοίνυν
536 1792 608 1862 ποτ’
640 1795 676 1861 ἐν
703 1805 742 1880 τή
770 1797 863 1861 πόλει
890 1797 972 1861 κατὰ
998 1798 1059 1880 τήν
1085 1818 1144 1862 πα-

138 1905 235 1970 λαιάν
267 1902 396 1986 ἐκείνην
429 1903 646 1987 εὐδαιμονίαν
674 1900 881 1986 Ἀλκιβιάδης
912 1900 1085 1985 γενέσθαι,
1119 1893 1145 1991 ᾧ

139 2008 306 2088 σκέψασθε
338 2012 441 2074 τίνων
475 2009 692 2093 ὑπαρχόντων
723 2007 778 2074 καὶ
804 2010 910 2073 ποίων
937 2020 1038 2074 τινῶν
1064 2009 1146 2093 πρὸς

138 2117 197 2182 τὸν
220 2117 340 2200 δῆμον,
366 2125 434 2192 πῶς
458 2111 637 2199 ἐχρήσανθ’
664 2114 758 2198 ὑμῶν
781 2116 816 2181 οί
837 2117 1010 2198 πρόγονοι,
1034 2114 1145 2198 ἐπειδὴ

138 2223 298 2307 βδελυρὸς
320 2219 375 2286 καὶ
398 2221 555 2304 ὑβριστής
578 2219 660 2308 ᾤετο
684 2223 755 2286 δεῖν
774 2216 867 2285 εἶναι.
904 2219 958 2286 καὶ
977 2220 1039 2286 οὐκ
1057 2219 1145 2285 άπει-

137 2329 236 2395 κάσαι
268 2329 375 2410 δήπου
402 2329 549 2392 Μειδίαν
577 2321 765 2412 Ἀλκιβιάδη
797 2328 1000 2410 βουλόμενος
1025 2327 1146 2392 τούτου

138 2433 302 2520 μέμνημαι
325 2443 385 2499 τοῦ
409 2437 522 2516 λόγου,
546 2433 607 2518 οὐχ
626 2433 730 2508 οὕτως
749 2427 813 2515 εἴμ’
836 2433 953 2515 άφρων
971 2428 1043 2497 οὐδ’
1066 2430 1144 2496 άπό-

138 2546 279 2623 πληκτος
306 2538 385 2622 ἐγώ,
415 2536 486 2604 ἀλλ’
514 2535 557 2604 ἵν’
586 2540 676 2621 ῖδητε
705 2538 823 2622 [ὑμεῖς]
852 2532 878 2601 ὧ
905 2537 1024 2622 ἄνδρες
1047 2536 1144 2622 Ἀθη-

138 2659 227 2712 ναῖοι
254 2643 308 2711 καὶ
334 2641 440 2728 γνῶθ’
468 2645 517 2710 ὅτι
544 2641 644 2709 οὐδέν
667 2640 735 2709 οὔτ’
763 2645 852 2707 ἐστιν
874 2641 944 2709 οὔτ’
972 2645 1077 2728 ἐσται,
1105 2646 1145 2711 οὐ

139 2754 244 2836 γένος,
264 2751 304 2818 οὐ
322 2756 473 2832 πλοῦτος,
493 2750 534 2815 οὐ
553 2751 701 2835 δύναμις,
721 2749 787 2815 ὅτι
804 2761 874 2826 τοῖς
892 2755 1027 2827 πολλοῖς
1040 2751 1143 2836 ὑμῶν,

88 2875 125 2915 1⁴⁴
139 2859 181 2925 ἂν
203 2858 300 2940 ὕβρις
321 2865 439 2941 προσῇ,
462 2859 620 2940 προσήκει
645 2855 767 2940 φέρειν.
808 2855 931 2934 ἐκεῖνος
954 2859 1017 2942 γάρ
1040 2852 1066 2922 ὦ
1088 2858 1144 2922 άν-

140 2968 215 3051 δρες
235 2959 406 3046 Ἀθηναῖοι
429 2961 557 3045 λέγεται
575 2963 657 3043 πρὸς
675 2962 797 3046 πατρὸς
816 2959 876 3047 μὲν
896 2959 1144 3045 Ἀλκμεωνιδῶν

140 3067 225 3136 εἶναι
252 3069 403 3154 (τούτους
431 3067 470 3134 δέ
496 3065 575 3152 φασ’
602 3066 666 3133 ὑπὸ
693 3080 761 3133 τῶν
782 3069 958 3152 τυράννων
981 3066 1063 3154 ὑπὲρ
1084 3079 1145 3135 τοῦ

141 3179 247 3261 δήμου
270 3176 502 3253 στασιάζοντας
525 3173 684 3255 ἐκπεσεῖν,
710 3173 765 3240 καὶ
789 3173 1046 3258 δανεισαμένους
1067 3179 1143 3261 χρή-

141 3278 211 3366 ματ’
234 3281 268 3348 ἐκ
287 3286 433 3365 Δελφῶν
455 3279 677 3362 ἐλευθερῶσαι
700 3281 760 3364 τήν
782 3283 880 3346 πόλιν
898 3279 952 3344 καί
971 3282 1048 3358 τοὺς
1067 3286 1143 3346 Πει-

142 3390 318 3471 σιστράτου
336 3387 456 3463 παῖδας
475 3384 648 3471 ἐκβαλεῖν),
667 3388 749 3468 πρὸς
768 3382 804 3451 δέ
821 3387 943 3470 μητρὸς
955 3382 1144 3452 Ἱππονίκου

142 3493 195 3560 καὶ
221 3495 340 3578 ταύτης
368 3494 408 3577 δή
431 3500 488 3576 τῆς
511 3493 630 3569 οἰκίας,
657 3486 696 3575 ής
718 3492 926 3577 ὑπάρχουσιν
948 3490 1068 3558 πολλαί
1089 3493 1141 3559 καί

196 3611 317 3649 mom.
337 3607 387 3650 Vol.
401 3607 431 3647 11.
970 3603 984 3650 ’ί
