2590 3900
428 176 524 226 xm
542 175 809 230 Τιαοεεετουν.
1060 169 1127 236 255

111 336 241 398 νεσθαί
270 329 301 396 σ’
335 333 525 421 ὁμολογεῖν,
557 336 589 400 εί
619 330 655 400 δέ
689 337 786 418 μείζω
818 336 978 419 νομίζων,
1010 332 1182 416 &mom

112 440 220 522 ἔστιν,
254 437 376 520 [ἐκεῖνα
402 440 618 525 τάδικήματα]
647 443 727 517 τοὺς
753 437 814 524 μέν
843 441 959 524 ἀφίης,
986 442 1065 516 τοὺς
1092 435 1130 503 δὲ

112 547 171 629 μή,
202 544 266 610 οὐκ
293 546 361 630 ἢδη
386 548 485 632 δῆλος
513 541 545 612 εί
571 546 746 630 πεπρακὼς
768 547 805 612 τὸ
828 555 962 630 πρᾶγμα
983 546 1128 623 τούτοις;

63 667 99 707 ιω
194 649 310 730 ’Ἀξιον
336 655 454 719 τοίνυν
480 649 536 717 καὶ
563 649 653 717 τοῦτ’
682 654 801 736 εἰπεῖν,
829 652 911 718 ὅσον
937 649 1032 736 ὑμεῖς
1058 652 1129 717 δια-

114 754 226 840 φέρετ’
255 752 282 823 ὦ
311 759 430 843 ἀνδρες
458 755 609 824 δικασταὶ
637 758 916 844 μεγαλοφροσύνῃ
943 767 1011 822 τῶν
1034 757 1130 843 ρητό-

113 885 192 945 ρων.
237 863 333 947 ὑμεῖς
359 863 420 948 μέν
448 887 485 947 γε
513 861 590 929 τάπὶ
618 872 664 952 τῷ
690 865 813 946 πλήθει
839 862 1129 947 νενομοθετημένα

114 968 220 1052 δεινά,
244 969 304 1034 ἐάν
326 993 376 1047 τις
399 968 418 1053 ἢ
443 971 582 1054 διχόθεν
606 973 854 1055 μισθοφορησῃ,
877 968 898 1053 ἢ
920 968 1065 1052 ὀφείλων
1083 975 1129 1055 τῷ

114 1073 265 1162 δημοσίῳ
295 1074 487 1161 ἐκκλησιάζῃ
515 1075 536 1160 ἦ
564 1076 694 1160 δικάζῃ,
722 1074 743 1159 ἢ
767 1077 847 1140 ἀλλο
870 1098 902 1140 τι
924 1083 1002 1160 ποιῃ
1026 1069 1074 1139 ὧν
1097 1074 1132 1140 οί

112 1182 210 1264 νόμοι
235 1179 520 1264 ἀπαγορεύουσιν,
545 1180 587 1247 ού
610 1182 714 1263 λύετε,
737 1179 792 1246 καὶ
813 1177 904 1247 ταῦτ’
931 1181 1056 1257 εἰδότες
1078 1181 1129 1246 ὅτι

114 1285 169 1349 διὰ
192 1289 313 1351 πενίαν
335 1285 377 1351 ἀν
400 1289 569 1370 ποιήσειεν
593 1285 611 1352 ὑ
635 1288 764 1352 τούτων
785 1311 817 1351 τι
835 1297 952 1368 ποιῶν,
976 1282 1055 1352 οὐδὲ
1073 1288 1129 1352 νό·

114 1414 196 1473 μους
223 1392 398 1470 τοιούτους
425 1391 574 1474 τίθεσθ’,
603 1391 691 1469 ὅπως
718 1392 852 1472 ἐξουσία
878 1394 969 1457 ἔσται
992 1391 1129 1477 ἐξαμαρ-

113 1508 194 1580 τεῖν,
218 1498 303 1564 ἀλλὰ
325 1498 524 1566 τούναντίον
548 1499 637 1575 ὅπως
660 1500 719 1582 μή·
741 1493 835 1564 οὑτοι
859 1484 912 1582 δ’,
928 1499 1016 1574 ὅπως
1039 1498 1075 1564 οί
1089 1499 1129 1563 τδι

117 1608 268 1687 αίογιστα
299 1601 354 1669 καί
386 1605 426 1669 τὰ
459 1605 631 1669 δεινότατα
666 1611 840 1680 ποιοῦντες
869 1604 967 1686 δίκην
994 1604 1037 1688 μὴ
1066 1604 1129 1668 δύ-

68 1721 244 1775 ιεισουσιν.
291 1704 361 1776 εἶτα
389 1713 691 1795 προπηλακίζουσιν
716 1708 801 1793 ὑμᾶς
824 1709 893 1794 ίδίηι
914 1719 985 1786 τοῖς
1007 1711 1130 1792 λόγοις,

116 1813 160 1890 ὡς
182 1813 278 1881 αὐτοὶ
297 1813 392 1881 καλοὶ
410 1816 568 1899 κάγαθοί,
591 1826 750 1899 πονηρῶν
766 1812 822 1881 καλ
841 1814 1027 1899 ἀχαρίστων
1046 1816 1130 1881 οίκε-

116 1929 183 1984 τῶν
210 1924 356 2007 τρόπους
383 1923 521 2005 ἔχοντες.
567 1918 708 2005 καὶγὰρ
731 1919 866 1988 ἐκείνων
889 1915 915 1986 ὦ
939 1921 1058 2003 ἀνδρες
1081 1921 1129 1985 δι-

116 2029 247 2109 κασταί,
275 2026 350 2091 ὅσοι
378 2024 420 2090 ἀν
448 2025 622 2111 ἐλεύθεροι
643 2025 822 2109 γένωνται,
854 2026 895 2090 ού
917 2035 974 2110 της
997 2027 1130 2092 ἐλευθε-

118 2132 191 2212 ρίας
208 2133 307 2216 χάριν
328 2135 442 2216 έχουσι
460 2143 530 2208 τοῖς
548 2133 732 2214 δεσπόταις,
753 2131 835 2197 ἀλλὰ
848 2139 983 2214 μισοῦσι
997 2129 1127 2215 μάλιστ’

118 2233 323 2321 ἀνθρώπων,
353 2237 403 2302 ότι
429 2241 607 2302 συνίσασιν
629 2237 743 2314 αὐτοῖς
766 2237 996 2303 δουλεύσασιν.
1042 2237 1154 2302 οὑτω

118 2341 159 2424 δὴ
190 2341 246 2410 καὶ
279 2337 372 2409 οὑτοι
404 2343 440 2409 οί
465 2343 602 2429 ῥύτορες
629 2344 690 2410 οὑκ
718 2342 889 2426 ἀγαπῶσιν
916 2341 952 2407 έκ
979 2345 1131 2426 πενήτων

117 2450 270 2515 πλούσιοι
294 2450 359 2515 ἀπὸ
381 2457 440 2532 τῆς
462 2452 590 2526 πόλεως
612 2447 841 2533 γεγενημένοι,
867 2448 950 2513 ἀλλὰ
972 2446 1028 2513 καί
1049 2469 1129 2532 προ-

118 2558 331 2637 πηλακίζουσι
349 2557 386 2622 τὸ
405 2558 548 2638 πλῆθος,
571 2555 623 2620 ότι
640 2555 799 2621 σύνοιδεν
817 2553 928 2619 αὐτῶν
946 2551 1070 2644 ἕκάστφ
1089 2556 1130 2620 τά

119 2656 155 2723 έν
176 2671 215 2748 τη
239 2665 336 2751 πενίη
359 2659 415 2728 καλ
437 2662 568 2744 νεότητι
591 2659 839 2744 ἐπιτηδεύματα.

71 2777 106 2818 οε
202 2763 298 2836 Ἀλλδι
327 2768 369 2851 νὴ
398 2761 457 2832 Δί’
489 2767 628 2852 αίσχρδν
656 2773 735 2844 ίσως
761 2761 804 2850 ἦν
827 2761 1049 2850 Ἀνδροτίωνα
1077 2768 1129 2834 δε-

119 2875 221 2954 θῆναι
243 2873 264 2958 ἢ
288 2871 523 2957 Γλαυκέτηνῆ
547 2873 767 2937 Μελάνωπον.
805 2871 846 2937 ού
868 2873 914 2956 μὺ
934 2873 994 2938 τὸν
1018 2870 1077 2937 Δί’
1102 2870 1128 2940 ὦ

119 2975 236 3064 ἀνδρες
263 2981 430 3061 δικασταί,
462 2978 545 3044 ἀλλὰ
567 2981 658 3043 πολὺ
686 2983 817 3063 αίσχιον
844 2979 905 3061 τὴν
932 2978 1031 3044 πόλιν
1058 2979 1129 3044 ἀδι-

119 3084 360 3171 κουμένηνκαλ
386 3083 606 3170 ὑβριζομένην
634 3084 678 3168 μὴ
707 3086 822 3166 λαβεῖν
849 3085 945 3168 δίκην
967 3081 1023 3150 καὶ
1045 3081 1128 3169 ὑπὲρ

119 3195 174 3270 τῆς
195 3197 280 3258 θεοῦ
301 3191 357 3258 καὶ
379 3189 463 3277 ὑπὲρ
486 3190 594 3273 αὑτης.
632 3187 701 3255 ἐπεὶ
721 3186 939 3273 Ἀνδροτίωνί
958 3214 996 3274 γε
1014 3185 1125 3274 πότερ’

120 3293 159 3357 ού
194 3307 346 3387 πατρῷον
382 3299 419 3364 τὸ
453 3296 625 3374 δεδίσθαι;
660 3289 730 3360 ἀλλ’
766 3293 862 3361 αὐτοὶ
894 3301 962 3361 ίστε
995 3299 1181 3373 πολλὰςνιο

119 3406 349 3490 πεντετηρίδας
365 3403 460 3491 ἐντῷ
476 3404 689 3490 δεσμωτηρίῳ
705 3403 923 3485 διατρίψαντα
936 3399 1122 3484 τὸν’πατέρ’

74 3505 234 3594 12θαύτοῦ,
257 3509 313 3576 καί
336 3509 542 3595 ἀποδράντα,
565 3505 636 3574 ἀλλ’
664 3508 726 3574 οὐκ
748 3507 925 3591 ἀφεθέντα.
964 3507 1046 3571 ἀλλά
1070 3506 1126 3570 διά
