2612 3918
515 120 784 172 Κιτιιτοιιιοο.
1089 115 1151 183 107

148 278 281 363 ἀφεῖναι
303 277 501 362 ἠναγκάσατ’
524 279 638 365 αὑτὸν,
659 279 702 364 ἣν
725 277 839 366 ᾑρήκει
859 284 1022 366 πρότερον
1041 273 1098 368 (ην
1117 275 1153 346 δέ

148 385 244 450 δυοῖν
277 384 359 468 αύτη
388 387 593 472 ταλάντοιν),
627 385 682 452 καί
708 390 965 472 προσετιμήσατε
992 388 1049 463 τάς
1076 387 1153 470 βλά-

14 505 16 542 ῖ
147 494 217 575 βας,
236 490 275 568 ὑς
291 489 344 556 ἐπί
361 501 401 578 τῇ
419 496 607 579 χειροτονία
625 490 734 577 μόνον
753 490 912 575 ἐλογίζεθ’
931 491 1035 580 ἑαυτῷ
1054 502 1206 576 γεγε-572

97 618 134 658 ιιι
147 603 271 680 νήσθαι
294 598 376 681 πρὸς
398 597 483 682 ὑμᾶς
506 598 692 683 ὑίνθροοπος.
735 591 781 676 εἷς
803 594 864 683 μέν
887 593 984 676 οὗτος
1007 598 1040 677 ἐξ
1064 599 1154 664 ίδιόυ

146 703 351 788 πράγματος,
381 702 537 790 οὐδεμιᾶς
563 704 691 790 ὕβρεως
713 705 917 790 προσούσης,
944 692 1026 789 ὑπὲρ
1051 703 1154 770 αὑτοῦ

145 819 205 876 τοῦ
227 813 416 894 παραβῆναι
437 812 497 876 τὸν
519 812 624 894 νόμον
647 812 813 894 τοσαύτην
834 811 937 876 ἔδωκε
960 813 1065 894 δίκην.
1109 811 1153 875 εί-

146 919 262 993 κότως·
292 925 391 983 τοῦτο
420 917 481 999 γάρ
510 911 583 982 ἐσθ’
614 907 839 1000 ὑφυλάττειν
865 915 951 1001 ὑμᾶς
979 917 1045 999 δεῖ,
1076 918 1154 992 τούς

147 1025 284 1106 νόμους,
316 1024 376 1088 τὸν
403 1023 516 1106 ὅρκον·
548 1016 639 1086 ταῦτ’
670 1017 758 1108 ἔχεθ’
788 1021 881 1107 ὑμεῖς
909 1024 945 1089 οί
969 1024 1155 1101 δικάζοντες

147 1126 197 1193 ἀεὶ
216 1130 306 1214 παρὰ
323 1140 391 1194 τῶν
409 1130 519 1194 άλλων
538 1125 678 1210 ὡσπερεί
696 1131 988 1213 παρακαταθήκην,
1010 1127 1053 1212 ἣν
1072 1127 1153 1193 άπα-

148 1251 216 1318 σιν,
245 1235 319 1301 ὅσοι
341 1233 421 1318 μετά
443 1244 503 1301 τοῦ
527 1235 658 1301 δικαίου
680 1235 763 1319 πρὸς
785 1235 869 1319 ὑμᾶς
891 1237 1058 1320 ἔρχονται,
1084 1245 1154 1299 σῶν

92 1363 132 1434 ,¹⁷⁸
147 1341 306 1427 ὑπάρχειν
334 1341 392 1406 δεῖ.
437 1339 547 1425 ἕτερος
574 1339 701 1407 ἀδικεῖν
728 1337 801 1406 ποτ’
832 1340 946 1420 ἔδοξεν
973 1340 1052 1425 ὑμῖν
1078 1338 1153 1424 περὶ

146 1447 186 1510 τδι
207 1447 389 1530 Διονύσια,
415 1444 471 1512 καὶ
497 1441 818 1532 κατεχειροτονήσατ’
844 1447 947 1513 αὑτοῦ
973 1448 1153 1532 παρεδρεύ-

147 1575 243 1630 οντος
265 1553 399 1638 άρχοντι
422 1561 467 1640 τῷ
489 1553 570 1635 υίεῖ,
594 1552 644 1618 ὄτι
666 1551 752 1618 θέαν
773 1553 864 1630 τινὸς
886 1553 1152 1637 καταλαμβάνον-

146 1681 202 1736 τος
228 1656 339 1743 ήψαί,
368 1658 522 1744 ἐξείργων
550 1658 585 1724 ἐκ
612 1668 672 1724 τοῦ
698 1660 860 1744 θεάτρου·
890 1655 933 1742 ἦν
956 1655 986 1724 δ’
1014 1653 1111 1737 οὗτος
1133 1657 1152 1726 ὑ

92 1789 133 1828 ιιι
146 1773 207 1830 τοῦ
229 1768 401 1849 βελτίστου
423 1766 529 1850 πατήρ
553 1767 784 1850 Χαρικλείδου,
807 1775 867 1831 τοῦ
890 1765 1057 1853 ἄρξαντος.
1097 1764 1152 1832 καὶ

146 1871 228 1955 μέγα
254 1865 287 1955 γ’
312 1871 392 1956 ὑμῖν
419 1869 508 1938 τοῦτ’
535 1870 643 1938 ἐδόκει
667 1873 796 1938 δίκαιον
818 1874 906 1956 ἐχειν
929 1871 947 1939 ὑ
969 1875 1152 1956 προβαλλό-

147 2001 245 2060 μενος
267 1976 385 2061 λέγειν,
411 1979 465 2061 ,,εί
486 1978 734 2062 κατελάμβανον
757 1979 914 2063 ἄνθρωπε
936 1977 1033 2064 θέαν,
1056 1981 1087 2045 εί
1108 1982 1152 2065 μή

146 2094 215 2159 τοῖς
236 2085 458 2168 κηρύγμασιν,
485 2083 529 2160 ὡς
552 2083 595 2148 σύ
617 2106 657 2168 με
680 2081 760 2170 φῂς,
784 2084 981 2169 ἐπειθόμην,
1004 2087 1094 2162 τίνος
1116 2084 1152 2150 ἐκ

145 2200 213 2254 τῶν
234 2192 348 2274 νόμον
370 2183 403 2255 εί
422 2190 547 2273 κύριος,
570 2187 625 2254 καί
644 2189 662 2256 ὑ
680 2191 791 2274 άρχοιυ
810 2189 922 2268 αὑτός;
945 2200 1015 2266 τοῖς
1032 2190 1151 2274 ὑπηρέ-

144 2319 216 2372 ταις
243 2295 400 2381 ἐξείργειν
422 2298 541 2378 είπεῖν,
570 2295 631 2361 οὐκ
654 2297 753 2373 αὐτὸς
775 2296 918 2361 τύπτειν.
964 2294 1037 2362 οὐδ’
1063 2295 1158 2362 ούτω-

145 2407 317 2487 πείθομαι·
344 2402 502 2486 ἐπιβολὴν
520 2402 700 2486 ἐπιβαλεῖν,
722 2404 829 2468 πάντα
847 2404 933 2486 πλὴν
952 2401 1050 2478 αύτὸς
1068 2402 1151 2479 ἅψα-

145 2516 227 2574 σθαι
252 2519 292 2596 τῇ
319 2512 419 2594 χειρί·
451 2510 556 2575 πολλὰ
583 2510 646 2593 γάρ
672 2511 736 2593 πρὸ
759 2517 820 2574 τοῦ
843 2509 886 2594 μή
909 2509 947 2575 τὸ
970 2504 1053 2592 σῶμ’
1078 2506 1150 2574 ἕκα-

146 2633 226 2682 στον
246 2616 441 2700 ὑβρίζεσθαι
462 2618 680 2699 πεποιήκασιν
703 2616 738 2680 οί
757 2615 887 2699 νόμοι.“
922 2612 1012 2680 ταῦτ’
1040 2616 1151 2698 ἔλεγεν

145 2720 206 2806 μὲν
228 2722 361 2806 ἐκεῖνος,
385 2721 650 2808 ἐχειροτονήσατε
669 2715 700 2785 δ’
720 2720 827 2805 ὑμεῖς·
850 2719 892 2786 οὑ
909 2721 975 2805 μὴν
994 2722 1151 2805 είσήλθεν

145 2830 192 2906 είς
212 2829 250 2894 τὸ
274 2828 487 2912 δικαστήριον
510 2821 621 2910 οὑτος,
650 2824 722 2892 ἀλλ’
749 2825 958 2911 ἐτελεύτησεν
980 2829 1149 2912 πρότερον.

93 2953 131 2994 ιοο
145 2933 258 3019 ἑτέρου
284 2937 401 3000 τοίνυν
428 2933 446 2998 δ
472 2955 507 2998 τε
536 2935 638 3016 δῆμος
665 2932 749 3009 άπας
772 2926 1052 3018 κατεχειροτόνησ’
1079 2932 1150 2998 ἀδι-

143 3052 214 3106 κεῖν
232 3037 308 3124 περὶ
325 3041 387 3125 τήν
405 3038 534 3124 ἑορτήν,
554 3037 609 3105 καί
627 3039 720 3124 ὑμεῖς
738 3033 922 3104 εἰσελθόντ’
943 3039 1149 3106 ἀπεκτείνατε

143 3156 278 3230 τοῦτον,
310 3145 511 3231 Κτησικλέα,
543 3145 594 3211 ὅτι
625 3154 744 3222 σκῦτος
775 3148 859 3231 ἔχον
886 3145 1063 3230 ἐπόμπευε,
1094 3145 1149 3212 καὶ

143 3255 248 3343 τούτςο
276 3253 413 3337 μεθύων
440 3250 578 3332 ἐπάταξέ
597 3249 659 3316 τιν’
687 3250 809 3336 ἐχθρὸν
834 3249 1020 3336 ὑπάρχονθ’
1047 3250 1149 3341 αὑτῷ·

143 3358 249 3425 ἐδόκει
272 3360 336 3444 γάρ
358 3357 454 3444 ὑβρει
477 3355 532 3423 καλ
555 3356 616 3423 οὐκ
639 3363 719 3445 οῖνηι
737 3356 882 3438 τύπτειν,
906 3355 989 3422 άλλά
1006 3358 1067 3440 τήν
1087 3356 1202 3424 ἐπλῖῖε

142 3476 199 3553 τῆς
230 3475 360 3550 πομπῆς
391 3461 446 3530 καὶ
477 3473 537 3530 τοῦ
569 3465 707 3548 μεθύειν
739 3465 909 3547 πρόφασιν
938 3463 1050 3546 λαβὼν
1078 3462 1149 3530 άδι-
