2644 4182
501 462 600 513 111202
617 463 817 514 ΛεΠυιειΗιι.
1122 457 1163 521 13

150 623 231 704 μήτε
252 630 320 686 τῶν
344 624 503 689 ἰσοτελῶν
525 623 605 706 μήτε
626 633 694 687 τῶν
718 619 821 699 ξένων
844 615 930 686 εἶναι
953 621 1089 704 ἀτεληιί,
1118 621 1161 703 μη

152 727 341 811 διειρῆσθαι
369 722 400 793 δ’
427 727 507 794 ὅτου
536 727 676 811 [dcem
709 729 866 811 χορηγίας
893 726 915 810 η
940 750 1032 802 τινος
1059 728 1163 791 ἀλλον

149 831 276 915 τέλους,
299 827 370 898 ἀλλ’
391 832 502 910 ἅπλῶς
525 831 645 916 ,ἀτελῆ
669 832 795 917 μηδένα
818 833 905 914 πλὴν
923 843 990 898 τῶν
1009 829 1067 916 ἀφ’
1088 828 1162 912 Ἀρ-

149 938 272 1022 μοδίου
293 938 347 1004 καὶ
367 935 683 1023 Ἀριστογείτονος“,
706 936 762 1004 καὶ
784 938 821 1005 έν
843 934 905 1023 μέν
925 946 971 1026 τῷ
991 937 1162 1022 ,,μηδένα“

149 1043 274 1120 πάντας
305 1044 562 1128 περιλαμβάνειν
592 1046 671 1120 τοὺς
697 1044 833 1126 ἄλλους,
866 1043 904 1110 ἰν
932 1040 970 1110 δὲ
999 1052 1044 1132 τῳ
1073 1055 1162 1133 ,τῶν

150 1145 277 1227 ξένων“
300 1150 344 1233 μὴ
368 1151 524 1232 διορίζειν
547 1159 614 1214 τῶν
637 1151 821 1216 οἰκούντων
841 1146 1038 1234 Ἀθήνησιν,
1062 1149 1162 1232 ἀφαι-

150 1265 255 1338 ρεῖται
280 1251 337 1320 καί
359 1255 521 1321 Λεύκωνα
547 1257 607 1322 τὸν
635 1256 779 1339 ἄρχοντα
802 1257 979 1339 Βοσπόρου
1005 1253 1060 1320 καλ
1084 1257 1162 1328 τοὺς

110 1377 137 1416 ³⁰
149 1361 270 1436 παῖδας
289 1358 393 1425 αὐτοῦ
410 1362 472 1443 τὴν
491 1362 633 1443 δωρειάν
651 1360 694 1443 ἣν
712 1359 806 1443 ὑμεῖς
824 1355 910 1427 ἔδοτ’
933 1361 1054 1438 αὐτοῖς.
1092 1363 1161 1426 ἔστι

149 1466 213 1550 γάρ
230 1463 319 1549 γένει
338 1461 399 1549 μέν
416 1465 589 1532 δΛεύκων
608 1467 717 1550 δήπου
737 1464 839 1547 ξένος,
858 1475 897 1550 τῇ
918 1462 954 1531 δέ
971 1463 1048 1550 παρ’
1066 1466 1161 1549 ὑμῶν

149 1575 280 1654 ποιήσει
301 1573 449 1655 πολίτης·
472 1566 544 1636 κατ’
566 1571 744 1656 οὐδέτερον
767 1567 799 1636 δ’
821 1571 910 1658 αὐτῷ
933 1572 995 1655 τὴν
1012 1570 1161 1637 ἀτέλειαν

149 1681 241 1742 ἔστιν
271 1680 359 1761 ἔχειν
390 1677 427 1742 ἐκ
457 1677 579 1743 τούτου
610 1686 671 1742 τοῦ
702 1679 810 1761 νόμου
868 1679 975 1742 καίτοι
1005 1687 1074 1742 τῶν
1100 1673 1161 1762 μλν

147 1783 260 1848 ἀλλων
287 1782 468 1865 εὐεργετῶν
496 1784 619 1866 χρόνον
645 1779 709 1846 τιν’
736 1781 872 1859 ἕκαστος
895 1781 975 1865 ἡμῖν
998 1785 1161 1866 χρήσιμον

149 1888 252 1954 αὑτὸν
269 1888 442 1972 παρέσχεν,
463 1881 559 1964 οὗτος
579 1883 626 1970 δ’,
648 1886 691 1952 διν
709 1897 861 1970 σκοπῆτε,
880 1890 1061 1971 φανήσεται
1079 1905 1160 1953 συν·

145 2005 231 2078 ἐχῶς
257 1992 342 2077 ἡμᾶς
369 1988 408 2058 εὖ
435 2004 556 2075 ποιῶν,
586 1990 641 2058 καὶ
663 1988 764 2058 ταῦθ’
791 1987 838 2058 ὧν
861 1990 997 2076 μάλισθ’
1023 1992 1159 2076 ἡμῶνὴ

108 2119 136 2158 ιι
149 2102 245 2176 πόλις
267 2100 379 2164 δείται
421 2105 491 2164 ίστε
513 2100 576 2182 γάρ
601 2100 709 2184 δήπου
732 2095 829 2164 τοῦθ’
855 2098 907 2164 δτι
929 2101 1070 2186 πλείστῳ
1093 2110 1160 2164 τῶν

149 2206 285 2270 πάντων
320 2203 509 2287 ἀνθρώπων
545 2203 638 2288 ἡμεῖς
669 2203 849 2290 ἐπεισάκτῳ
880 2207 961 2291 σίτῳ
993 2205 1159 2289 χρώμεθα

149 2311 232 2394 πρὸς
254 2313 370 2375 τοίνυν
393 2309 522 2374 ἅπαντα
544 2310 603 2375 τδν
625 2308 661 2374 ἐκ
683 2320 751 2374 τῶν
769 2309 880 2375 ἀλλων
899 2309 1066 2393 ἐμπορίων
1084 2309 1160 2393 ἀφι-

149 2416 346 2499 κνούμενον,
361 2413 379 2480 ὁ
394 2414 430 2479 ἐκ
443 2422 504 2480 τοῦ
519 2415 654 2479 Πόντου
669 2425 759 2490 σῖτος
773 2411 934 2480 εἰσπλέων
948 2415 1046 2480 ἐστίν.
1075 2416 1160 2480 εἰκό-

148 2541 226 2598 τως·
262 2521 303 2586 οὐ
330 2520 393 2604 γάρ
421 2521 527 2604 μόνον
555 2520 610 2585 διὰ
637 2521 674 2584 τὸ
701 2521 761 2584 τὸν
788 2522 892 2585 τόπον
918 2529 1039 2586 τοῦτον
1066 2531 1160 2586 σῖτον

149 2630 237 2712 ἔχειν
267 2630 422 2691 πλεῖστον
453 2634 552 2691 τοῦτο
584 2627 746 2707 γίγνεται,
779 2624 862 2690 ἀλλὰ
894 2625 950 2690 διδ
976 2625 1014 2691 τὸ
1041 2626 1160 2710 κύριον

149 2735 230 2798 ὄντα
256 2733 316 2798 τὸν
343 2725 494 2796 Λεύκων’
519 2729 623 2795 αὐτοῦ
650 2741 720 2806 τοῖς
743 2731 884 2813 ἄγουσιν
908 2724 1065 2814 Ἀδήναζε
1088 2730 1158 2797 ἀτέ-

149 2845 243 2905 λειαν
274 2837 470 2919 δεδωκέναι,
501 2833 556 2901 καλ
587 2836 762 2919 κηρύττειν
790 2835 941 2920 πρώτους
968 2839 1159 2921 γεμίζεσθαι

147 2948 227 3021 τοὺς
249 2944 294 3020 ὡς
316 2942 401 3026 ὑμᾶς
423 2940 592 3017 πλέοντας.
632 2943 717 3025 έχων
740 2942 804 3024 γάρ
828 2939 952 3018 ἐκεῖνος
975 2940 1080 3030 ἑαυτῷ
1103 2942 1160 3009 καὶ

108 3060 219 3126 ειτοῑς
245 3045 340 3113 παισί
364 3048 426 3131 τὴν
454 3046 603 3113 ἀτέλειαν
625 3049 728 3112 ἅπασι
752 3046 897 3112 δέδωκεν
918 3046 1006 3131 ὑμῖν.
1051 3059 1149 3115 τοῦτο
1159 3061 1209 3112 467

149 3153 180 3222 δ’
197 3154 314 3237 ἡλίκον
332 3151 401 3219 ἐστὶ
418 3156 619 3237 θεωρήσατε.
653 3153 778 3229 ἐκεῖνος
794 3153 969 3237 πράττεται
987 3157 1065 3230 τοὺς
1078 3149 1156 3239 παρ’

148 3269 253 3327 αυτοῦ
285 3271 379 3325 σῖτον
410 3259 585 3341 ἐξάγοντας
615 3260 822 3343 τριακοστήν.
867 3259 905 3324 αί
933 3262 1050 3325 τοίνυν
1077 3259 1154 3342 παρ’

149 3366 279 3431 ἐκείνου
300 3362 391 3449 δεῦρ’
418 3365 659 3448 ἀφικνούμεναι
687 3369 782 3430 σίτου
809 3365 968 3448 μυριάδες
993 3364 1068 3448 περὶ
1089 3389 1158 3430 τετ-

148 3468 321 3556 ταράκοντ’
343 3473 423 3537 εἰσί·
445 3468 501 3534 καί
523 3468 612 3535 τοῦτ’
638 3469 674 3536 έκ
695 3479 753 3553 τῆς
775 3471 864 3554 παρὰ
885 3480 956 3546 τοῖς
979 3472 1158 3554 σιτοφύλα-

149 3577 201 3656 ξιν
219 3577 414 3660 ἀπογραφῆς
432 3576 475 3640 ἀν
492 3598 542 3652 τις
560 3577 636 3642 ἰδοι.
663 3577 789 3650 οὐκοῦν
807 3575 895 3659 παρδι
913 3572 974 3659 μὲν
992 3577 1050 3654 τὰς
1067 3579 1158 3660 τριά-

149 3706 251 3747 κοντα
273 3684 436 3767 μυριάδας
458 3684 599 3764 μυρίους
621 3683 739 3748 δίδωσι
758 3683 938 3765 μεδίμνους
955 3679 1046 3765 ἡμῖν,
1069 3685 1158 3765 παρά

107 3807 135 3848 ιε
148 3790 207 3865 τδις
234 3787 313 3854 δέκα
337 3785 368 3853 δ’
394 3785 580 3867 ὡσπερανεὶ
601 3791 811 3872 τρισχιλίους.
856 3787 1019 3852 τοσούτου
1041 3789 1158 3852 τοίνυν

1162 4108 1299 4174 A
