2938 4180
250 152 315 218 164
549 158 648 209 xxm.
670 156 949 208 ΔΗαοΣοεαοτιι

249 315 311 379 οὐκ
339 317 389 380 ἔνι
417 315 524 399 δήπου
551 320 726 381 κατελθελν
754 316 801 394 είς
827 315 960 398 ταύτην.
1005 313 1023 379 ὁ
1051 310 1113 398 μὲν
1140 319 1262 382 τοίνυν

248 423 350 504 νόμος
372 420 513 499 ἔνδειξιν
534 421 668 503 δέδωκε,
690 419 746 486 καὶ
763 421 898 504 ταύτην,
920 417 985 503 ,,ἀν
1003 405 1097 504 κατίῃ
1117 419 1192 486 ὅποι
1211 422 1259 506 μὴ

249 523 409 604 έξεστιν“·
434 525 452 592 ὁ
477 524 507 592 δ’
534 527 722 611 ,ἀγώγιμος
744 527 849 591 έστω“
872 524 1038 610 γέγραφεν
1060 525 1259 610 κάντεῦθεν,

249 631 325 696 ὅποι
348 633 485 716 φεύγειν
507 631 618 709 οὐδεὶς
640 633 759 697 κωλύει
781 633 891 716 νόμος.

208 750 235 792 ⁶³
337 736 415 821 Λέγ’
442 739 545 804 ἀλλον
568 742 682 823 νόμον.

679 947 815 1000 ΝΟΜΟΣ.
1258 951 1316 1000 637

379 1052 450 1119 Ἐάν
469 1081 512 1132 τις
532 1056 689 1144 ἀποκτείνῃ
707 1057 739 1118 ἕν
758 1055 863 1130 ἀθλοις
882 1056 973 1136 ἀκων,
991 1055 1011 1137 ἢ
1029 1057 1062 1120 έν
1081 1054 1141 1144 ὀδῷ
1164 1064 1258 1119 καθε-

293 1152 363 1232 λύν,
385 1149 405 1233 ἢ
427 1153 460 1214 έν
482 1151 598 1241 πολέμῳ
621 1151 779 1236 ἀγνοήσας,
802 1152 821 1234 ἢ
844 1154 891 1216 ἐπὶ
915 1156 1040 1236 δάμαρτι
1061 1153 1081 1235 ἢ
1103 1155 1149 1217 ε’πλ
1170 1153 1259 1237 μητρί

293 1247 313 1329 ἢ
335 1245 381 1312 ἐπ’
406 1248 518 1336 ἀδελφῇ
540 1248 561 1330 ἢ
583 1249 632 1312 έπλ
653 1251 795 1333 θυγατρί,
817 1249 837 1332 ἦ
859 1250 907 1313 ἐπὶ
929 1257 1062 1337 παλλακῇ
1084 1249 1124 1330 ἣν
1147 1249 1184 1312 ἀν
1208 1243 1256 1314 ἐπ’

292 1344 459 1427 ἐλευθέροις
487 1345 589 1407 παισὶν
616 1343 681 1432 έχῇ,
712 1349 825 1410 τούτων
852 1347 938 1410 ἕνεκα
965 1346 1005 1428 μὴ
1033 1349 1155 1429 φεύγειν
1181 1348 1258 1410 κτεί-

293 1466 393 1504 ναντα.

338 1583 480 1644 Πολλῶν
507 1575 532 1644 ὦ
556 1581 674 1663 ἀνδρες
693 1577 866 1664 Ἀθηναῖοι
888 1583 1002 1665 νόμων
1024 1582 1148 1663 ὄντων,
1176 1579 1253 1666 παρ’

249 1683 308 1762 οὓς
330 1692 455 1770 είρηται
477 1687 515 1749 τὸ
537 1689 703 1770 ψήφισμα,
726 1680 802 1772 παρ’
830 1684 951 1751 οὐδένα
974 1689 1101 1771 μᾶλλον
1124 1684 1144 1768 ἢ
1168 1688 1258 1770 παρά

248 1800 368 1857 τοῦτον
394 1791 453 1856 τὸν
476 1789 728 1875 ἀνεγνωσμένον
749 1801 813 1856 νῦν
836 1798 970 1874 εἴρηται.
1017 1791 1171 1868 διδόντος
1193 1793 1256 1876 γὰρ

247 1906 308 1962 τοῦ
330 1898 437 1981 νόμου
460 1908 574 1980 σαφῶς
597 1895 719 1963 οὑτωσὶ
741 1895 796 1962 καὶ
818 1895 972 1979 λέγοντος
991 1892 1043 1980 ἐφ’
1067 1887 1118 1972 οἷς
1136 1894 1257 1974 ἐξεῖναι

248 2012 384 2085 κτεῖναι,
402 1995 498 2079 οὗτος
512 2002 639 2067 ἅπαντα
653 2003 787 2087 παρεῖδε
801 2011 913 2086 ταῦτα,
929 2000 984 2066 καὶ
998 1999 1136 2086 γέγραφ’
1156 1999 1257 2066 οὐδὲν

210 2108 397 2174 5έίιττειττὼν
419 2119 498 2190 πῶς,
521 2109 563 2173 ἀν
585 2132 634 2185 τις
657 2107 843 2193 ἀποκτείνῃ,
865 2108 927 2190 τὴν
944 2111 1114 2198 τιμωρίαν.
1150 2110 1257 2173 καίτοι

249 2211 410 2292 σκέψασθ’
437 2213 481 2290 ὡς
504 2212 602 2290 ὁσίως
625 2211 680 2279 καὶ
703 2219 810 2290 καλῶς
832 2212 951 2279 ἕκαστα
976 2215 1097 2278 διεῖλεν
1121 2212 1139 2278 ὁ
1162 2209 1252 2277 ταῦτ’

250 2318 283 2400 ἐξ
313 2319 413 2406 ἀρχῆς
440 2320 567 2384 διελών.
613 2321 655 2384 ἀν
681 2342 731 2395 τις
758 2318 795 2384 έν
823 2320 941 2394 ἀθλοις
968 2319 1143 2404 ἀποκτείνῃ
1169 2319 1255 2402 τινά,

248 2435 369 2492 τοῦτον
401 2425 521 2508 ὥρισεν
552 2424 614 2490 οὐκ
646 2424 780 2490 ἀδικεῖν.
828 2425 883 2489 διά
911 2402 957 2502 τίς
990 2425 1031 2489 οὐ
1058 2424 1096 2489 τὸ
1124 2424 1256 2508 συμβὰν

250 2530 420 2614 ἐσκέψατο,
444 2530 526 2595 ἀλλά
548 2532 609 2614 τὴν
630 2539 691 2596 τοῦ
715 2532 913 2614 δεδρακότος
936 2529 1097 2594 διάνοιαν.
1133 2531 1202 2594 ἔστι
1223 2522 1252 2592 δ’

250 2637 332 2721 αὕτη
362 2640 425 2713 τίς;
459 2639 563 2715 ζῶντα
588 2645 722 2718 νικῇσαι
750 2633 805 2700 καὶ
833 2635 894 2701 οὐκ
908 2624 1119 2700 ἀποκτεῖναι.
1166 2636 1197 2699 εί
1223 2628 1252 2698 δ’

250 2743 375 2820 ἐκεῖνος
401 2740 639 2826 ἀσθενέστερος
663 2737 706 2824 ἦν
728 2743 787 2807 τὸν
810 2741 892 2829 ὑπὲρ
915 2749 972 2824 τῆς
994 2743 1087 2823 νίκης
1110 2739 1256 2823 ένεγκεῑν

249 2853 370 2932 πόνον,
399 2845 502 2936 ἑαυτῷ
528 2856 588 2913 τοῦ
610 2849 742 2924 πάθους
764 2854 872 2913 αίτιον
895 2847 1055 2931 ἡγήσατο,
1084 2847 1136 2911 διδ
1159 2869 1255 2928 τιμω-

210 2968 236 3008 55
250 2959 327 3040 ρίαν
350 2955 413 3020 οὐκ
435 2956 536 3019 ἔδωκε
558 2950 641 3040 ὑπὲρ
665 2953 777 3018 αὐτοῦ.
821 2955 921 3019 πάλιν
944 2951 1008 3036 ,ἀν
1032 2951 1069 3018 έν
1091 2950 1255 3039 πολέμφέί,

251 3060 354 3147 φησὶν
377 3061 599 3144 ,,ἀγνοῇσας“,
620 3059 675 3125 καὶ
698 3069 819 3126 τοῦτον
837 3055 922 3125 εἶναι
941 3060 1100 3144 καθαρόν.
1137 3061 1254 3134 καλῶς·

250 3172 281 3234 εί
298 3169 361 3254 γάρ
381 3167 443 3251 ἐγώ
462 3191 536 3231 τινα
554 3177 620 3230 τῶν
639 3166 799 3231 ἐναντίων
818 3161 946 3248 οἰηθεὶς
963 3160 1050 3230 εἶναι
1069 3162 1255 3249 διέφθειρα,

251 3275 291 3341 οὐ
311 3275 407 3356 δίκην
425 3271 568 3356 ὑπέχειν,
590 3269 673 3335 ἀλλά
691 3271 890 3355 συγγνώμης
907 3282 1018 3355 τυχεῖν
1037 3271 1163 3345 δίκαιός
1182 3270 1254 3353 είμι.

251 3378 293 3462 ,ἢ
318 3376 371 3444 ἐπὶ
394 3378 556 3463 δοίμαρτίι
579 3374 684 3460 φησὶν
707 3374 750 3460 ,ἢ
774 3374 826 3441 ἐπὶ
850 3374 947 3462 μητρὶ
970 3375 989 3459 ἢ
1014 3368 1063 3441 ἐπ’
1089 3373 1217 3460 ἀδελφῇ
1236 3375 1254 3458 ἢ

253 3487 411 3564 θυγατρί,
437 3481 455 3565 ἣ
480 3479 532 3547 έπλ
554 3485 702 3564 παλλακῇ
724 3481 768 3565 ἣν
790 3479 832 3546 ἀν
856 3478 905 3547 ἐπ’
932 3480 1120 3564 ἐλευθέροις
1143 3479 1255 3546 παισὶν
