2616 3910
289 199 387 250 ΠΡΟΣ
406 197 568 251 nomon
586 199 673 249 ΠΕΡΙ
690 198 766 250 Tor
785 199 994 252 ΟΝΟΜΔΤΟΣ.
1077 195 1144 261 483

7 397 9 442 ÷
133 361 312 442 κληρῶται,
339 358 377 424 τὸ
406 359 503 423 δυοῖν
529 360 698 422 πινακίοιν
720 358 779 423 τὸν
801 355 860 422 ἕνα
882 363 1090 442 κληροῦσθαι
1111 357 1148 424 τί

134 460 205 529 ἄλλ’
233 462 338 539 ἐστίν;
361 456 420 528 εἶτ’
442 456 495 547 ἐφ’
517 453 543 550 ᾧ
565 463 717 527 θάνατον
741 465 857 546 ζημίαν
880 462 899 528 δ
921 465 1022 548 νόμος
1045 461 1143 546 λέγει,

132 565 229 670 ηοῦθ’
246 568 326 652 ἡμῖν
345 567 449 644 ἀδεῶς
468 565 593 646 ἐξέσται
606 568 775 652 πράττειν;
795 568 884 633 πάνυ
897 587 949 651 γε·
968 567 1010 634 ού
1022 569 1086 652 γὰρ
1101 567 1144 635 δν

13 749 17 757 Ι
133 674 214 739 αύτδ
238 677 443 758 ποιήσαιμεν.
488 669 564 739 οίδα
587 673 692 756 κάγὼ,
711 673 749 739 τὸ
771 682 856 756 γοῦν
878 668 948 738 κατ’
975 671 1045 757 ἐμέ·
1069 669 1140 738 ἀλλ’

134 777 207 846 οὐδ’
226 782 335 846 αἰτίαν
347 780 502 864 τοιαύτης
517 781 630 863 ζημίας
644 778 755 870 ἐνίους
768 782 856 864 ἔχειν
869 781 983 862 καλὸν,
1003 778 1077 858 ἐξὸν
1090 782 1143 863 μή.

91 903 119 944 1³
221 880 311 951 Εἶεν.
348 885 431 951 ἀλλὰ
453 893 556 950 ταῦτα
579 881 640 967 μέν
662 884 796 968 ἡπόλις
814 885 1003 968 βλάπτεται·
1027 875 1141 967 ἐγὼδ

134 992 202 1078 ι’δίηι
224 995 269 1070 τίς
294 987 461 1056 θεάσασθ’
484 990 593 1074 ἡλίκα,
616 988 672 1055 καὶ
695 987 840 1056 σκοπεῖτ’
862 991 904 1055 άν
926 1014 958 1055 τι
982 993 1070 1056 δοκῶ
1093 987 1145 1054 λέ-

132 1117 219 1180 γειν·
242 1100 328 1164 πολύ
351 1098 415 1181 γάρ
437 1097 647 1181 χαλεπώτερα
669 1091 768 1161 ταῦθ’
795 1089 843 1162 ὧν
866 1092 1019 1180 ἀκηκόατ’
1046 1094 1145 1160 ἐστίν.

133 1203 230 1288 δρᾶτε
253 1200 314 1286 μέν
336 1204 400 1285 γάρ
423 1201 565 1278 ἅπαντες
589 1201 691 1268 αὐτὸν
713 1203 896 1287 χρώμενον,
919 1201 981 1279 ἕως
1001 1197 1061 1285 μὲν
1080 1202 1145 1282 ἔζη,

133 1312 301 1374 Μενεκλεῖ
320 1306 376 1373 καὶ
398 1305 565 1391 τοῖςπερὶ
587 1318 699 1374 κεῖνον
722 1308 925 1392 ἀνθρώποις,
944 1315 1008 1372 νύν
1027 1302 1057 1372 δ’
1080 1303 1146 1371 ἐτέ-

133 1438 206 1500 ροις
232 1415 362 1481 ἐκείνου
387 1416 555 1497 βελτίοσιν
582 1411 699 1497 ούδέν,
725 1411 780 1478 καὶ
807 1415 847 1478 τά
874 1407 998 1478 τοιαῦτ’
1028 1411 1146 1495 ἐζηλω-

137 1523 217 1586 κότα
238 1518 294 1585 καὶ
317 1521 430 1585 δεινὸν
453 1519 565 1584 δοκεῖν
588 1513 674 1584 εἶναι
696 1521 915 1603 βουλόμενον·
940 1516 996 1584 καὶ
1017 1519 1060 1602 νὴ
1082 1514 1142 1582 Δί’

95 1644 121 1682 1⁴
137 1633 216 1702 ίσιυς
238 1628 337 1691 ἐστιν.
373 1623 416 1690 δν
439 1619 502 1691 ούν
524 1626 699 1708 προϊόντος
720 1633 781 1691 τοῦ
803 1627 927 1710 χρόνον
949 1633 1017 1690 τῶν
1034 1624 1146 1689 αὐτῶν

132 1753 164 1796 τι
201 1741 310 1797 ποιεῖν
345 1731 477 1808 τούτοις
509 1730 655 1815 ἐπιχειρῇ
688 1729 771 1816 (ἐστι
804 1726 841 1795 δὲ
872 1739 976 1795 ταῦτα
1007 1727 1146 1816 γραφαὶ,

133 1837 269 1920 φάσεις,
301 1835 471 1919 ἐνδείξεις,
503 1834 706 1919 άπαγωγαί,)
740 1830 798 1901 εἶτ’
834 1834 887 1901 ἐπὶ
919 1836 1047 1902 τούτων
1079 1831 1146 1901 τινὶ

133 1939 254 2026 (πολλὰ
281 1943 346 2026 γὰρ
369 1941 602 2026 τάνθρώπινα,
629 1939 684 2006 καὶ
706 1944 785 2018 τοὺς
807 1941 896 2007 πάνυ
919 1943 1052 2019 δεινούς
1074 1939 1146 2006 ἑκά-

134 2045 245 2131 στοθ’,
282 2048 363 2113 ὅταν
398 2044 615 2131 πλεονάζωό,
652 2044 823 2112 ἐπίστασθ’
859 2048 953 2132 ὑμεῖς
987 2051 1147 2133 κοσμίους

133 2150 256 2238 ποιεῖν)
280 2155 368 2238 όφλη
391 2162 436 2241 τῷ
462 2155 627 2240 δημοσίςο,
651 2156 686 2217 τί
705 2157 832 2237 μᾶλλον
853 2148 950 2230 οὗτος
968 2153 1147 2238 ἐγγεγραμ-

133 2255 233 2343 μένος
255 2259 346 2324 ἐσται
370 2258 465 2343 ἐμοῦς
491 2260 542 2324 ὅτι
563 2259 606 2342 νὴ
625 2254 684 2323 Δί’
707 2264 853 2325 εῖσονται
873 2259 992 2336 πάντες
1009 2261 1148 2342 πότερός

94 2381 121 2422 15
133 2361 206 2428 ποτ’
235 2358 356 2446 ὦφλεν.
394 2370 510 2440 καλῶς.
547 2361 589 2429 δν
613 2362 658 2446 δ’,
682 2363 700 2430 δ
723 2366 825 2450 τυχὸν
848 2361 969 2448 γένοιτ’
996 2362 1048 2447 δν,
1071 2368 1147 2450 χρό·

134 2491 194 2544 νος
216 2466 335 2554 διέλθη
358 2466 413 2533 καὶ
436 2471 480 2553 μὴ
505 2469 659 2555 ἐκτεισθῇ
682 2472 719 2535 τὸ
744 2472 889 2555 ὄφλημα,
912 2474 948 2535 τί
967 2476 1093 2555 μᾶλλον
1114 2471 1150 2538 οἱ

134 2574 256 2639 τούτου
279 2574 395 2650 παῖδες
417 2576 550 2640 ἔσονται
573 2586 640 2641 τῶν
663 2575 752 2659 ἐμῶν
776 2575 1044 2662 ἐγγεγραμμένοι,
1067 2577 1147 2643 ὅταν

1 2683 2 2686 ’
135 2679 283 2765 τούνομα
306 2680 353 2763 χὼ
375 2680 482 2764 πατὴρ
505 2678 561 2745 καὶ
582 2680 604 2764 ἡ
627 2681 717 2764 φυλὴ
739 2680 795 2747 καὶ
818 2681 913 2747 πάντ’
934 2674 1091 2768 ᾗταύτάς
1115 2685 1151 2748 τί

137 2779 182 2868 δ’,
205 2791 239 2850 εί
258 2807 307 2862 τις
325 2786 423 2868 δίκην
442 2783 578 2870 ἐξούλης
596 2787 684 2874 αύτςῖ
705 2788 826 2871 λαχών,
848 2783 953 2872 μηδὲν
972 2787 1045 2873 ἐμοὶ
1064 2793 1147 2874 φαίη

135 2890 218 2976 πρὸς
236 2889 339 2955 αύτδν
358 2886 455 2973 εἶναι,
478 2895 598 2975 κυρίαν
617 2887 654 2956 δέ
672 2893 894 2977 ποιησάμενος
912 2893 1085 2977 ἐγγράψαι,
1105 2897 1141 2961 τί
1149 2909 1199 2960 999

136 3000 264 3080 μᾶλλον
295 2993 337 3062 διν
367 3001 418 3081 είη
446 3005 567 3062 τοῦτον
593 2997 614 3082 ἢ
642 2994 691 3082 ἔμ’
722 2998 948 3084 ἐγγεγραφύς;
980 3003 1016 3064 τί
1040 2994 1084 3084 δ’,
1117 3006 1152 3068 εί

96 3123 121 3163 ιι
135 3126 229 3180 τινας
251 3103 411 3188 εἰσφορὰς
433 3103 477 3188 μὴ
500 3107 592 3187 θείης
620 3107 657 3168 τί
677 3098 721 3187 δ’,
745 3111 779 3170 εῖ
796 3127 846 3181 τις
868 3106 951 3189 άλλη
973 3103 1049 3188 περὶ
1071 3106 1148 3172 τού-
1300 3109 1302 3216 1

134 3232 221 3294 νομα
248 3205 387 3291 γίγνοιτ’
414 3205 435 3291 ἢ
463 3208 554 3292 λῆξις
581 3210 675 3293 δίκης
701 3209 721 3293 ἦ
750 3208 818 3288 δόξ’
845 3210 930 3288 ὅλως
953 3212 1070 3296 άηδήςς
1097 3214 1148 3290 τίς
1301 3217 1302 3220 ’

135 3319 258 3380 εἴσεται
269 3324 337 3379 τῶν
351 3318 485 3379 πολλῶν
497 3317 635 3396 πότερός
648 3311 728 3380 ποθ’
743 3310 839 3393 οὗτός
851 3316 930 3396 ἐστι,
942 3319 1040 3382 δυοῖν
1050 3321 1146 3382 Μαν-

134 3418 265 3485 τιθέοιν
282 3417 405 3486 ταύτοῦ
423 3422 546 3504 πατρὸς
562 3422 689 3498 όντοινς
710 3419 800 3505 φέρ’,
819 3424 850 3488 εί
863 3422 900 3488 δέ
915 3424 1012 3508 δίκην
1027 3423 1145 3507 ἀστρα-

135 3528 224 3600 τείας
238 3525 368 3608 φεύγοι,
382 3526 517 3610 χορεύοι
531 3520 562 3590 δ’
577 3525 658 3590 ὅταν
672 3528 910 3611 στρατεύεσθαι
925 3528 998 3614 δίης
1013 3527 1146 3610 καὶγὰρ

930 3632 984 3684 31*
