2612 3918
505 143 601 192 ΚΑΤΑ
618 141 781 196 ΜΕΙΔΙΟΤ.
1109 135 1151 201 ’71

140 323 199 365 ναι
225 301 308 366 κατὰ
333 301 374 365 τά
400 301 522 385 πάτρια
548 298 604 367 καὶ
630 309 750 366 κνισᾶν
775 300 892 384 άγυιδς
914 298 969 366 καὶ
992 317 1154 384 στεφανη-

99 423 128 464 ⁶2
142 416 273 491 φορεῖν.
314 405 486 489 ἀνάγνωθι
514 405 554 471 δέ
573 429 630 480 μοι
652 407 764 482 λαβών
787 406 889 484 αὐτάς
909 407 968 483 τὰς
989 409 1153 490 μαντείας.

559 601 741 653 ΜΑΝΤΕΙΑΙ.
1048 657 1051 662 .
1155 603 1210 652 5312

231 699 326 764 Αύδῶ
345 695 582 789 Ἐρεχθείδῃσιν,
605 701 670 763 ὅσοι
692 701 865 776 Πανδίονος
887 698 961 762 άστυ

232 798 326 860 ναίετε
348 797 398 860 καλ
419 799 567 881 πατρίοισι
587 799 691 878 νόμοις
715 793 839 860 ἰθύνεθ’
864 797 981 880 ἑορτάς,

233 901 402 976 μεμνῆσθαι
423 895 565 976 Βάκχοιο,
587 894 638 956 καλ
659 895 837 976 εὐρυχόρους
860 891 923 956 κατ’
948 893 1054 977 ἀγυιάς

233 991 349 1052 ίστάναι
371 989 488 1074 ὡραίων
510 992 628 1078 Βρομίῳ
651 992 735 1074 χάριν
759 989 871 1074 άμμιγα
892 992 1020 1072 πάντας,

232 1085 283 1150 καλ
304 1077 410 1150 κνισᾶν
432 1091 559 1170 βωμοῖσι
580 1088 656 1171 κάρη
680 1087 836 1166 στεφάνοις
858 1089 1056 1161 πυκάσαντας.

233 1209 309 1293 Περλ
331 1211 443 1294 ὑγιείας
465 1213 555 1274 θύειν
576 1209 627 1274 καλ
649 1208 788 1293 εύχεσθαι
805 1209 857 1274 Διλ
878 1211 990 1299 ύπάτῳ,
1008 1207 1155 1293 Ἡρακλεῖ,

140 1303 302 1370 Ἀπόλλωνι
319 1310 534 1396 προστατηρίῳ·
553 1307 620 1391 περί
637 1309 725 1390 τύχας
743 1305 860 1390 άγαθᾶς
875 1301 1035 1370 Ἀπύλλωνι
1049 1306 1154 1389 άγυιεῖ,

143 1411 254 1486 Λατοῖ,
282 1400 440 1488 Ἀρτέμιδι,
472 1405 523 1467 καλ
553 1401 618 1468 κατ’
647 1403 753 1487 άγυιδις
784 1413 931 1486 κρατῆρας
959 1405 1077 1485 ἱστάμεν
1104 1401 1155 1466 καλ
1228 1447 1229 1450 =

143 1503 248 1586 χοροὺς
280 1502 330 1564 καλ
361 1510 598 1584 στεφαναφορεῖν
627 1502 716 1564 καττὰ
743 1503 850 1584 πάτρια
875 1507 960 1575 θεοῖς
984 1495 1153 1581 Ὀλυμπίοις

143 1600 283 1665 πάντεσσι
304 1598 355 1661 καλ
377 1601 496 1680 πάσαις,
519 1601 597 1676 ἰδίας
617 1600 714 1676 δεξιάς
731 1599 782 1662 καλ
799 1597 951 1681 ἀριστερὰς
968 1596 1153 1682 ἀνίσχοντας,

143 1695 193 1758 καλ
216 1696 421 1779 μνασιδωρεῖν.

429 1871 478 1922 ΕΚ
494 1869 669 1922 Mam
686 1869 871 1922 ΜΔΝΤΕῙΔῙ.

102 1983 130 2025 ⁵⁸
235 1975 283 2057 Τῷ
307 1971 391 2058 δῆμῳ
413 1976 454 2056 τῷ
472 1965 642 2051 Ἀθηναίων
661 1967 677 2034 δ
695 1980 749 2034 τοῦ
767 1969 840 2045 Διὸς
858 1970 1003 2052 σημαίνει.
1040 1969 1084 2032 ὅτι
1101 1968 1153 2042 τὰς

144 2067 222 2150 ὥρας
248 2067 447 2151 παρηνέγκατε
474 2077 526 2148 τῆς
553 2068 663 2140 θυσίας
689 2067 740 2130 καλ
765 2077 818 2147 τῆς
844 2069 989 2150 θεωρίας,
1020 2065 1153 2149 αἱρετούς

143 2164 268 2246 πέμπειν
290 2165 401 2227 κελεύει
422 2164 559 2247 θεωροὺς
581 2163 667 2228 ἕνεκα
688 2164 794 2227 τούτου
818 2164 868 2226 διδι
890 2163 1009 2246 ταχέων.
1043 2169 1085 2248 τῷ
1102 2162 1154 2225 Διλ
1245 2161 1249 2166 ’

143 2268 184 2348 τῷ
207 2256 284 2348 Νηίῳ
311 2267 388 2344 τρεῖς
414 2263 490 2342 βοῆς
516 2259 566 2322 καλ
592 2261 667 2345 πρὸς
692 2261 801 2348 ἑκάστῳ
823 2261 878 2343 βοῖ
896 2261 952 2324 δύο
975 2255 1035 2340 οἷς,
1062 2271 1098 2346 τῆ
1122 2257 1153 2321 δέ

143 2358 246 2445 Διώνη
269 2362 346 2439 βοῦν
368 2362 539 2441 καλλιερεῖν,
561 2356 612 2420 καλ
633 2359 777 2440 τράπεζαν
799 2362 909 2439 χαλκῆν
932 2357 1007 2441 πρὸς
1028 2356 1061 2420 τδ
1080 2355 1152 2418 άνά-

143 2463 243 2537 θημα,
265 2451 282 2516 δ
306 2453 455 2535 ἀνέθηκεν
478 2451 494 2516 δ
518 2455 612 2536 δῆμος
635 2451 651 2516 δ
672 2450 851 2533 Ἀθηναίων.

229 2549 261 2614 ‘0
281 2561 335 2614 τοῦ
357 2551 431 2626 Διὸς
454 2551 590 2632 σημαίνει
612 2550 645 2612 έν
667 2551 818 2637 Δωδώνη,
846 2553 995 2639 Διονύσῳ,
1008 2551 1152 2632 δημοτελῆ

143 2647 206 2732 ίερδ
229 2653 320 2711 τελεῖν
341 2647 392 2710 καλ
413 2657 544 2730 κρατῆρα
565 2648 685 2730 κεράσαι
706 2647 757 2710 καλ
778 2648 885 2730 χορούς
903 2649 1029 2728 ἱστάναι,
1049 2643 1152 2710 Ἀπόλ-

144 2752 216 2808 λωνι
241 2744 429 2832 ἀποτροπαίῳ
456 2747 535 2826 βούν
561 2751 670 2824 θῦσαι,
697 2743 747 2806 καλ
770 2752 1008 2829 στεφανηφορεῖν
1034 2744 1153 2808 ἐλευθέ-

143 2866 215 2926 ρους
241 2842 292 2905 καλ
319 2842 460 2922 δούλους,
486 2839 538 2904 καλ
559 2840 686 2905 ἐλινύειν
709 2842 780 2924 μίαν
802 2839 925 2926 ἡμέραν.
970 2842 1022 2906 Αιλ
1043 2844 1152 2930 κτησίῳ

144 2941 220 3021 βοῦν
242 2939 357 3002 λευκόν.

105 3066 132 3109 σι
232 3048 331 3117 Είσῖν
363 3045 389 3114 ὦ
421 3050 540 3135 ἄνδρες
568 3047 740 3133 Ἀθηναῖοι
767 3048 822 3116 καλ
850 3045 947 3116 αὗται
973 3048 1028 3116 καὶ
1056 3051 1152 3118 ἄλλαι

144 3155 263 3223 πολλαὶ
286 3167 436 3242 μαντεῖαι
457 3165 497 3240 τῆ
521 3158 614 3221 πόλει
637 3156 790 3239 κάγαθαί
826 3159 861 3221 τί
881 3151 944 3223 οὖν
961 3155 998 3222 ἐκ
1014 3159 1143 3223 τούτων
1154 3169 1207 3217 σεε
1297 3245 1298 3248 χ

144 3262 229 3348 ὑμᾶς
251 3263 473 3346 ἐνθυμεῖσθαι
496 3262 560 3340 δεῖς
586 3262 636 3327 ὅτι
659 3263 717 3338 τὰς
738 3259 799 3346 μὲν
822 3263 923 3338 άλλας
942 3266 1066 3340 θυσίας
1083 3275 1152 3341 τοῖς
1297 3251 1298 3324 λ

145 3365 198 3452 ἐφ’
225 3366 362 3450 ἑκάστης
388 3369 543 3451 μαντείας
569 3367 849 3453 προφαινομένοις
874 3373 970 3445 θεοῖς
991 3370 1152 3454 προστάτ-

144 3490 240 3540 τουσι
257 3474 368 3556 θύειν,
388 3473 519 3539 ίστάναι
538 3469 574 3538 δὲ
589 3475 708 3557 χοροὺς
721 3470 776 3538 καλ
790 3485 1057 3557 στεφανηφορεῖν
1070 3476 1152 3540 κατὰ
1296 3459 1298 3512 ¹

1241 3654 1243 3658 ’
1296 3637 1298 3690 λ
