2612 3918
495 181 591 231 ΚΑΤΑ
609 181 771 232 ΜΕΙΔΙΟΤ.
1099 182 1140 245 61

130 347 192 403 τοῦ
223 338 413 422 πράγματος
446 333 558 421 οὖσιν,
593 339 654 404 ούκ
682 338 724 404 διν
751 345 831 416 ἴσως
857 337 920 419 ἄξι’
952 341 1036 406 αὐτὰ
1062 338 1141 407 καθ’

132 440 205 508 αὕτ’
228 441 356 526 ἀγῶνος
379 447 516 530 φανείη·
539 442 611 510 ἀλλ’
635 444 656 509 ἃ
679 445 799 522 πάντες
822 445 944 531 ὁμοίως
962 447 1144 530 ἀγανακτή-

90 573 118 614 ιι
132 565 215 630 σετε,
239 543 330 615 ταῦτ’
356 549 429 636 έρῶ.
466 553 536 616 ἔστι
560 545 590 616 δ’
616 550 783 634 ὑπερβολή
806 563 874 618 τῶν
896 553 977 636 μετὰ
999 549 1099 620 ταῦθ’
1123 551 1144 619 δ

131 652 239 738 μέλλω
258 654 377 738 λέγειν,
397 654 451 721 καὶ
470 654 543 722 οὐδ’
566 651 748 742 έπεχείρησ’
768 655 810 723 δν
828 660 931 741 ἔγωγε
949 670 1145 744 κατηγορεῖν

132 759 236 825 αὐτοῦ
258 769 333 842 νῦν,
356 762 388 826 εἰ
406 761 451 846 μή
470 759 525 827 καλ
543 759 611 828 τότ’
634 762 671 828 έν
689 771 734 850 τῷ
755 764 847 851 δήμφ
866 762 1051 849 παραχρῆμ’
1074 763 1145 847 ἐξή·

132 865 238 948 λεγξα.
282 867 344 949 τήν
370 867 434 952 γάρ
463 867 589 951 έσθῆτα
616 869 678 951 τήν
706 869 799 952 ίεράν
824 867 933 955 (ίεράν
955 872 1018 955 γάρ
1042 872 1144 953 ἔγωγε

131 974 252 1057 νομίζω
282 982 393 1039 πᾶσαν
420 975 504 1058 ὅσην
532 975 574 1039 άν
602 997 652 1051 τις
679 975 790 1040 εἵνεκα
816 984 873 1058 τῆς
900 973 1015 1060 ἑορτῆς
1041 997 1145 1059 παρα·

131 1079 341 1160 σκευάσηται,
364 1078 446 1155 τέως
464 1077 507 1143 άν
525 1079 673 1164 χρησθῆ)
691 1077 748 1144 καὶ
766 1082 845 1157 τοὺς
862 1082 1049 1165 στεφάνους
1065 1083 1145 1158 τοὺς

131 1194 291 1268 χρυσοῦς,
317 1183 376 1260 οὓς
399 1185 604 1269 ἐποιησάμην
627 1184 691 1267 ἐγὼ
714 1186 840 1270 κόσμον
863 1195 908 1275 τῷ
931 1195 1035 1276 χορῷ,
1064 1187 1200 1252 έπε-οκο

131 1291 315 1373 βούλευσεν
339 1285 364 1354 ὦ
388 1291 507 1375 ἄνδρες
526 1287 700 1374 Ἀθηναῖοι
724 1290 924 1376 διαφθεῖραί
938 1316 995 1377 μοι
1013 1294 1143 1377 νύκτωρ

132 1394 244 1461 ἐλθὼν
275 1393 328 1461 ἐπὶ
354 1396 416 1479 τήν
444 1397 554 1461 οἰκίαν
580 1395 643 1479 τήν
669 1405 729 1461 τοῦ
756 1400 952 1483 χρυσοχόου.
996 1397 1048 1464 καὶ
1079 1397 1145 1464 διέ-

131 1508 284 1585 φθειρεν,
307 1501 349 1566 οὐ
372 1500 485 1586 με’ντοι
507 1501 617 1566 πᾶσάν
640 1521 693 1584 γε·
717 1501 844 1587 οὐγὰρ
867 1503 1034 1589 ήδυνήθη.
1074 1507 1144 1570 καί·

131 1629 183 1672 τοι
209 1609 308 1673 τοῦτό
335 1605 366 1690 γ’
398 1604 510 1684 οὐδεὶς
536 1602 662 1672 πώποτ’
693 1605 805 1673 οὐδέν’
832 1605 875 1674 δν
902 1611 1040 1694 φήσειεν
1066 1610 1144 1695 ἄκη·

91 1737 118 1777 ιτ
132 1712 244 1779 κοέναι
270 1710 469 1799 τολμήσαντ’
496 1708 577 1778 οὐδὲ
604 1711 777 1796 ποιήσαντ’
804 1714 841 1779 έν
868 1723 908 1800 τῆ
935 1718 1036 1782 πόλει.
1083 1715 1145 1782 ούκ

132 1817 294 1903 ἀπέχρησε
323 1815 353 1884 δ’
381 1818 470 1906 αὐτῷ
496 1811 599 1901 τοῦτ’,
629 1817 711 1884 ἀλλά
733 1817 870 1885 καὶτὸν
893 1820 1095 1887 διδάσκαλον
1118 1815 1144 1885 ὦ

132 1925 252 2010 ἄνδρες
271 1921 443 2009 Ἀθηναῖοι
468 1922 643 2008 διέφθειρέ
664 1948 729 2006 μου
751 1933 812 1990 τοῦ
834 1936 951 2010 χοροῦ·
973 1924 1029 1992 καὶ
1052 1928 1084 1992 εἰ
1099 1926 1143 2010 μή

136 2031 331 2115 Τηλεφάνης
353 2029 371 2096 ὁ
395 2029 539 2114 αὐλητής
561 2029 696 2114 ἀνδρῶν
714 2029 884 2114 βέλτιστος
901 2029 977 2116 περὶ
995 2028 1050 2116 ἐμὲ
1072 2029 1140 2098 τότ’

133 2135 274 2220 ἐγένετο,
296 2133 350 2202 καλ
369 2136 406 2201 τὸ
425 2131 547 2219 πρᾶγμ’
570 2137 772 2220 αἰσθόμενος
788 2136 848 2201 τὸν
867 2135 1049 2220 ἄνθρωπον
1068 2137 1144 2204 άπε-

132 2243 235 2319 λάσας
262 2241 361 2320 αύτδς
387 2251 584 2325 συγκροτεῖν
611 2239 666 2306 καλ
692 2242 863 2307 διδάσκειν
885 2239 967 2330 ᾤετο
991 2243 1064 2308 δεῖν
1085 2244 1144 2309 τὸν

132 2351 245 2433 χορόν,
268 2345 341 2413 οὐδ’
363 2345 406 2413 διν
428 2344 655 2431 ἠγωνισάμεθ’
677 2343 703 2412 ὦ
722 2348 842 2431 ἄνδρες
860 2344 1045 2430 Ἀθηναῖοι,
1068 2347 1140 2414 ἀλλ’

133 2455 309 2531 ἀδίδακτος
336 2450 379 2520 ἂν
406 2451 535 2537 εἰσῆλθ’
563 2452 581 2519 ὁ
608 2455 707 2538 χορὸς
734 2451 788 2518 καλ
813 2449 976 2538 πράγματ’
1002 2449 1141 2539 αἴσχιστ’

133 2559 175 2627 άν
193 2560 371 2644 ἐπάθομεν.
404 2557 459 2626 καὶ
478 2556 552 2625 οὐδ’
576 2553 711 2625 ἐνταῦθ’
732 2562 809 2641 ἔστη
829 2568 887 2642 τῆς
903 2559 1041 2645 ὕβρεως,
1061 2560 1144 2626 άλλά

132 2675 295 2732 τοσοῦτον
322 2665 410 2754 αύτῷ
438 2675 572 2748 περιῆν,
600 2665 682 2730 ὥστε
709 2665 769 2730 τὸν
792 2664 1064 2750 ἐστεφανωμένον
1086 2669 1144 2751 άρ-

132 2795 233 2857 χοντα
256 2770 440 2856 διέφθειρε,
462 2773 542 2848 τοὺς
558 2773 724 2856 χορηγοὺς
741 2764 859 2855 συνῆγ’
881 2769 930 2836 ἐπ’
952 2771 1020 2856 ἐμέ,
1042 2776 1143 2856 βοῶν,

133 2879 286 2960 ἀπειλῶν,
310 2878 474 2962 ὀμνύουσι
496 2877 708 2963 παρεστηκὼς
730 2888 800 2954 τοῖς
822 2889 960 2962 κριταῖς,
981 2879 1022 2943 τά
1042 2901 1142 2963 παρα-

133 2987 252 3069 σκήνια
278 2983 448 3068 φράττων,
479 2986 657 3066 προσηλῶν
685 2983 818 3067 ἰδιώτης
846 2982 894 3048 ὢν
922 2985 962 3048 τά
990 2983 1143 3068 δημόσια,

132 3091 216 3156 κακά
242 3087 297 3155 καὶ
321 3083 483 3174 πράγματ’
510 3088 666 3173 ἀμύθητά
693 3112 750 3174 μοι
777 3087 930 3175 παρέχων
953 3088 1144 3157 διετέλεσεν.

93 3215 119 3255 1⁸
131 3193 187 3261 καὶ
213 3197 356 3278 τούτων,
384 3194 446 3261 ὅσα
472 3192 504 3277 γ’
531 3193 640 3284 ἐντῷ
670 3197 763 3283 δήμφ
791 3189 900 3278 γέγον’
926 3193 947 3279 ή
970 3196 1053 3282 πρὸς
1074 3207 1144 3274 τοῖς

132 3311 259 3388 κριταῖς
281 3301 319 3368 έν
335 3309 381 3390 τῷ
399 3301 542 3390 θεάτρφ,
566 3300 660 3385 ὑμεῖς
678 3299 753 3366 ἐστέ
768 3323 825 3386 μοι
844 3301 1007 3386 μάρτυρες
1024 3302 1144 3381 πάντες

132 3407 252 3492 ἄνδρες
280 3409 439 3472 δικασταί.
484 3409 592 3472 καίτοι
619 3419 686 3473 τῶν
714 3408 824 3489 λόγων
848 3407 988 3484 τούτους
1009 3409 1071 3492 χρή
1095 3409 1144 3475 δι-

132 3513 326 3590 καιοτάτους
348 3510 514 3595 ἡγεῖσθαι,
539 3511 599 3590 οὓς
621 3509 663 3577 ἂν
686 3513 723 3578 οῖ
741 3513 927 3595 καθήμενοι
947 3521 993 3601 τῷ
1012 3512 1143 3596 λέγοντι
