2596 3898
136 125 212 182 XCII
284 121 572 178 COMMENTARIUS
590 121 753 178 ORITIOUS
772 123 880 191 (XXVI,
900 125 1005 192 6-19).

137 283 202 339 secl.
227 282 309 339 αὐτοὶ
331 284 397 337 ente
420 281 530 337 ἰδιῶται
547 282 605 354 (h.).
626 315 657 322 -
682 283 701 336 6
723 279 775 352 μέν
793 279 825 352 γέ
843 281 934 336 SAY:
959 291 1010 352 μεν
1032 280 1095 353 γάρ.
1115 313 1147 322 -

137 362 273 434 (Αἰγείνηι
290 379 333 432 pr.
348 361 386 431 S.)
404 395 431 402 -
448 360 610 434 (ὀφλόντας]
630 360 795 430 ὀφείλοντας
809 361 877 431 SY.)
895 393 927 403 -
946 361 1079 434 (τάλαντα
1093 377 1148 415 om.

139 443 165 510 S,
183 460 225 511 pr.
244 442 289 513 Y.)
309 474 341 483 -
362 443 376 495 λ
396 439 423 513 (ὃ
446 443 495 497 καὶ
513 441 689 513 δεινότατον]
708 442 757 497 καὶ
775 445 870 497 θεινον
889 463 920 514 γε
940 442 971 510 S,
989 459 1031 512 pr.
1049 441 1094 511 Y.)
1114 473 1146 486 ψ

137 521 245 593 τυχεῖν]
263 521 389 592 μετέχειν
409 521 457 576 SY
475 520 528 577 Dd.
548 552 581 562 ·-
600 523 665 584 τοὺς
683 519 829 591 κειμένους
847 523 926 593 ὑμῖν]
945 518 1014 589 παρ’
1035 522 1101 589 ὑμῖν
1117 521 1148 576 F.

138 598 179 656 Of.
195 599 278 669 XXX,
298 607 322 656 8.
342 632 374 641 -
395 598 446 671 μέν
464 606 530 669 post
548 599 636 670 μηδὲν
655 617 701 655 om
730 601 786 656 SY.
804 600 933 669 XXXVI,
952 607 986 655 65
1006 599 1077 654 conf.
1095 599 1148 654 Ge·

137 679 225 738 bauer
242 680 309 750 Arg.
328 697 362 736 ex
380 683 467 736 contr.
487 686 548 736 ³80.
564 713 595 720 ——
616 681 810 751 παμπληθῆΕ
828 684 858 736 et
872 701 906 750 γρ
921 681 952 736 S:
971 679 1147 749 ὑπερπλήθη.

139 791 171 800 -
190 758 296 830 (οὕτως
310 759 349 829 S.)
368 791 400 800 —
420 759 483 831 (γάρ
503 756 539 814 ἂν
559 776 612 816 om.
630 777 672 830 pr.
687 760 721 828 Y,
741 759 777 815 ev
796 776 849 816 om.
865 760 930 829 ΞΡ.)
943 792 979 801 -
998 761 1147 833 βούλοισθε

137 838 171 893 1⁴¹:
196 839 332 912 βούλεσθε
352 840 389 906 Α,
413 838 584 911 βουλήσεσθε
604 839 654 895 SY
671 839 724 895 Dd.
745 871 776 880 ο·
801 839 818 894 8
843 839 966 909 (ἄκορος
984 840 1023 909 S.)
1043 871 1075 880 -
1099 839 1148 893 διά

136 917 202 982 τοὺς
220 916 416 988 νόμουςΕΑῩ
429 917 521 987 weil„
540 917 590 987 qui
608 921 674 974 ante
692 919 754 986 διὰ,
771 935 828 973 non
845 920 912 988 pont
929 917 1031 988 νόμους
1049 916 1147 974 distin-

137 996 192 1051 xit:
217 996 290 1052 κατὰ
312 999 377 1060 τοὺς
399 996 509 1068 νόμους.
535 1031 564 1038 -
593 1000 714 1068 (οἴεσθε
737 998 776 1066 S.)
803 1028 834 1040 -
856 1007 1028 1068 καταστῆσαι
1053 998 1147 1054 codd:

137 1083 310 1146 καταστῆναι
328 1076 462 1132 Seheefer
479 1076 532 1133 Dd.
564 1077 741 1133 Vocabulum
758 1078 865 1133 άτοπον
884 1077 955 1133 eatis
972 1077 1093 1147 indioet‚
1112 1078 1147 1133 de

136 1155 356 1210 Atheniensibus
373 1172 448 1210 nuno
470 1159 610 1212 oratorem
628 1156 718 1226 loqui,
742 1174 798 1211 non
821 1158 857 1212 de
874 1156 1076 1228 Aristogitonis
1096 1155 1148 1212 im·

137 1234 282 1304 pudentia.
301 1265 335 1276 -
357 1236 376 1290 θ
399 1233 449 1306 (μὴ
472 1235 626 1310 μεταλάβη]
651 1257 687 1307 μη
708 1280 713 1292 .
734 1279 741 1293 .
761 1239 845 1309 λαβηι
867 1255 909 1308 pr.
929 1236 960 1303 ὃς
983 1238 1047 1293 fort
1066 1237 1147 1308 μήτε·

137 1313 220 1390 λάβηι
238 1313 313 1384 fuit.)
331 1347 363 1355 -
383 1315 471 1371 αὑτοῦ
490 1315 581 1371 Tum
600 1317 696 1373 αὐτοῦ.
716 1350 748 1358 -
770 1318 808 1372 10
826 1319 1042 1387 (δημοκρατείας
1060 1317 1098 1388 S.)
1116 1351 1144 1357 -

138 1395 174 1449 11
193 1396 359 1466 (γερωνειαν
373 1393 412 1464 S.)
427 1426 459 1436 -
480 1397 760 1466 (κατακεκλεισμενης
774 1396 813 1467 S.)
826 1425 859 1437 -
879 1397 989 1466 (τούτου
1003 1397 1066 1471 τοῦ]
1084 1399 1148 1453 τού-

137 1495 187 1529 του
205 1492 246 1544 pr.
262 1473 292 1541 S,
312 1490 381 1528 corr.
400 1473 474 1546 εοιὶ)
493 1507 525 1515 -
546 1475 583 1529 12
601 1491 664 1530 eum
682 1475 709 1528 R
735 1474 800 1530 secl.
814 1471 885 1545 ὑπὲρ
904 1479 970 1532 ente
988 1484 1037 1546 τῆς
1050 1481 1150 1548 πατρί-

138 1559 195 1617 θος.
214 1586 246 1595 -
266 1554 298 1608 τὸ
317 1552 450 1623 ψήφισμα
469 1552 524 1609 del.
538 1552 622 1609 Weil.
643 1586 675 1594 -
694 1555 732 1608 13
756 1557 822 1625 (τῶν
841 1551 871 1610 έν
890 1557 936 1628 τῇ]
954 1565 1004 1611 τῶι
1023 1573 1074 1626 pro
1092 1567 1147 1613 τῶν

140 1633 162 1687 0
182 1635 211 1687 et
228 1650 270 1702 pr.
290 1632 328 1702 S.)
349 1665 379 1671 -—
404 1632 443 1686 14
465 1631 554 1702 ἡθέας
572 1631 600 1686 θ’
622 1631 658 1688 ἂν
677 1629 792 1704 ἐροίμην
816 1633 902 1689 αὐτόν
921 1635 1018 1705 Apsin.
1035 1655 1063 1706 p.
1084 1643 1147 1692 524:

73 1749 76 1758 ·
137 1712 226 1782 ἡδέως
245 1709 272 1765 δ’
290 1709 325 1766 ἂν
346 1709 426 1782 ἔγωγ’
443 1711 531 1767 αὐτὸν
551 1709 727 1782 ἐρωτήσαιμι.
745 1745 773 1752 -
797 1711 824 1768 εἰ
840 1711 892 1781 μέν
911 1713 964 1784 γοίρ
984 1716 1085 1772 ἄδικον
1099 1719 1147 1772 καὶ

138 1794 302 1862 ἀσύμφορον
318 1833 343 1847 ..
358 1789 386 1846 εἰ
402 1788 433 1845 δέ
448 1792 564 1846 δικαίαν
578 1791 627 1846 καλ
640 1799 699 1855 τοῖς
711 1796 822 1856 πολλοῖς
836 1792 976 1864 ὠφέλιμον
989 1796 1065 1864 Ape,
1084 1815 1148 1852 oum

137 1870 227 1924 nostri
246 1871 314 1925 dent
332 1868 359 1924 εἰ
375 1867 427 1939 μὲν
445 1869 498 1940 γάρ
517 1870 683 1941 ἀσύμφορον
701 1873 748 1926 καὶ
768 1877 806 1945 τῷ
825 1871 903 1946 δήμῳ
923 1875 1062 1947 βλαβεράν
1079 1921 1086 1932 .
1102 1921 1107 1933 .
1123 1877 1150 1932 εἰ

139 1950 170 2004 δέ
190 1948 388 2021 συμφέρουσαν
407 1949 456 2003 καὶ
474 1957 532 2013 τοῖς
550 1970 579 2008 π.
599 1952 629 2007 ὠ.
663 1951 723 2022 Ego
742 1967 793 2022 pro
811 1951 976 2024 ἀσύμφορον
995 1957 1025 2008 et
1042 1954 1148 2026 συμφέ-

139 2047 244 2100 ρουσαν
263 2027 357 2096 recepi
375 2027 475 2084 ἄδικον
495 2031 524 2084 et
538 2031 662 2086 δικαίαν.
672 2062 704 2070 -
720 2029 769 2086 διὰ
782 2039 864 2086 τοῦτο
878 2033 912 2086 Y:
932 2030 1043 2088 θιάάτὸ
1057 2044 1147 2092 τοῦτο.

139 2110 264 2172 Λικαίως
279 2105 314 2162 tv
329 2107 378 2162 διὰ
392 2116 480 2163 ταῦτα
494 2108 591 2178 Apsin.
602 2140 637 2151 -
651 2109 811 2175 ἀποθάνοις
828 2112 863 2166 Fz
885 2112 1028 2168 ἀποθάνοι
1044 2113 1147 2170 SAYO

138 2191 205 2258 Aps.
227 2188 285 2259 (h.).
309 2218 344 2229 -
367 2195 425 2250 πῶς
447 2186 558 2257 Apsin:
581 2189 630 2244 διὰ
652 2191 688 2246 τί.
712 2223 743 2230 -
767 2191 874 2246 τούτων
893 2192 975 2262 Apu
1001 2191 1043 2256 οἷς
1063 2195 1148 2259 αὐτὸς

139 2266 277 2338 ἔγραψας,
295 2265 442 2335 inquibus
457 2265 583 2338 ἔγραψας
595 2285 695 2338 parum
713 2267 755 2323 rei
768 2268 906 2326 convenit.
921 2302 954 2312 -
969 2272 1049 2339 ἀξιοῖ
1057 2277 1148 2344 ψηφί-

139 2351 238 2412 ζεσθαι
255 2345 371 2408 τούτους
389 2346 457 2415 Aps.
476 2379 509 2386 —
535 2347 570 2400 15
592 2343 730 2413 ἐξετάζειν
749 2364 814 2402 son:
838 2344 1018 2416 ἐξετάζεσθαι
1035 2352 1094 2424 (h.).
1114 2386 1146 2394 -

138 2427 177 2481 1ss
190 2434 333 2495 προσῆκον
346 2424 425 2494 Yayl.
439 2425 536 2494 (XVII,
551 2431 585 2480 28
600 2427 671 2482 conf.
680 2427 787 2499 Weil.)2
801 2428 936 2498 προσήκει
950 2432 982 2497 Α,
996 2431 1147 2500 προσήκειν

137 2524 163 2561 v.
187 2505 241 2560 Dd.
265 2537 298 2546 -
322 2503 387 2559 eeel.
411 2502 494 2574 ἔχειν.
519 2535 552 2546 -
579 2505 760 2575 περιοπτέον
784 2507 879 2566 Cobet.
907 2542 940 2549 -
968 2513 1067 2575 δεινῶς
1093 2530 1147 2569 om,

138 2588 251 2654 praeter
273 2584 292 2640 S
314 2582 401 2638 ceteri
423 2586 456 2638 ut
476 2583 533 2640 vid.
558 2617 590 2625 -
617 2581 649 2640 ἐκ
671 2595 727 2642 τῶν
749 2587 959 2658 προειρημένον
983 2590 1146 2658 deleverim

140 2665 238 2717 contre
254 2667 416 2733 Λυκοῦργος
434 2663 488 2719 del.
507 2663 590 2720 Weil.
610 2697 642 2706 -
662 2666 698 2720 1?
723 2661 820 2736 ᾐτιᾶτο
839 2668 860 2720 F
880 2666 987 2738 (ᾐτίατο
1006 2669 1083 2741 1)(1.)ι
1105 2671 1147 2727 αἰ·

139 2752 241 2799 τιάται.
256 2773 289 2784 -
303 2739 407 2813 ᾕρηκεν
422 2758 474 2798 ser.
489 2745 554 2811 post
566 2743 709 2814 Weilium‚
729 2745 778 2814 qui
792 2745 840 2800 καλ
857 2744 914 2818 ᾔρι
932 2745 1019 2820 ᾕρηκε
1032 2753 1148 2822 (εἴρηκε)

140 2830 303 2892 κατηγορῶν
321 2820 385 2889 AF,
410 2820 583 2890 κατηγόρηκε
603 2824 651 2878 καὶ
673 2822 727 2878 εἷλε
747 2824 805 2882 SY.
823 2855 858 2866 -
876 2823 891 2882 ὃ
910 2869 917 2883 .
937 2869 945 2884 .
963 2839 1148 2900 μεταποιῆσαι

139 2901 223 2957 Weil.
238 2918 290 2971 pro
308 2895 364 2974 ᾧ.
387 2908 565 2970 μετανοῆσαι.
597 2903 672 2956 Illud
689 2904 790 2974 recepi.
805 2937 839 2946 -
857 2903 960 2979 ταῦθ’]
978 2918 1067 2964 ταῦτα
1085 2927 1148 2964 oum

139 2978 363 3051 interpunctione
385 2978 470 3035 Dobr.
492 2979 545 3034 Dd.
571 3013 605 3022 -
630 2981 700 3053 πρός
724 3003 803 3046 τινας
827 2983 1011 3056 ὀργισθέντας
1033 3008 1061 3044 τι
1083 3007 1146 3046 eelz:

140 3057 383 3131 παροργισθέντας
405 3078 432 3112 τι
454 3058 523 3128 πρός
545 3081 623 3125 τινας
645 3080 684 3130 κ,
712 3063 782 3133 πρός
808 3084 883 3128 τινος
910 3066 1093 3137 ὀργισθέντας
1115 3071 1147 3124 Α,

140 3139 380 3209 Παροξυνθέντας
398 3158 424 3192 τι
443 3137 512 3207 πρός
530 3161 609 3204 τινας
627 3142 675 3196 καί
693 3162 720 3212 μ.
736 3163 759 3200 τ.
774 3146 800 3199 θ.
819 3142 1003 3215 ὀργισθέντας
1016 3146 1098 3202 weil.
1114 3181 1147 3189 —

141 3220 178 3272 18
198 3220 287 3290 (υμΐν]
306 3220 383 3288 ὑμῶν
406 3236 447 3288 pr.
467 3217 506 3288 S.)
529 3252 559 3258 -
583 3222 712 3292 (ηθισται
730 3221 768 3290 S.)
791 3253 825 3262 -
848 3219 1000 3295 (ἐλέγχεται
1022 3225 1041 3282 S
1063 3244 1105 3296 pr.
1122 3227 1149 3281 Y

141 3299 193 3365 pr.)
213 3330 248 3340 -
270 3298 308 3354 19
321 3299 514 3368 λοιδορεῖσθαι
533 3301 706 3372 διαβοᾶσθαι
721 3302 885 3371 μέμφεσθαι
897 3304 931 3360 Α.
950 3303 1005 3359 Sed
1018 3305 1149 3375 asyndeti

141 3391 197 3428 non
215 3378 259 3431 eet
277 3393 374 3430 emens
393 3375 440 3431 hio
458 3376 584 3446 neriptor.
606 3412 633 3418 —
653 3387 686 3450 τῇ
705 3379 785 3436 πόλει
799 3381 952 3454 γιγνόμενα
968 3384 1148 3456 A(Scheef.):

142 3472 212 3520 γιγν.
231 3461 264 3524 τῇ
283 3473 311 3508 π.
332 3471 374 3523 pr.
392 3454 415 3508 Y
432 3455 494 3526 (h),
518 3457 552 3511 τὰ
570 3478 594 3527 γ.
618 3467 652 3530 τῇ
669 3478 698 3515 π.
719 3457 750 3526 S,
768 3459 805 3530 Y,
829 3477 900 3518 corr,
922 3462 1015 3520 YDd.
1032 3464 1090 3534 (11..)
1114 3495 1149 3506 -
