2590 3900
167 131 233 196 238
471 133 568 186 mv.
591 129 871 184 ιυυοεουαουε

166 295 352 376 κατήγορον
375 291 476 357 αὐτὸν
500 292 605 357 αὑτοῦ
626 297 835 374 γεγενῆσθαι.
872 283 917 356 ἵν’
938 284 1002 356 οὖν
1021 287 1111 357 τοῦτ’
1135 291 1182 355 εἰ·

168 400 244 482 δητε
272 400 486 481 γιγνόμενον,
515 395 740 478 ἀναγνώσεται
762 397 821 460 τὸν
843 398 950 480 νόμον
971 395 1052 481 ὑμῖν
1075 396 1182 461 αὐτὸν

168 501 208 568 ὃν
231 498 328 579 οὗτος
351 505 483 586 ἔθηκεν·
508 500 572 585 ἐγὼ
597 499 633 566 δέ
656 505 871 587 σιωπήσομαι.
909 503 993 586 λέγε.

127 734 154 775 σε
599 722 737 775 ΝΟΜΟΣ.

257 833 441 914 Τιμοκράτης
464 826 558 895 εἰπεν·
591 829 694 895 ὁπόσοι
713 827 886 912 Ἀθηναίων
908 827 973 894 κατ’
998 834 1182 915 εἰσαγγελίαν

210 926 243 991 ἰκ
265 939 318 1010 τῆς
340 932 452 1011 βουλῆς
474 927 494 1009 ἢ
516 939 575 992 νῦν
598 929 672 991 εἰσιν
694 927 728 991 ἰν
749 934 790 1014 τῷ
814 930 1001 1017 δεσμωτηρίῳ
1023 928 1044 1011 ἢ
1066 931 1098 992 τὸ
1118 935 1181 993 λοι-

210 1025 268 1089 πδν
290 1032 488 1107 κατατεθῶσι,
511 1026 561 1089 καί
583 1026 624 1106 μὴ
646 1026 808 1112 παραδοθῇ
830 1022 850 1105 ἡ
873 1028 1056 1110 κατάγνωσις
1079 1027 1181 1090 αὐτῶν

210 1129 272 1197 τοῖς
299 1123 496 1204 θεσμοθέταις
523 1123 582 1188 ὑπὸ
607 1134 661 1187 τοῦ
682 1122 873 1206 γραμματέως
895 1134 948 1188 τοῦ
971 1124 1045 1187 κατὰ
1066 1147 1181 1207 πρυτα-

168 1259 170 1264 .
210 1221 293 1283 νείαν
315 1220 389 1284 κατὰ
411 1220 463 1284 τὸν
486 1219 698 1302 εἰσαγγελτικὸν
721 1218 826 1300 νόμον,
849 1220 989 1302 δεδόχθαι
1007 1227 1068 1295 τοῖς
1086 1245 1180 1303 νομο-

210 1316 312 1391 θέταις
335 1319 461 1400 εἰσάγειν
483 1318 553 1392 τοὺς
575 1317 680 1380 ἕνδεκα
700 1317 742 1390 εἰς
759 1315 793 1380 τδ
812 1317 1002 1400 δικαστήριον
1019 1314 1178 1400 τριάκονθ’Ι

209 1411 328 1496 ἡμερῶν
362 1409 416 1495 ἀφ’
445 1408 482 1493 ἧς
514 1413 552 1477 διν
583 1415 809 1496 παραλάβωσιν,
837 1412 890 1476 έάν
922 1415 963 1495 μή
995 1438 1023 1476 τι
1049 1415 1180 1501 δημοσίᾳ

209 1513 325 1598 κωλάη,
347 1510 400 1574 ἰὰν
424 1509 456 1574 δέ
479 1511 535 1592 μη,
558 1511 630 1573 ὅταν
652 1521 770 1593 πρῶτον
792 1506 856 1574 οἷόν
878 1506 905 1574 τ’
929 1500 959 1598 ᾗ.
1004 1520 1178 1594 κατηγορεῖν

211 1604 239 1670 δ’
261 1604 432 1689 Ἀθηναίων
458 1608 510 1671 τὸν
537 1609 721 1690 βουλόμενον
744 1603 789 1682 οίς
812 1607 930 1683 ἔξεστιν.
975 1607 1029 1671 έάν
1052 1605 1080 1670 δ’
1105 1609 1178 1695 ἁλῷ,

209 1707 317 1786 τιμάτω
344 1702 364 1785 ἡ
391 1703 491 1786 ἡλιαία
517 1704 584 1787 περί
611 1705 704 1768 αὐτοῦ
731 1705 748 1766 δ’
775 1728 803 1766 τι
829 1704 867 1767 ἀν
895 1706 968 1791 δοκῇ
996 1703 1078 1781 άξιος
1101 1701 1178 1769 εἰναι

209 1808 320 1865 παθεῖν
343 1801 363 1883 ἢ
386 1802 544 1865 ἀποτεῖσαι.
585 1800 638 1864 ἰὰν
662 1797 692 1863 δ’
717 1801 859 1885 ἀργυρίου
882 1809 1010 1889 τιμηθῇ,
1034 1803 1166 1868 δεδέσθω
1177 1811 1220 1861 ⁷21

209 1899 279 1973 τέως
302 1897 341 1961 ἀν
363 1898 476 1987 έκτείση
499 1899 518 1963 ὅ
540 1922 567 1962 τι
589 1897 628 1960 ἀν
650 1898 743 1961 αὐτοῦ
765 1905 971 1986 καταγνωσθῇ.

125 2038 152 2078 ιι
250 2016 394 2084 Ἀκούετ’
431 2015 456 2084 ὦ
489 2021 609 2101 ἀνδρες
641 2021 804 2099 δικασταῖς
847 2015 915 2104 λέγ’
950 2020 1063 2099 αὐτοῖς
1095 2022 1174 2088 αὐτὸ

165 2135 263 2193 τοῦτο
286 2126 395 2191 πάλιν.

597 2283 734 2338 ΝΟΜΟΣ.

250 2390 323 2458 Ἐάν
346 2389 375 2458 δ’
395 2392 539 2478 ἀργυρίου
561 2401 685 2480 τιμηθῇ,
709 2392 840 2457 δεδέσθω
862 2392 934 2468 τέως
956 2392 995 2458 ἀν
1017 2394 1137 2484 έκτείση.

253 2514 420 2582 Πέπαυσο.
458 2518 549 2580 ἔστιν
572 2509 635 2580 οὖν
653 2515 741 2591 ὅπως
759 2512 964 2600 έναντιάτερ’
982 2517 1024 2581 ἀν
1042 2539 1092 2593 τις
1111 2519 1169 2584 δύο

162 2623 240 2706 θείη
263 2629 324 2686 τοῦ
348 2617 522 2702 δεδέσθαι,
544 2618 625 2696 τέως
650 2618 691 2684 ἀν
715 2618 899 2704 ἐκτείσωσι,
921 2622 999 2697 τοὺς
1022 2621 1169 2706 ἁλόντας,
1264 2697 1265 2719 ¹

162 2725 217 2793 καί
247 2735 310 2792 τοῦ
340 2727 540 2792 καθιστάναι
571 2729 649 2803 τοὺς
681 2725 802 2802 αὐτοὺς
832 2727 972 2804 τούτους
1001 2728 1168 2814 ἐγγυητάς,
1263 2767 1264 2805 η

163 2833 246 2899 ἀλλὰ
277 2834 322 2916 μὴ
355 2833 440 2910 δεῐν;
478 2839 581 2898 ταῦτα
612 2834 728 2898 τοίνυν
758 2843 936 2915 κατηγορεῖ
969 2836 1168 2920 Τιμοκράτης

167 2939 407 3024 Τιμοκράτους,
435 2937 476 3002 οὐ
499 2938 689 3023 Διόδωρος,
718 2932 791 3002 οὐδ’
817 2940 916 3014 ἀλλος
941 2938 1036 3022 ὑμῶν
1062 2939 1167 3017 οὐδεὶς
1260 3009 1261 3018 ,

122 3045 331 3110 ωτοσοάτωυ
363 3045 470 3111 ὄντων
499 3045 537 3108 τὸ
570 3048 707 3126 πλῆθος.
756 3047 864 3109 καίτοι
894 3047 985 3120 τίνος
1016 3045 1096 3129 ὑμῖν
1127 3045 1165 3112 ἀν

162 3149 368 3235 ἀποσχέσθαι
396 3151 490 3215 δοκεῖ
513 3152 694 3234 λήμματος,
721 3148 742 3234 ἣ
769 3153 805 3214 τί
827 3159 936 3215 ποιεῖν
963 3148 1005 3215 ἀν
1033 3151 1164 3235 ὀκνῆσαι

161 3254 301 3341 κέρδους
327 3257 450 3338 εἵνεκα,
478 3256 568 3332 ὅστις
590 3251 714 3321 ἐναντί’
741 3256 840 3334 αὐτὸς
862 3256 951 3344 αὐτῷ
972 3265 1164 3342 νομοθετεῖν
1257 3263 1258 3266 ’

162 3359 312 3444 ἠξίωσεν,
332 3358 411 3428 οὐδὲ
430 3373 499 3439 τοῖς
517 3363 628 3439 άλλοις
646 3375 713 3428 τῶν
731 3366 844 3448 νόμων
858 3362 1004 3441 έάντωνς
1023 3362 1095 3449 έμοί
1108 3360 1162 3450 μέν
1252 3411 1256 3495 1

162 3468 225 3542 γάρ
249 3464 345 3532 εἵνεκ’
368 3467 536 3546 ἀναιδείας
558 3469 577 3535 δ
599 3479 749 3548 τοιοῦτος
772 3472 866 3537 δοκεῖ
885 3478 951 3535 πάν
974 3469 1016 3536 ἀν
1034 3469 1161 3555 ἑτοίμως
1252 3493 1254 3538 J
