2612 3918
174 129 238 192 102
486 133 557 182 εει.
582 129 860 183 Δεαοεοεαοεε

170 293 375 373 θεραπαίνας
401 289 551 374 κέκτηται
578 292 701 367 πολλάς
727 290 748 374 ἢ
776 290 893 374 σκεύη,
921 287 990 355 ἀλλ’
1018 287 1055 366 ὃς
1077 286 1119 354 ἂν
1142 287 1179 354 ἐν
1299 301 1300 304 ’

168 399 299 473 τούτοις
327 398 474 482 λαμπρὸς
500 395 556 462 καὶ
585 399 757 482 φιλότιμος
785 387 820 483 ᾖ,
849 391 897 461 ὧν
924 395 1026 461 ἅπασι
1051 393 1179 479 μέτεστι

170 514 239 580 τοῖς
260 508 396 581 πολλοῖς
418 503 524 588 ὑμῶν·
549 498 597 569 ὧν
620 499 720 569 ούδέυ
744 503 898 587 εὑρήσετε
918 502 1024 590 τούτῳ
1042 504 1178 587 προσόν.

122 627 158 666 1⁶⁰
256 608 353 676 Ἀλλδι
375 612 417 694 νη
441 613 509 675 Δία
531 611 647 694 τριήρη
672 608 848 675 ἐπέδωκεν·
877 609 1002 691 ταύτην
1024 609 1087 693 γάρ
1110 601 1175 673 οἶδ

170 715 221 782 δτι
240 719 429 801 θρυλήσεά,
452 714 507 783 καί
526 719 624 801 φησει
643 715 730 800 ,ἐγὼ
748 715 829 800 ὑμῖν
847 716 964 802 τριήρη
984 713 1178 796 ἐπέδωκα“].

170 821 292 887 οὑτωσὶ
315 823 356 906 δη
379 825 544 907 ποιήσατε.
583 824 614 887 εί
630 818 691 906 μὲν
710 817 736 886 ὦ
755 822 875 905 άνδρες
894 814 1066 904 Ἀθηναῖοι
1084 824 1179 903 φιλο-

169 933 277 1012 τιμίας
300 928 408 994 εἵνεκα
430 928 555 1010 ταύτην
578 925 752 1008 ἐπέδωκεν,
775 925 819 1010 ἣν
841 927 1001 1011 προσήκει
1022 937 1090 991 τῶν
1112 948 1178 992 τοι·

170 1035 279 1098 ούτωυ
301 1036 388 1118 ἐχειν
409 1034 517 1118 χάριν,
540 1033 664 1116 ταύτην
683 1028 764 1116 ἔχετ’
788 1031 876 1120 αύτῷ
895 1031 1067 1115 κάπόδοτε,
1085 1030 1178 1116 ύβρί

171 1143 237 1218 ζειν
265 1136 301 1206 δέ
324 1142 368 1225 μὴ
392 1141 488 1206 δῶτε·
519 1139 658 1216 ούδευδς
679 1140 743 1222 γὰρ
766 1138 956 1223 πράγματος
978 1133 1052 1204 οὐδ’
1078 1140 1178 1224 ἔργου

171 1255 269 1313 τοῦτο
297 1243 536 1331 συγχωρητέον.
583 1246 614 1310 εί
640 1240 676 1310 δέ
704 1246 745 1327 δὴ
773 1241 827 1309 καὶ
855 1244 979 1320 δειλίας
1000 1241 1056 1310 καὶ
1079 1244 1179 1310 άναυ-
1299 1311 1300 1316 ,

170 1354 265 1438 δρίας
292 1353 401 1417 εἵνεκα
429 1353 639 1436 δειχθήσεται
660 1358 759 1416 τοῦτο
781 1350 981 1433 πεποιηκώς,
1008 1351 1052 1435 μὴ
1076 1372 1179 1433 παρα-

170 1463 365 1542 κρουσθῆτε.
411 1468 480 1534 πῶς
502 1451 564 1524 οὖν
587 1463 732 1535 είσεσθε;
756 1454 820 1540 ἐγὼ
843 1453 1020 1521 καὶτοῦτο
1044 1456 1178 1539 διδάξω,

120 1580 158 1620 1⁶1
173 1565 306 1630 ἄνωθεν
329 1559 377 1646 δέ,
400 1565 525 1649 βραχύς
544 1563 610 1649 γάρ
633 1559 706 1628 ἐσθ’
729 1561 747 1628 δ
771 1563 879 1644 λόγος,
903 1559 993 1642 λέξω.
1030 1560 1174 1646 ἐγένοντ’

171 1673 218 1747 είς
240 1671 390 1754 Εύβοιαν
413 1670 577 1746 ἐπιδόσεις
599 1665 675 1754 παρ’
702 1668 783 1753 ὑμῖν
804 1679 943 1753 πρῶται·
965 1668 1094 1734 τούτων
1117 1669 1178 1735 οὐκ

171 1771 213 1860 ἦν
236 1777 388 1857 Μειδίας,
413 1773 484 1842 ἀλλ’
511 1774 586 1858 ἐγὼ,
611 1772 667 1840 καὶ
690 1776 951 1859 συντριήραρχος
972 1769 1016 1857 ἦν
1038 1798 1094 1859 μοι
1119 1781 1178 1841 Φι-

172 1887 264 1958 λῖνος
285 1881 304 1947 δ
328 1882 568 1967 Νικοστράτου.
608 1880 716 1963 ἕτεραι
739 1880 890 1964 δεύτεραι
912 1880 992 1964 μετὰ
1014 1877 1104 1946 ταῦτ’
1132 1885 1179 1959 είς

165 1987 345 2053 Ὄλυνθον·
369 1983 448 2053 ούδέ
470 1988 598 2054 τούτων
621 1982 663 2071 ην
682 1987 834 2063 Μειδίας.
869 1989 977 2052 καίτοι
998 1989 1057 2052 τόν
1080 2011 1117 2070 γε
1136 1989 1178 2071 δη

173 2095 348 2178 φιλότιμον
371 2102 539 2178 πανταχοῦ
562 2102 728 2178 προσῆκεν
747 2091 960 2171 ἐξετάζεσθαι.
991 2095 1098 2180 τρίται
1114 2103 1178 2159 νῦν

171 2194 268 2266 αὗται
290 2202 467 2284 γεγόνασιν
490 2199 665 2276 ἐπιδόσεις·
690 2193 826 2264 ἐνταῦθ’
847 2197 997 2264 ἐπέδωκε.
1035 2210 1117 2278 πῶς;
1141 2199 1178 2264 ἐν

171 2316 211 2393 τῇ
237 2311 342 2392 βουλῇ
369 2305 576 2390 γιγνομένων
600 2305 781 2371 ἐπιδόσεων
802 2305 918 2390 παρὼν
941 2303 1002 2370 ούκ
1023 2303 1178 2371 ἐπεδίδου

120 2429 158 2468 1⁶2
170 2416 258 2479 τότε·
277 2411 389 2496 ἐπειδη
409 2410 446 2478 δέ
464 2417 715 2496 πολιορκεῖσθαι
733 2413 810 2487 τοὺς
829 2410 865 2476 ἐν
888 2411 1055 2494 Ταμύναις
1072 2425 1232 2494 στρα-οεκ

171 2519 289 2595 τιώτας
316 2518 540 2602 ἐξηγγέλλετο,
567 2515 622 2582 καί
649 2517 774 2594 πάντας
801 2514 921 2596 ἐξιέναι
945 2518 1023 2593 τοὺς
1043 2515 1178 2582 ὑπολοί

171 2646 255 2700 πους
275 2623 400 2707 ίππέας,
420 2619 467 2690 ὧν
485 2615 532 2700 εἷς
551 2617 648 2700 οὗτος
666 2617 719 2706 ἦν.
740 2622 1005 2706 προεβούλευσεν
1022 2621 1043 2706 ἡ
1062 2626 1178 2708 βουλή,

71 2761 73 2767 ·
171 2739 348 2816 τηνικαῦτα
380 2728 543 2815 φοβηθεὶς
574 2731 635 2813 τὴν
668 2732 848 2817 στρατείαν
871 2728 1009 2813 ταύτην,
1041 2731 1088 2806 είς
1116 2731 1178 2814 τὴν

172 2835 332 2901 ἐπιοῦσαν
359 2834 550 2917 ἐκκλησίαν,
578 2831 658 2916 πρὶν
683 2831 737 2899 καὶ
760 2833 944 2920 προέδρους
966 2833 1177 2918 καθίζεσθαι,

172 2941 349 3026 παρελθὼν
372 2938 544 3007 ἐπέδωκεν.
590 2947 635 3027 τῷ
660 2940 777 3022 δῆλον,
804 2939 887 3004 ὥστε
910 2934 987 3024 μηδ’
1013 2939 1179 3007 ἀντειπεῖν

172 3049 274 3113 αὐτὸν
298 3049 396 3132 ἔχειν,
419 3046 469 3112 δτι
491 3047 553 3130 την
575 3049 748 3130 στρατείαν
769 3046 913 3130 φεύγων,
937 3046 978 3112 ού
997 3049 1177 3135 φιλοτιμία,

172 3147 262 3220 τοῦτ’
284 3152 452 3236 ἐποίησευ;
471 3163 541 3230 τοῖς
559 3152 639 3237 μετά
656 3161 758 3217 ταῦτα
776 3158 974 3237 πραχθεῖσιν
992 3149 1177 3219 ὑπἀὐτοῦ.

122 3261 211 3325 ιωτὸ
233 3255 294 3344 μὲν
316 3259 378 3343 γάρ
402 3270 543 3343 πρῶτον,
568 3258 611 3335 ὡς
635 3258 696 3323 οὐκ
715 3257 830 3338 ἐδόκει,
854 3258 1035 3343 προϊούσης
1052 3268 1109 3344 τῆς
1127 3259 1177 3325 ἐκ·

173 3367 309 3449 κλησίας
330 3362 386 3430 καὶ
409 3367 517 3446 λόγων
540 3362 757 3448 γιγνομένων,
782 3373 840 3447 τῆς
862 3375 928 3429 τῶν
952 3364 1078 3430 ίππέωυ
1100 3368 1177 3450 βοη-

174 3473 268 3545 θείας
290 3471 354 3557 ἥδη
379 3471 460 3553 δεῖν,
485 3466 555 3536 ἀλλ’
581 3470 800 3538 ἀνεπεπτώκει
822 3471 863 3538 τά
885 3479 942 3556 της
965 3469 1092 3553 ἐξόδου,
1117 3471 1178 3537 ούκ
