2612 3918
182 167 244 230 112
492 169 564 220 xxx.
587 165 867 220 Διιιιουοιιαονυ

179 326 199 411 ή
229 328 425 407 σπουδάζειν
452 330 499 405 είς
520 329 560 392 τὰ
584 329 639 410 σοί,
667 331 745 405 τοὺς
768 326 833 393 ὑπὸ
856 335 918 392 σοῦ
942 327 1084 412 δημοσίᾳ
1107 347 1185 408 προ-

179 433 495 518 πεπηλακισμένουςς
521 437 563 500 σὺ
586 437 687 518 μόνος
709 445 776 499 τῶν
799 435 907 498 όντων
926 432 1115 518 ἀνθρώπων
1133 428 1188 495 ἐπὶ

179 534 240 623 μὲν
261 548 323 604 τοῦ
345 541 421 622 βίου
443 541 605 624 τοσαύτης
627 539 857 624 ὑπερηφανίας
879 541 1003 624 πλήρης
1026 537 1073 603 ὢν
1092 537 1189 618 [ποίν-

179 669 246 709 τοιν
269 644 471 732 ἀνθρώπων]
497 649 563 711 ἔσει
587 647 829 732 φανερώτατος,
853 646 936 710 ὥστε
956 643 1011 710 καί
1029 645 1111 728 πρὸς
1129 643 1190 720 οὓς

179 748 283 835 μηδέν
306 750 379 816 ἐστί
398 769 451 817 σοι
470 761 614 837 πρᾶγμα,
638 757 817 817 λυπεῖσθαι
835 753 896 834 τήν
914 752 978 834 σήν
996 751 1189 835 θρασύτητα

179 853 233 922 καί
260 859 377 943 φωνήν
399 857 454 925 καὶ
479 858 544 940 [τὸ]
569 868 677 943 σχῆμα
700 856 754 924 καί
777 861 855 935 τοὺς
878 861 958 934 σοὺς
980 857 1190 933 ἀκολούθους

178 959 233 1028 καὶ
261 968 407 1030 πλοῦτον
433 962 488 1030 καὶ
515 964 615 1048 ὕβριν
637 970 865 1050 θεωροῦντας,
894 963 930 1029 ἐν
954 959 990 1028 δὲ
1012 971 1057 1052 τςδ
1081 967 1189 1048 κρίνε-

130 1088 168 1129 ιεε
182 1074 264 1133 σθαι
295 1065 479 1156 παραχρῆμ’
515 1070 703 1154 ἐλεηθήσει;
741 1071 887 1155 μεγάλην
918 1067 1040 1154 μέντδν
1072 1069 1188 1154 ἀρχήν,

179 1180 305 1259 μᾶλλον
328 1174 366 1243 δὲ
388 1177 507 1262 τέχνην
529 1183 598 1261 είης
620 1177 781 1261 εὑρηκώς,
807 1179 838 1242 εί
860 1177 922 1242 δύο
944 1173 1185 1241 τάναντιώταθ’

180 1280 309 1361 ἑαυτοῖς
341 1283 377 1349 ἐν
409 1283 495 1348 οὕτω
528 1284 647 1367 βραχεῖ
675 1285 785 1370 χρόνῳ
815 1281 889 1367 περὶ
917 1283 1041 1352 σαυτὸν
1069 1283 1187 1348 δύναιο

179 1395 364 1473 ποιεῖσθαι,
392 1391 528 1475 φθόνον
555 1388 588 1468 ἐξ
617 1383 665 1454 ὧν
695 1392 762 1475 ζής,
791 1389 846 1456 καὶ
873 1387 926 1474 ἐφ’
954 1381 1003 1466 οίς
1028 1388 1188 1476 ἐξαπατᾷς

181 1497 280 1561 ἔλεον.
318 1495 380 1561 οὐκ
403 1498 493 1560 ἐστιν
517 1494 710 1579 οὐδαμόθεν
732 1512 786 1562 σοι
804 1498 981 1581 προσήκων
1000 1497 1090 1572 ἔλεος
1108 1492 1187 1561 οὐδὲ

180 1597 257 1666 καθ’
279 1599 327 1684 ἕν,
350 1601 433 1666 δλλδ
455 1601 652 1667 τούναντίον
676 1614 772 1686 μίσος
793 1600 848 1668 καὶ
870 1604 1001 1687 φθόνος
1018 1600 1072 1668 καί
1091 1602 1187 1687 ὀργή·

179 1708 307 1773 τούτων
329 1708 392 1792 γὰρ
416 1707 489 1787 ἄξια
511 1719 624 1785 ποιεῖς.
662 1705 733 1773 ἀλλ’
756 1703 806 1774 ἐπ’
828 1707 933 1774 ἐκεῖνο
953 1707 1112 1792 ἐποίνειμι,
1136 1710 1188 1773 ὅτι

129 1831 166 1871 ιιι
180 1822 240 1879 τοῦ
264 1814 372 1897 δήμου
394 1817 611 1898 κατηγορήσει
633 1812 687 1879 καὶ
710 1823 767 1898 τῆς
789 1813 968 1898 ἐκκλησίας.
1012 1813 1091 1879 ὅταν
1114 1809 1242 1879 οὖνῠλε

180 1928 278 1984 τοῦτο
306 1929 400 2004 ποιή,
429 1920 632 2005 ἐνθυμεῖσθε
655 1917 731 2004 παρ’
758 1920 839 2004 ὑμῖν
862 1921 973 1997 αὐτοῖς
996 1921 1115 2004 ἄνδρες
1138 1922 1186 1986 δι-

180 2027 311 2107 κασταί,
344 2025 395 2090 ὅτι
422 2020 519 2104 οὗτος
546 2038 613 2091 τῶν
640 2023 715 2110 μεθ’
747 2023 867 2091 ἑαυτοῦ
894 2026 1186 2111 στρατευσαμένων

181 2129 321 2215 ίππέών,
344 2128 392 2196 ὅτ’
419 2132 466 2208 είς
479 2130 649 2197 Ὄλυνθον
672 2130 842 2217 διέβησαν,
865 2132 975 2198 ἐλθών
997 2134 1079 2219 πρὸς
1101 2133 1187 2219 ὑμᾶς

181 2239 228 2314 είς
251 2238 312 2319 τήν
336 2236 511 2321 ἐκκλησίαν
533 2241 714 2324 κατηγόρει.
760 2239 861 2303 πόλιν
883 2247 947 2303 νῦν
969 2242 1083 2323 μείνας
1104 2242 1187 2326 πρὸς

180 2345 258 2420 τοὺς
276 2342 514 2428 ἐξεληλυθότας
532 2353 591 2409 τοῦ
611 2346 719 2428 δήμου
737 2347 961 2430 κατηγορήσει.
991 2341 1101 2431 πότερ’
1124 2342 1186 2412 οὖν

180 2449 282 2534 ὑμεῖς,
306 2451 364 2516 ἐών
386 2474 421 2516 τε
443 2444 555 2535 μένητ’
582 2449 640 2515 ἐών
663 2447 691 2514 τ’
719 2451 837 2536 ἐξίητε,
861 2450 1073 2535 ὁμολογήσετ’
1099 2447 1186 2518 εἶναι

181 2564 337 2641 τοιοῦτοι,
360 2558 452 2633 οἴους
469 2557 613 2633 Μειδίας
636 2557 720 2641 ὑμᾶς
738 2556 927 2640 ἀποφαίνει,
950 2556 1186 2640 ήτούναντίον

179 2672 299 2729 τοῦτον
327 2660 377 2728 ἀεὶ
401 2661 455 2728 καί
477 2673 647 2748 πανταχοῦ
669 2670 762 2740 θεοῖς
784 2663 907 2748 ἐχθρὸν
929 2662 984 2729 καί
1006 2666 1184 2749 βδελυρόν;

181 2768 244 2852 ἐγὼ
267 2765 328 2852 μὲν
351 2765 442 2853 οἶμαι
464 2778 584 2835 τοῦτον
607 2778 768 2834 τοιοῦτον.
805 2769 840 2835 δν
863 2773 918 2855 γὰρ
942 2773 995 2855 οὐχ
1018 2774 1126 2854 ἱππεῖς,
1149 2776 1185 2837 οὐ

181 2870 385 2952 συνάρχοντες,
408 2869 445 2932 οὐ
467 2871 550 2949 φίλοι
573 2871 715 2932 δύνανται
737 2868 848 2952 φέρειν,
870 2872 900 2932 τί
917 2880 1023 2933 τούτου
1041 2872 1108 2958 είπη
1126 2895 1185 2949 τις;

130 2980 167 3021 1⁹⁸
181 2965 246 3046 ἐμοί
264 2964 317 3048 μὲν
335 2966 374 3046 νή
393 2967 444 3028 τδν
458 2969 517 3029 Δία
535 2966 584 3029 καί
602 2967 653 3029 τὸν
669 2963 796 3030 Ἀπόλλω
811 2967 860 3029 καί
873 2967 928 3047 τήν
944 2963 1077 3048 Ἀθηνᾶν
1091 2965 1185 3054 (εἰρή-

180 3083 258 3126 σεται
280 3063 346 3146 γὰρ,
368 3060 421 3126 εἴτ’
441 3063 563 3146 ύμεινον
584 3067 639 3128 εἴτε
657 3061 721 3148 μή)
741 3061 792 3128 ὅθ’
813 3059 910 3144 οὗτος,
933 3064 972 3139 ώς
990 3065 1185 3149 ἀπήλλαγμαι,

180 3160 300 3244 περιιών
323 3161 495 3244 ἐλογοποίει,
517 3161 637 3243 ἔνδηλοί
657 3185 733 3237 τινες
755 3156 832 3244 ἦσαν
850 3161 1011 3244 ἀχθόμενοι
1028 3173 1087 3225 τών
1104 3165 1184 3226 πάνυ

180 3259 272 3344 τούτῳ
300 3260 466 3321 λαλούντων
493 3257 595 3339 ἡδέως.
640 3260 691 3321 καί
717 3259 755 3338 νή
784 3255 837 3321 Δί’
867 3260 967 3334 αὐτοῖς
994 3260 1087 3339 πολλή
1114 3278 1183 3343 συγ·

180 3355 295 3435 γνώμη·
323 3355 360 3417 οὐ
387 3357 441 3439 γάρ
465 3357 524 3419 ἐστι
547 3357 675 3440 φορητὸς
698 3357 873 3438 ἅνθρωπος,
901 3355 972 3418 ἀλλὰ
995 3357 1045 3419 καὶ
1066 3363 1189 3421 πλουτεῖ

182 3449 287 3530 μόνος,
318 3450 368 3512 καί
394 3451 486 3533 λέγειν
514 3453 637 3514 δύναται
664 3453 771 3534 μόνος,
799 3453 849 3515 καί
875 3455 981 3528 πάντες
1009 3453 1064 3516 εἰσί
1090 3456 1184 3541 τούτῳ

130 3557 168 3596 ¹⁹⁹
182 3545 356 3626 καθάρματα
382 3546 432 3608 καί
459 3548 567 3629 πτωχοί
593 3549 642 3611 καὶ
670 3544 735 3612 οὐδ’
765 3548 929 3630 ἄνθρωποι.
975 3549 1026 3612 τδν
1054 3542 1109 3613 ούν
1136 3551 1184 3613 ἐπὶ
