<?xml version="1.0" encoding="UTF-8"?>
<!DOCTYPE html PUBLIC "-//W3C//DTD XHTML 1.0 Transitional//EN"
    "http://www.w3.org/TR/xhtml1/DTD/xhtml1-transitional.dtd">
<html xmlns="http://www.w3.org/1999/xhtml" xml:lang="en" lang="en">
 <head>
  <title>
</title>
<meta http-equiv="Content-Type" content="text/html;charset=utf-8" />
  <meta name='ocr-system' content='tesseract 3.04.00' />
  <meta name='ocr-capabilities' content='ocr_page ocr_carea ocr_par ocr_line ocrx_word'/>
</head>
<body>
  <div class='ocr_page' id='page_1' title='image "./orationes00demogoog_0174.png"; bbox 0 0 2644 4182; ppageno 0'>
   <div class='ocr_carea' id='block_1_1' title="bbox 477 145 1154 208">
    <p class='ocr_par' dir='ltr' id='par_1_1' title="bbox 477 145 1154 208">
     <span class='ocr_line' id='line_1_1' title="bbox 477 145 1154 208; baseline 0.004 -13"><span class='ocrx_word' id='word_1_1' title='bbox 477 145 589 196; x_wconf 77' lang='grc' dir='ltr'><strong><em>Ι’ΠΡΟΣ</em></strong></span> <span class='ocrx_word' id='word_1_2' title='bbox 606 145 809 198; x_wconf 78' lang='grc' dir='ltr'><strong><em>ΔΕΠΤΙΝΗΝ.</em></strong></span> <span class='ocrx_word' id='word_1_3' title='bbox 1112 145 1154 208; x_wconf 76' lang='grc'><strong><em>41</em></strong></span> 
     </span>
    </p>
   </div>
   <div class='ocr_carea' id='block_1_2' title="bbox 88 300 1166 1234">
    <p class='ocr_par' dir='ltr' id='par_1_2' title="bbox 143 300 1166 1023">
     <span class='ocr_line' id='line_1_2' title="bbox 144 300 1163 390; baseline 0.006 -25"><span class='ocrx_word' id='word_1_4' title='bbox 144 300 230 365; x_wconf 86' lang='grc' dir='ltr'><strong><em>ἀλλά</em></strong></span> <span class='ocrx_word' id='word_1_5' title='bbox 248 311 316 367; x_wconf 83' lang='grc' dir='ltr'><strong><em>τῶν</em></strong></span> <span class='ocrx_word' id='word_1_6' title='bbox 334 302 517 386; x_wconf 77' lang='grc' dir='ltr'><strong><em>ἐγκυκλίων</em></strong></span> <span class='ocrx_word' id='word_1_7' title='bbox 536 309 754 390; x_wconf 76' lang='grc' dir='ltr'><strong><em>λῃτουργιῶν,</em></strong></span> <span class='ocrx_word' id='word_1_8' title='bbox 774 305 818 382; x_wconf 82' lang='grc' dir='ltr'><strong><em>ὡς</em></strong></span> <span class='ocrx_word' id='word_1_9' title='bbox 836 305 857 390; x_wconf 88' lang='grc' dir='ltr'><strong><em>ή</em></strong></span> <span class='ocrx_word' id='word_1_10' title='bbox 875 328 910 371; x_wconf 90' lang='grc' dir='ltr'><strong><em>τε</em></strong></span> <span class='ocrx_word' id='word_1_11' title='bbox 929 308 1032 390; x_wconf 80' lang='grc' dir='ltr'><strong><em>στήλη</em></strong></span> <span class='ocrx_word' id='word_1_12' title='bbox 1052 307 1163 389; x_wconf 81' lang='grc' dir='ltr'><strong><em>δηλοί,</em></strong></span> 
     </span>
     <span class='ocr_line' id='line_1_3' title="bbox 143 404 1162 500; baseline 0.006 -30"><span class='ocrx_word' id='word_1_13' title='bbox 143 404 201 471; x_wconf 82' lang='grc' dir='ltr'><strong><em>καὶ</em></strong></span> <span class='ocrx_word' id='word_1_14' title='bbox 229 409 272 471; x_wconf 88' lang='grc' dir='ltr'><strong><em>σὺ</em></strong></span> <span class='ocrx_word' id='word_1_15' title='bbox 298 410 545 494; x_wconf 76' lang='grc' dir='ltr'><strong><em>προσδιώρισας</em></strong></span> <span class='ocrx_word' id='word_1_16' title='bbox 573 411 610 476; x_wconf 93' lang='grc' dir='ltr'><strong><em>έν</em></strong></span> <span class='ocrx_word' id='word_1_17' title='bbox 632 419 678 498; x_wconf 78' lang='grc' dir='ltr'><strong><em>τςθ</em></strong></span> <span class='ocrx_word' id='word_1_18' title='bbox 700 413 808 500; x_wconf 87' lang='grc' dir='ltr'><strong><em>νόμφ,</em></strong></span> <span class='ocrx_word' id='word_1_19' title='bbox 837 409 890 476; x_wconf 81' lang='grc' dir='ltr'><strong><em>καὶ</em></strong></span> <span class='ocrx_word' id='word_1_20' title='bbox 914 422 1078 496; x_wconf 87' lang='grc' dir='ltr'><strong><em>μαρτυρεῖ</em></strong></span> <span class='ocrx_word' id='word_1_21' title='bbox 1096 420 1162 488; x_wconf 82' lang='grc' dir='ltr'><strong><em>πᾶς</em></strong></span> 
     </span>
     <span class='ocr_line' id='line_1_4' title="bbox 145 507 1166 605; baseline 0.004 -27"><span class='ocrx_word' id='word_1_22' title='bbox 145 511 165 578; x_wconf 92' lang='lat'><em>6</em></span> <span class='ocrx_word' id='word_1_23' title='bbox 188 513 253 598; x_wconf 90' lang='grc' dir='ltr'><strong><em>πρὸ</em></strong></span> <span class='ocrx_word' id='word_1_24' title='bbox 275 521 337 579; x_wconf 88' lang='grc' dir='ltr'><strong><em>τοῦ</em></strong></span> <span class='ocrx_word' id='word_1_25' title='bbox 359 517 480 600; x_wconf 79' lang='grc' dir='ltr'><strong><em>χρόνος</em></strong></span> <span class='ocrx_word' id='word_1_26' title='bbox 501 517 663 599; x_wconf 84' lang='grc' dir='ltr'><strong><em>γεγονός,</em></strong></span> <span class='ocrx_word' id='word_1_27' title='bbox 691 515 727 581; x_wconf 90' lang='grc' dir='ltr'><strong><em>ἐν</em></strong></span> <span class='ocrx_word' id='word_1_28' title='bbox 750 507 776 605; x_wconf 73' lang='grc' dir='ltr'><em>ᾧ</em></span> <span class='ocrx_word' id='word_1_29' title='bbox 799 517 947 605; x_wconf 75' lang='grc' dir='ltr'><strong><em>τοσούτω</em></strong></span> <span class='ocrx_word' id='word_1_30' title='bbox 969 517 1008 582; x_wconf 84' lang='grc' dir='ltr'><strong><em>τὸ</em></strong></span> <span class='ocrx_word' id='word_1_31' title='bbox 1030 521 1166 600; x_wconf 80' lang='grc' dir='ltr'><strong><em>πλῆθος</em></strong></span> 
     </span>
     <span class='ocr_line' id='line_1_5' title="bbox 146 615 1158 706; baseline 0.002 -23"><span class='ocrx_word' id='word_1_32' title='bbox 146 619 234 699; x_wconf 88' lang='grc' dir='ltr'><strong><em>όντι,</em></strong></span> <span class='ocrx_word' id='word_1_33' title='bbox 268 619 343 684; x_wconf 86' lang='grc' dir='ltr'><strong><em>ούτε</em></strong></span> <span class='ocrx_word' id='word_1_34' title='bbox 377 622 466 704; x_wconf 85' lang='grc' dir='ltr'><strong><em>φυλή</em></strong></span> <span class='ocrx_word' id='word_1_35' title='bbox 499 619 622 687; x_wconf 83' lang='grc' dir='ltr'><strong><em>πώποτ’</em></strong></span> <span class='ocrx_word' id='word_1_36' title='bbox 659 622 805 705; x_wconf 73' lang='grc' dir='ltr'><strong><em>ἐνεγκεῖν</em></strong></span> <span class='ocrx_word' id='word_1_37' title='bbox 838 619 991 706; x_wconf 89' lang='grc' dir='ltr'><strong><em>ἐτόλμησ’</em></strong></span> <span class='ocrx_word' id='word_1_38' title='bbox 1027 615 1158 706; x_wconf 83' lang='grc' dir='ltr'><strong><em>οὐδεμί’</em></strong></span> 
     </span>
     <span class='ocr_line' id='line_1_6' title="bbox 146 720 1165 813; baseline 0.002 -23"><span class='ocrx_word' id='word_1_39' title='bbox 146 723 270 790; x_wconf 83' lang='grc' dir='ltr'><strong><em>οὐδένα</em></strong></span> <span class='ocrx_word' id='word_1_40' title='bbox 290 736 358 791; x_wconf 79' lang='grc' dir='ltr'><strong><em>τῶν</em></strong></span> <span class='ocrx_word' id='word_1_41' title='bbox 377 720 432 791; x_wconf 87' lang='grc' dir='ltr'><strong><em>ἀπ’</em></strong></span> <span class='ocrx_word' id='word_1_42' title='bbox 455 726 591 793; x_wconf 76' lang='grc' dir='ltr'><strong><em>ἐκείνων</em></strong></span> <span class='ocrx_word' id='word_1_43' title='bbox 609 730 766 813; x_wconf 86' lang='grc' dir='ltr'><strong><em>χορηγόν,</em></strong></span> <span class='ocrx_word' id='word_1_44' title='bbox 786 723 858 794; x_wconf 78' lang='grc' dir='ltr'><strong><em>οὔτ’</em></strong></span> <span class='ocrx_word' id='word_1_45' title='bbox 881 725 1029 812; x_wconf 79' lang='grc' dir='ltr'><strong><em>ἐνεχθεὶς</em></strong></span> <span class='ocrx_word' id='word_1_46' title='bbox 1047 728 1165 804; x_wconf 78' lang='grc' dir='ltr'><strong><em>αὐτοῖς</em></strong></span> 
     </span>
     <span class='ocr_line' id='line_1_7' title="bbox 146 825 1163 910; baseline 0.002 -15"><span class='ocrx_word' id='word_1_47' title='bbox 146 832 246 907; x_wconf 89' lang='grc' dir='ltr'><strong><em>ἀλλος</em></strong></span> <span class='ocrx_word' id='word_1_48' title='bbox 269 828 379 907; x_wconf 80' lang='grc' dir='ltr'><strong><em>οὐδεὶς</em></strong></span> <span class='ocrx_word' id='word_1_49' title='bbox 402 829 606 898; x_wconf 84' lang='grc' dir='ltr'><strong><em>ἀντιδοῦναι.</em></strong></span> <span class='ocrx_word' id='word_1_50' title='bbox 645 825 696 910; x_wconf 86' lang='grc' dir='ltr'><strong><em>οἷς</em></strong></span> <span class='ocrx_word' id='word_1_51' title='bbox 719 833 780 898; x_wconf 82' lang='grc' dir='ltr'><strong><em>οὐκ</em></strong></span> <span class='ocrx_word' id='word_1_52' title='bbox 803 832 985 899; x_wconf 78' lang='grc' dir='ltr'><strong><em>ἀκουστέον</em></strong></span> <span class='ocrx_word' id='word_1_53' title='bbox 1005 831 1047 897; x_wconf 87' lang='grc' dir='ltr'><strong><em>ἀν</em></strong></span> <span class='ocrx_word' id='word_1_54' title='bbox 1066 831 1163 898; x_wconf 90' lang='grc' dir='ltr'><strong><em>έναν-</em></strong></span> 
     </span>
     <span class='ocr_line' id='line_1_8' title="bbox 145 935 469 1023; baseline 0.006 -22"><span class='ocrx_word' id='word_1_55' title='bbox 145 939 200 1001; x_wconf 90' lang='grc' dir='ltr'><strong><em>τία</em></strong></span> <span class='ocrx_word' id='word_1_56' title='bbox 223 941 328 1023; x_wconf 80' lang='grc' dir='ltr'><strong><em>τολμᾷ</em></strong></span> <span class='ocrx_word' id='word_1_57' title='bbox 351 935 469 1020; x_wconf 85' lang='grc' dir='ltr'><strong><em>λέγειν.</em></strong></span> 
     </span>
    </p>

    <p class='ocr_par' dir='ltr' id='par_1_3' title="bbox 88 1041 1163 1234">
     <span class='ocr_line' id='line_1_9' title="bbox 88 1041 1161 1129; baseline 0.007 -25"><span class='ocrx_word' id='word_1_58' title='bbox 88 1064 131 1104; x_wconf 80' lang='grc' dir='ltr'><strong><em>ιιι</em></strong></span> <span class='ocrx_word' id='word_1_59' title='bbox 227 1041 300 1108; x_wconf 59' lang='lat' dir='ltr'><strong><em>&#39;En</em></strong></span> <span class='ocrx_word' id='word_1_60' title='bbox 322 1045 439 1108; x_wconf 87' lang='grc' dir='ltr'><strong><em>τοίνυν</em></strong></span> <span class='ocrx_word' id='word_1_61' title='bbox 462 1049 542 1121; x_wconf 84' lang='grc' dir='ltr'><strong><em>ίσως</em></strong></span> <span class='ocrx_word' id='word_1_62' title='bbox 566 1043 779 1128; x_wconf 78' lang='grc' dir='ltr'><strong><em>ἐπισύροντες</em></strong></span> <span class='ocrx_word' id='word_1_63' title='bbox 802 1044 952 1129; x_wconf 88' lang='grc' dir='ltr'><strong><em>ἐροῦσιν,</em></strong></span> <span class='ocrx_word' id='word_1_64' title='bbox 980 1045 1025 1122; x_wconf 81' lang='grc' dir='ltr'><strong><em>ὡς</em></strong></span> <span class='ocrx_word' id='word_1_65' title='bbox 1048 1049 1161 1128; x_wconf 87' lang='grc' dir='ltr'><strong><em>Μεγα-</em></strong></span> 
     </span>
     <span class='ocr_line' id='line_1_10' title="bbox 147 1145 1163 1234; baseline 0.001 -20"><span class='ocrx_word' id='word_1_66' title='bbox 147 1158 216 1229; x_wconf 81' lang='grc' dir='ltr'><strong><em>ρείς</em></strong></span> <span class='ocrx_word' id='word_1_67' title='bbox 238 1146 293 1213; x_wconf 82' lang='grc' dir='ltr'><strong><em>καὶ</em></strong></span> <span class='ocrx_word' id='word_1_68' title='bbox 316 1151 508 1234; x_wconf 89' lang='grc' dir='ltr'><strong><em>Μεσσήνιοί</em></strong></span> <span class='ocrx_word' id='word_1_69' title='bbox 527 1173 615 1226; x_wconf 89' lang='grc' dir='ltr'><strong><em>τινες</em></strong></span> <span class='ocrx_word' id='word_1_70' title='bbox 638 1145 724 1215; x_wconf 75' lang='grc' dir='ltr'><strong><em>εἶναι</em></strong></span> <span class='ocrx_word' id='word_1_71' title='bbox 747 1150 942 1234; x_wconf 81' lang='grc' dir='ltr'><strong><em>φάσκοντες,</em></strong></span> <span class='ocrx_word' id='word_1_72' title='bbox 966 1149 1064 1216; x_wconf 82' lang='grc' dir='ltr'><strong><em>ἔπειτ’</em></strong></span> <span class='ocrx_word' id='word_1_73' title='bbox 1088 1150 1163 1216; x_wconf 83' lang='grc' dir='ltr'><strong><em>ἀτε-</em></strong></span> 
     </span>
    </p>
   </div>
   <div class='ocr_carea' id='block_1_3' title="bbox 122 1253 1214 1764">
    <p class='ocr_par' dir='ltr' id='par_1_4' title="bbox 122 1253 1214 1764">
     <span class='ocr_line' id='line_1_11' title="bbox 146 1253 1164 1340; baseline 0.003 -20"><span class='ocrx_word' id='word_1_74' title='bbox 146 1259 215 1331; x_wconf 78' lang='grc' dir='ltr'><strong><em>λελς</em></strong></span> <span class='ocrx_word' id='word_1_75' title='bbox 246 1256 333 1320; x_wconf 81' lang='grc' dir='ltr'><strong><em>εἰσιν</em></strong></span> <span class='ocrx_word' id='word_1_76' title='bbox 362 1253 500 1340; x_wconf 84' lang='grc' dir='ltr'><strong><em>ἀθρόοι,</em></strong></span> <span class='ocrx_word' id='word_1_77' title='bbox 532 1259 742 1339; x_wconf 80' lang='grc' dir='ltr'><strong><em>παμπληθεῖς</em></strong></span> <span class='ocrx_word' id='word_1_78' title='bbox 769 1256 960 1340; x_wconf 84' lang='grc' dir='ltr'><strong><em>ἀνθρωττοι,</em></strong></span> <span class='ocrx_word' id='word_1_79' title='bbox 992 1260 1051 1321; x_wconf 90' lang='grc' dir='ltr'><strong><em>καί</em></strong></span> <span class='ocrx_word' id='word_1_80' title='bbox 1074 1280 1164 1334; x_wconf 87' lang='grc' dir='ltr'><strong><em>τινες</em></strong></span> 
     </span>
     <span class='ocr_line' id='line_1_12' title="bbox 122 1359 1161 1445; baseline 0.002 -19"><span class='ocrx_word' id='word_1_81' title='bbox 122 1363 243 1428; x_wconf 82' lang='grc' dir='ltr'><strong><em>-ἀλλοι</em></strong></span> <span class='ocrx_word' id='word_1_82' title='bbox 270 1362 387 1426; x_wconf 91' lang='grc' dir='ltr'><strong><em>δοῦλοι</em></strong></span> <span class='ocrx_word' id='word_1_83' title='bbox 414 1359 469 1427; x_wconf 84' lang='grc' dir='ltr'><strong><em>καλ</em></strong></span> <span class='ocrx_word' id='word_1_84' title='bbox 496 1364 681 1445; x_wconf 83' lang='grc' dir='ltr'><strong><em>μαστιγίαι,</em></strong></span> <span class='ocrx_word' id='word_1_85' title='bbox 708 1363 858 1439; x_wconf 77' lang='grc' dir='ltr'><strong><em>Λυκίδας</em></strong></span> <span class='ocrx_word' id='word_1_86' title='bbox 883 1361 939 1428; x_wconf 80' lang='grc' dir='ltr'><strong><em>καὶ</em></strong></span> <span class='ocrx_word' id='word_1_87' title='bbox 967 1363 1161 1445; x_wconf 86' lang='grc' dir='ltr'><strong><em>Διονύσιος,</em></strong></span> 
     </span>
     <span class='ocr_line' id='line_1_13' title="bbox 146 1465 1161 1554; baseline 0.003 -21"><span class='ocrx_word' id='word_1_88' title='bbox 146 1465 202 1533; x_wconf 82' lang='grc' dir='ltr'><strong><em>καὶ</em></strong></span> <span class='ocrx_word' id='word_1_89' title='bbox 224 1467 397 1543; x_wconf 85' lang='grc' dir='ltr'><strong><em>τοιούτους</em></strong></span> <span class='ocrx_word' id='word_1_90' title='bbox 415 1467 508 1543; x_wconf 84' lang='grc' dir='ltr'><strong><em>τινάς</em></strong></span> <span class='ocrx_word' id='word_1_91' title='bbox 527 1465 753 1551; x_wconf 81' lang='grc' dir='ltr'><strong><em>ἐξειλεγμένοι.</em></strong></span> <span class='ocrx_word' id='word_1_92' title='bbox 789 1465 873 1554; x_wconf 70' lang='grc' dir='ltr'><strong><em>ὑπὲρ</em></strong></span> <span class='ocrx_word' id='word_1_93' title='bbox 892 1469 933 1552; x_wconf 84' lang='grc' dir='ltr'><strong><em>δή</em></strong></span> <span class='ocrx_word' id='word_1_94' title='bbox 952 1470 1080 1535; x_wconf 87' lang='grc' dir='ltr'><strong><em>τούτων</em></strong></span> <span class='ocrx_word' id='word_1_95' title='bbox 1098 1467 1161 1536; x_wconf 73' lang='grc' dir='ltr'><strong><em>ὡδί</em></strong></span> 
     </span>
     <span class='ocr_line' id='line_1_14' title="bbox 147 1570 1159 1660; baseline 0.001 -21"><span class='ocrx_word' id='word_1_96' title='bbox 147 1570 322 1658; x_wconf 80' lang='grc' dir='ltr'><strong><em>ποιήσαθ’,</em></strong></span> <span class='ocrx_word' id='word_1_97' title='bbox 350 1572 430 1638; x_wconf 82' lang='grc' dir='ltr'><strong><em>ὅταν</em></strong></span> <span class='ocrx_word' id='word_1_98' title='bbox 451 1582 555 1638; x_wconf 86' lang='grc' dir='ltr'><strong><em>ταῦτα</em></strong></span> <span class='ocrx_word' id='word_1_99' title='bbox 578 1572 713 1655; x_wconf 89' lang='grc' dir='ltr'><strong><em>λέγωσι·</em></strong></span> <span class='ocrx_word' id='word_1_100' title='bbox 749 1572 905 1656; x_wconf 86' lang='grc' dir='ltr'><strong><em>κελεύετ’,</em></strong></span> <span class='ocrx_word' id='word_1_101' title='bbox 933 1580 1025 1658; x_wconf 84' lang='grc' dir='ltr'><strong><em>είπερ</em></strong></span> <span class='ocrx_word' id='word_1_102' title='bbox 1049 1574 1159 1660; x_wconf 82' lang='grc' dir='ltr'><strong><em>ἀληθῆ</em></strong></span> 
     </span>
     <span class='ocr_line' id='line_1_15' title="bbox 148 1671 1214 1764; baseline 0.003 -19"><span class='ocrx_word' id='word_1_103' title='bbox 148 1678 283 1763; x_wconf 87' lang='grc' dir='ltr'><strong><em>λέγουσι</em></strong></span> <span class='ocrx_word' id='word_1_104' title='bbox 305 1681 388 1764; x_wconf 87' lang='grc' dir='ltr'><strong><em>πρὸς</em></strong></span> <span class='ocrx_word' id='word_1_105' title='bbox 410 1678 505 1763; x_wconf 83' lang='grc' dir='ltr'><strong><em>ὑμᾶς,</em></strong></span> <span class='ocrx_word' id='word_1_106' title='bbox 528 1679 569 1743; x_wconf 84' lang='grc' dir='ltr'><strong><em>τδ</em></strong></span> <span class='ocrx_word' id='word_1_107' title='bbox 591 1673 775 1762; x_wconf 74' lang='grc' dir='ltr'><strong><em>ψηφίσματ’</em></strong></span> <span class='ocrx_word' id='word_1_108' title='bbox 798 1677 834 1743; x_wconf 90' lang='grc' dir='ltr'><strong><em>ἐν</em></strong></span> <span class='ocrx_word' id='word_1_109' title='bbox 854 1671 904 1755; x_wconf 81' lang='grc' dir='ltr'><strong><em>οἷς</em></strong></span> <span class='ocrx_word' id='word_1_110' title='bbox 923 1679 1047 1757; x_wconf 68' lang='grc' dir='ltr'><strong><em>ἀτελεῖς</em></strong></span> <span class='ocrx_word' id='word_1_111' title='bbox 1064 1682 1150 1745; x_wconf 82' lang='grc' dir='ltr'><strong><em>εἰσιν</em></strong></span> <span class='ocrx_word' id='word_1_112' title='bbox 1160 1698 1214 1750; x_wconf 68' lang='lat'><strong><em>492</em></strong></span> 
     </span>
    </p>
   </div>
   <div class='ocr_carea' id='block_1_4' title="bbox 92 1780 1166 3563">
    <p class='ocr_par' dir='ltr' id='par_1_5' title="bbox 92 1780 1166 3563">
     <span class='ocr_line' id='line_1_16' title="bbox 149 1780 1159 1871; baseline 0.002 -21"><span class='ocrx_word' id='word_1_113' title='bbox 149 1780 242 1851; x_wconf 85' lang='grc' dir='ltr'><strong><em>οὗτοι</em></strong></span> <span class='ocrx_word' id='word_1_114' title='bbox 270 1786 383 1865; x_wconf 80' lang='grc' dir='ltr'><strong><em>δεῖξαι.</em></strong></span> <span class='ocrx_word' id='word_1_115' title='bbox 428 1784 469 1850; x_wconf 86' lang='grc' dir='ltr'><strong><em>ού</em></strong></span> <span class='ocrx_word' id='word_1_116' title='bbox 496 1785 560 1867; x_wconf 87' lang='grc' dir='ltr'><strong><em>γάρ</em></strong></span> <span class='ocrx_word' id='word_1_117' title='bbox 587 1781 653 1848; x_wconf 77' lang='grc' dir='ltr'><strong><em>ἐστ’</em></strong></span> <span class='ocrx_word' id='word_1_118' title='bbox 682 1783 795 1862; x_wconf 80' lang='grc' dir='ltr'><strong><em>οὐδεὶς</em></strong></span> <span class='ocrx_word' id='word_1_119' title='bbox 822 1784 939 1868; x_wconf 79' lang='grc' dir='ltr'><strong><em>ἀτελὴς</em></strong></span> <span class='ocrx_word' id='word_1_120' title='bbox 964 1782 1041 1870; x_wconf 90' lang='grc' dir='ltr'><strong><em>παρ’</em></strong></span> <span class='ocrx_word' id='word_1_121' title='bbox 1069 1786 1159 1871; x_wconf 77' lang='grc' dir='ltr'><strong><em>ὑμῖν,</em></strong></span> 
     </span>
     <span class='ocr_line' id='line_1_17' title="bbox 92 1888 1160 1981; baseline 0.005 -28"><span class='ocrx_word' id='word_1_122' title='bbox 92 1913 133 1953; x_wconf 76' lang='grc' dir='ltr'><strong><em>ιον</em></strong></span> <span class='ocrx_word' id='word_1_123' title='bbox 148 1891 212 1981; x_wconf 87' lang='grc' dir='ltr'><strong><em>ὄτφ</em></strong></span> <span class='ocrx_word' id='word_1_124' title='bbox 236 1893 280 1977; x_wconf 84' lang='grc' dir='ltr'><strong><em>μή</em></strong></span> <span class='ocrx_word' id='word_1_125' title='bbox 305 1888 447 1976; x_wconf 77' lang='grc' dir='ltr'><strong><em>ψήφισμ’</em></strong></span> <span class='ocrx_word' id='word_1_126' title='bbox 475 1888 496 1973; x_wconf 83' lang='grc' dir='ltr'><strong><em>ή</em></strong></span> <span class='ocrx_word' id='word_1_127' title='bbox 519 1892 621 1974; x_wconf 90' lang='grc' dir='ltr'><strong><em>νόμος</em></strong></span> <span class='ocrx_word' id='word_1_128' title='bbox 645 1889 769 1957; x_wconf 87' lang='grc' dir='ltr'><strong><em>δέδωκε</em></strong></span> <span class='ocrx_word' id='word_1_129' title='bbox 791 1893 854 1974; x_wconf 87' lang='grc' dir='ltr'><strong><em>τήν</em></strong></span> <span class='ocrx_word' id='word_1_130' title='bbox 876 1890 1034 1958; x_wconf 79' lang='grc' dir='ltr'><strong><em>ἀτέλειαν.</em></strong></span> <span class='ocrx_word' id='word_1_131' title='bbox 1080 1896 1160 1977; x_wconf 90' lang='grc' dir='ltr'><strong><em>πρό-</em></strong></span> 
     </span>
     <span class='ocr_line' id='line_1_18' title="bbox 149 1994 1160 2083; baseline 0.003 -21"><span class='ocrx_word' id='word_1_132' title='bbox 149 1998 237 2078; x_wconf 75' lang='grc' dir='ltr'><strong><em>ξενοι</em></strong></span> <span class='ocrx_word' id='word_1_133' title='bbox 264 1996 377 2081; x_wconf 84' lang='grc' dir='ltr'><strong><em>μέντοι</em></strong></span> <span class='ocrx_word' id='word_1_134' title='bbox 404 1994 522 2062; x_wconf 83' lang='grc' dir='ltr'><strong><em>πολλοὶ</em></strong></span> <span class='ocrx_word' id='word_1_135' title='bbox 545 1997 601 2061; x_wconf 85' lang='grc' dir='ltr'><strong><em>διά</em></strong></span> <span class='ocrx_word' id='word_1_136' title='bbox 623 2007 691 2061; x_wconf 82' lang='grc' dir='ltr'><strong><em>τῶν</em></strong></span> <span class='ocrx_word' id='word_1_137' title='bbox 713 1997 981 2082; x_wconf 84' lang='grc' dir='ltr'><strong><em>πολιτευομένων</em></strong></span> <span class='ocrx_word' id='word_1_138' title='bbox 1003 2002 1160 2083; x_wconf 87' lang='grc' dir='ltr'><strong><em>γεγόνασι</em></strong></span> 
     </span>
     <span class='ocr_line' id='line_1_19' title="bbox 148 2094 1159 2190; baseline 0.003 -22"><span class='ocrx_word' id='word_1_139' title='bbox 148 2098 225 2190; x_wconf 88' lang='grc' dir='ltr'><strong><em>παρ’</em></strong></span> <span class='ocrx_word' id='word_1_140' title='bbox 246 2104 326 2188; x_wconf 78' lang='grc' dir='ltr'><strong><em>ὑμῖν</em></strong></span> <span class='ocrx_word' id='word_1_141' title='bbox 346 2111 503 2185; x_wconf 85' lang='grc' dir='ltr'><strong><em>τοιοῦτοι,</em></strong></span> <span class='ocrx_word' id='word_1_142' title='bbox 528 2097 575 2168; x_wconf 81' lang='grc' dir='ltr'><strong><em>ὧν</em></strong></span> <span class='ocrx_word' id='word_1_143' title='bbox 593 2094 641 2179; x_wconf 88' lang='grc' dir='ltr'><strong><em>εἷς</em></strong></span> <span class='ocrx_word' id='word_1_144' title='bbox 659 2102 749 2168; x_wconf 89' lang='grc' dir='ltr'><strong><em>ἐστιν</em></strong></span> <span class='ocrx_word' id='word_1_145' title='bbox 769 2103 787 2169; x_wconf 98' lang='lat'><em>6</em></span> <span class='ocrx_word' id='word_1_146' title='bbox 805 2105 963 2182; x_wconf 77' lang='grc' dir='ltr'><strong><em>Λυκίδας.</em></strong></span> <span class='ocrx_word' id='word_1_147' title='bbox 1000 2102 1071 2171; x_wconf 89' lang='grc' dir='ltr'><strong><em>ἀλλ’</em></strong></span> <span class='ocrx_word' id='word_1_148' title='bbox 1093 2105 1159 2171; x_wconf 81' lang='grc' dir='ltr'><strong><em>ἕτε-</em></strong></span> 
     </span>
     <span class='ocr_line' id='line_1_20' title="bbox 149 2203 1159 2296; baseline 0.002 -21"><span class='ocrx_word' id='word_1_149' title='bbox 149 2234 212 2296; x_wconf 89' lang='grc' dir='ltr'><strong><em>ρον</em></strong></span> <span class='ocrx_word' id='word_1_150' title='bbox 231 2208 393 2287; x_wconf 80' lang='grc' dir='ltr'><strong><em>πρόξενόν</em></strong></span> <span class='ocrx_word' id='word_1_151' title='bbox 412 2205 477 2274; x_wconf 90' lang='grc' dir='ltr'><strong><em>ἐστ’</em></strong></span> <span class='ocrx_word' id='word_1_152' title='bbox 500 2203 659 2275; x_wconf 80' lang='grc' dir='ltr'><strong><em>εἶναικαὶ</em></strong></span> <span class='ocrx_word' id='word_1_153' title='bbox 677 2209 826 2275; x_wconf 83' lang='grc' dir='ltr'><strong><em>ἀτέλειαν</em></strong></span> <span class='ocrx_word' id='word_1_154' title='bbox 845 2211 1017 2294; x_wconf 81' lang='grc' dir='ltr'><strong><em>εὑρῆσθαι.</em></strong></span> <span class='ocrx_word' id='word_1_155' title='bbox 1054 2213 1098 2296; x_wconf 87' lang='grc' dir='ltr'><strong><em>μή</em></strong></span> <span class='ocrx_word' id='word_1_156' title='bbox 1117 2212 1159 2296; x_wconf 80' lang='grc' dir='ltr'><strong><em>δὴ</em></strong></span> 
     </span>
     <span class='ocr_line' id='line_1_21' title="bbox 148 2313 1163 2400; baseline 0 -18"><span class='ocrx_word' id='word_1_157' title='bbox 148 2317 367 2400; x_wconf 87' lang='grc' dir='ltr'><strong><em>παραγόντων</em></strong></span> <span class='ocrx_word' id='word_1_158' title='bbox 390 2315 484 2399; x_wconf 87' lang='grc' dir='ltr'><strong><em>ὑμᾶς,</em></strong></span> <span class='ocrx_word' id='word_1_159' title='bbox 507 2313 600 2398; x_wconf 92' lang='grc' dir='ltr'><strong><em>μηδ’,</em></strong></span> <span class='ocrx_word' id='word_1_160' title='bbox 623 2315 674 2380; x_wconf 80' lang='grc' dir='ltr'><strong><em>ὅτι</em></strong></span> <span class='ocrx_word' id='word_1_161' title='bbox 698 2317 817 2392; x_wconf 82' lang='grc' dir='ltr'><strong><em>δοῦλος</em></strong></span> <span class='ocrx_word' id='word_1_162' title='bbox 836 2316 883 2381; x_wconf 81' lang='grc' dir='ltr'><strong><em>ὢν</em></strong></span> <span class='ocrx_word' id='word_1_163' title='bbox 901 2314 920 2381; x_wconf 92' lang='lat'><em>6</em></span> <span class='ocrx_word' id='word_1_164' title='bbox 938 2317 1088 2393; x_wconf 89' lang='grc' dir='ltr'><strong><em>Λυκίδας</em></strong></span> <span class='ocrx_word' id='word_1_165' title='bbox 1105 2315 1163 2383; x_wconf 60' lang='grc' dir='ltr'><strong><em>καὶΥ</em></strong></span> 
     </span>
     <span class='ocr_line' id='line_1_22' title="bbox 150 2422 1160 2510; baseline 0 -22"><span class='ocrx_word' id='word_1_166' title='bbox 150 2422 332 2499; x_wconf 92' lang='grc' dir='ltr'><strong><em>Διονύσιος</em></strong></span> <span class='ocrx_word' id='word_1_167' title='bbox 349 2425 408 2487; x_wconf 91' lang='grc' dir='ltr'><strong><em>καί</em></strong></span> <span class='ocrx_word' id='word_1_168' title='bbox 423 2445 472 2498; x_wconf 90' lang='grc' dir='ltr'><strong><em>τις</em></strong></span> <span class='ocrx_word' id='word_1_169' title='bbox 491 2426 569 2496; x_wconf 85' lang='grc' dir='ltr'><strong><em>ίσως</em></strong></span> <span class='ocrx_word' id='word_1_170' title='bbox 587 2422 698 2503; x_wconf 87' lang='grc' dir='ltr'><strong><em>ἀλλος,</em></strong></span> <span class='ocrx_word' id='word_1_171' title='bbox 720 2422 776 2510; x_wconf 77' lang='grc' dir='ltr'><strong><em>διά</em></strong></span> <span class='ocrx_word' id='word_1_172' title='bbox 793 2425 873 2498; x_wconf 88' lang='grc' dir='ltr'><strong><em>τοὺς</em></strong></span> <span class='ocrx_word' id='word_1_173' title='bbox 891 2429 1017 2508; x_wconf 79' lang='grc' dir='ltr'><strong><em>μισθοῦ</em></strong></span> <span class='ocrx_word' id='word_1_174' title='bbox 1034 2424 1075 2488; x_wconf 86' lang='grc' dir='ltr'><strong><em>τά</em></strong></span> <span class='ocrx_word' id='word_1_175' title='bbox 1092 2445 1160 2488; x_wconf 92' lang='grc' dir='ltr'><strong><em>τοι-</em></strong></span> 
     </span>
     <span class='ocr_line' id='line_1_23' title="bbox 149 2525 1165 2613; baseline -0.001 -19"><span class='ocrx_word' id='word_1_176' title='bbox 149 2538 234 2594; x_wconf 84' lang='grc' dir='ltr'><strong><em>αῦτα</em></strong></span> <span class='ocrx_word' id='word_1_177' title='bbox 255 2528 446 2613; x_wconf 78' lang='grc' dir='ltr'><strong><em>γράφοντας</em></strong></span> <span class='ocrx_word' id='word_1_178' title='bbox 466 2525 603 2611; x_wconf 82' lang='grc' dir='ltr'><strong><em>ἑτοίμως</em></strong></span> <span class='ocrx_word' id='word_1_179' title='bbox 620 2528 776 2610; x_wconf 85' lang='grc' dir='ltr'><strong><em>πρόξενοι</em></strong></span> <span class='ocrx_word' id='word_1_180' title='bbox 793 2530 962 2612; x_wconf 89' lang='grc' dir='ltr'><strong><em>γεγόνασι,</em></strong></span> <span class='ocrx_word' id='word_1_181' title='bbox 985 2528 1041 2594; x_wconf 86' lang='grc' dir='ltr'><strong><em>διά</em></strong></span> <span class='ocrx_word' id='word_1_182' title='bbox 1058 2527 1165 2595; x_wconf 79' lang='grc' dir='ltr'><strong><em>τοῦθ’</em></strong></span> 
     </span>
     <span class='ocr_line' id='line_1_24' title="bbox 150 2631 1166 2719; baseline 0 -18"><span class='ocrx_word' id='word_1_183' title='bbox 150 2634 282 2719; x_wconf 83' lang='grc' dir='ltr'><strong><em>ἑτέρους</em></strong></span> <span class='ocrx_word' id='word_1_184' title='bbox 313 2631 425 2711; x_wconf 81' lang='grc' dir='ltr'><strong><em>ἀξίους</em></strong></span> <span class='ocrx_word' id='word_1_185' title='bbox 456 2632 511 2699; x_wconf 81' lang='grc' dir='ltr'><strong><em>καὶ</em></strong></span> <span class='ocrx_word' id='word_1_186' title='bbox 544 2633 743 2718; x_wconf 88' lang='grc' dir='ltr'><strong><em>ἐλευθέρους</em></strong></span> <span class='ocrx_word' id='word_1_187' title='bbox 773 2631 829 2700; x_wconf 82' lang='grc' dir='ltr'><strong><em>καὶ</em></strong></span> <span class='ocrx_word' id='word_1_188' title='bbox 860 2638 993 2700; x_wconf 84' lang='grc' dir='ltr'><strong><em>πολλῶν</em></strong></span> <span class='ocrx_word' id='word_1_189' title='bbox 1021 2635 1166 2719; x_wconf 80' lang='grc' dir='ltr'><strong><em>ἀγαθῶν</em></strong></span> 
     </span>
     <span class='ocr_line' id='line_1_25' title="bbox 150 2737 1162 2828; baseline 0.001 -22"><span class='ocrx_word' id='word_1_190' title='bbox 150 2743 290 2823; x_wconf 81' lang='grc' dir='ltr'><strong><em>αἰτίους,</em></strong></span> <span class='ocrx_word' id='word_1_191' title='bbox 319 2738 357 2817; x_wconf 84' lang='grc' dir='ltr'><strong><em>ἀς</em></strong></span> <span class='ocrx_word' id='word_1_192' title='bbox 384 2742 505 2823; x_wconf 80' lang='grc' dir='ltr'><strong><em>ἔλαβον</em></strong></span> <span class='ocrx_word' id='word_1_193' title='bbox 533 2740 669 2816; x_wconf 86' lang='grc' dir='ltr'><strong><em>δικαίως</em></strong></span> <span class='ocrx_word' id='word_1_194' title='bbox 696 2737 773 2824; x_wconf 87' lang='grc' dir='ltr'><strong><em>παρ’</em></strong></span> <span class='ocrx_word' id='word_1_195' title='bbox 800 2740 894 2824; x_wconf 83' lang='grc' dir='ltr'><strong><em>ὑμῶν</em></strong></span> <span class='ocrx_word' id='word_1_196' title='bbox 917 2741 1057 2828; x_wconf 82' lang='grc' dir='ltr'><strong><em>δωρειὰς</em></strong></span> <span class='ocrx_word' id='word_1_197' title='bbox 1080 2740 1162 2826; x_wconf 79' lang='grc' dir='ltr'><strong><em>ἀφε·</em></strong></span> 
     </span>
     <span class='ocr_line' id='line_1_26' title="bbox 96 2842 1164 2930; baseline 0.002 -18"><span class='ocrx_word' id='word_1_198' title='bbox 96 2865 136 2905; x_wconf 77' lang='lat'><strong><em>1³³</em></strong></span> <span class='ocrx_word' id='word_1_199' title='bbox 150 2847 269 2912; x_wconf 88' lang='grc' dir='ltr'><strong><em>λε’σθαι</em></strong></span> <span class='ocrx_word' id='word_1_200' title='bbox 293 2846 487 2929; x_wconf 76' lang='grc' dir='ltr'><strong><em>ζητούντων.</em></strong></span> <span class='ocrx_word' id='word_1_201' title='bbox 524 2856 593 2922; x_wconf 83' lang='grc' dir='ltr'><strong><em>πῶς</em></strong></span> <span class='ocrx_word' id='word_1_202' title='bbox 615 2842 678 2929; x_wconf 83' lang='grc' dir='ltr'><strong><em>γὰρ</em></strong></span> <span class='ocrx_word' id='word_1_203' title='bbox 702 2845 777 2930; x_wconf 78' lang='grc' dir='ltr'><strong><em>οὐχὶ</em></strong></span> <span class='ocrx_word' id='word_1_204' title='bbox 799 2844 855 2912; x_wconf 82' lang='grc' dir='ltr'><strong><em>καὶ</em></strong></span> <span class='ocrx_word' id='word_1_205' title='bbox 878 2847 959 2912; x_wconf 81' lang='grc' dir='ltr'><strong><em>κατὰ</em></strong></span> <span class='ocrx_word' id='word_1_206' title='bbox 977 2857 1075 2914; x_wconf 83' lang='grc' dir='ltr'><strong><em>τοῦτο</em></strong></span> <span class='ocrx_word' id='word_1_207' title='bbox 1095 2849 1164 2914; x_wconf 72' lang='grc' dir='ltr'><strong><em>δει·</em></strong></span> 
     </span>
     <span class='ocr_line' id='line_1_27' title="bbox 150 2949 1166 3040; baseline 0.002 -22"><span class='ocrx_word' id='word_1_208' title='bbox 150 2949 259 3018; x_wconf 89' lang='grc' dir='ltr'><strong><em>νότατ’</em></strong></span> <span class='ocrx_word' id='word_1_209' title='bbox 285 2950 327 3018; x_wconf 85' lang='grc' dir='ltr'><strong><em>ἀν</em></strong></span> <span class='ocrx_word' id='word_1_210' title='bbox 353 2951 532 3028; x_wconf 82' lang='grc' dir='ltr'><strong><em>πεπονθὼς</em></strong></span> <span class='ocrx_word' id='word_1_211' title='bbox 559 2950 577 3017; x_wconf 93' lang='lat'><em>6</em></span> <span class='ocrx_word' id='word_1_212' title='bbox 601 2953 749 3035; x_wconf 80' lang='grc' dir='ltr'><strong><em>Χαβρίας</em></strong></span> <span class='ocrx_word' id='word_1_213' title='bbox 771 2954 908 3037; x_wconf 88' lang='grc' dir='ltr'><strong><em>φανείη,</em></strong></span> <span class='ocrx_word' id='word_1_214' title='bbox 936 2955 967 3018; x_wconf 87' lang='grc' dir='ltr'><strong><em>εί</em></strong></span> <span class='ocrx_word' id='word_1_215' title='bbox 988 2956 1032 3038; x_wconf 87' lang='grc' dir='ltr'><strong><em>μή</em></strong></span> <span class='ocrx_word' id='word_1_216' title='bbox 1055 2957 1166 3040; x_wconf 90' lang='grc' dir='ltr'><strong><em>μόνον</em></strong></span> 
     </span>
     <span class='ocr_line' id='line_1_28' title="bbox 149 3043 1166 3145; baseline 0.005 -20"><span class='ocrx_word' id='word_1_217' title='bbox 149 3056 353 3141; x_wconf 78' lang='grc' dir='ltr'><strong><em>ἐξαρκέσειεν</em></strong></span> <span class='ocrx_word' id='word_1_218' title='bbox 370 3068 441 3134; x_wconf 80' lang='grc' dir='ltr'><strong><em>τοῖς</em></strong></span> <span class='ocrx_word' id='word_1_219' title='bbox 456 3043 646 3123; x_wconf 79' lang='grc' dir='ltr'><strong><em>τὰτοιαῦτα</em></strong></span> <span class='ocrx_word' id='word_1_220' title='bbox 660 3057 939 3145; x_wconf 85' lang='grc' dir='ltr'><strong><em>πολιτευομένοις,</em></strong></span> <span class='ocrx_word' id='word_1_221' title='bbox 957 3061 1017 3126; x_wconf 84' lang='grc' dir='ltr'><strong><em>τὸν</em></strong></span> <span class='ocrx_word' id='word_1_222' title='bbox 1031 3059 1166 3130; x_wconf 77' lang='grc' dir='ltr'><strong><em>ἐκείνου</em></strong></span> 
     </span>
     <span class='ocr_line' id='line_1_29' title="bbox 151 3163 1157 3249; baseline 0.003 -20"><span class='ocrx_word' id='word_1_223' title='bbox 151 3165 275 3231; x_wconf 89' lang='grc' dir='ltr'><strong><em>δοῦλον</em></strong></span> <span class='ocrx_word' id='word_1_224' title='bbox 294 3164 447 3228; x_wconf 86' lang='grc' dir='ltr'><strong><em>Λυκίδαν</em></strong></span> <span class='ocrx_word' id='word_1_225' title='bbox 469 3163 632 3247; x_wconf 82' lang='grc' dir='ltr'><strong><em>πρόξενον</em></strong></span> <span class='ocrx_word' id='word_1_226' title='bbox 654 3163 815 3249; x_wconf 85' lang='grc' dir='ltr'><strong><em>ὑμέτερον</em></strong></span> <span class='ocrx_word' id='word_1_227' title='bbox 836 3165 1061 3249; x_wconf 89' lang='grc' dir='ltr'><strong><em>πεποιηκέναι,</em></strong></span> <span class='ocrx_word' id='word_1_228' title='bbox 1085 3164 1157 3233; x_wconf 89' lang='grc' dir='ltr'><strong><em>ἀλλ’</em></strong></span> 
     </span>
     <span class='ocr_line' id='line_1_30' title="bbox 150 3267 1164 3361; baseline 0.002 -25"><span class='ocrx_word' id='word_1_229' title='bbox 150 3272 181 3336; x_wconf 87' lang='grc' dir='ltr'><strong><em>εί</em></strong></span> <span class='ocrx_word' id='word_1_230' title='bbox 211 3271 267 3336; x_wconf 90' lang='grc' dir='ltr'><strong><em>διά</em></strong></span> <span class='ocrx_word' id='word_1_231' title='bbox 298 3277 420 3334; x_wconf 86' lang='grc' dir='ltr'><strong><em>τοῦτον</em></strong></span> <span class='ocrx_word' id='word_1_232' title='bbox 450 3269 551 3334; x_wconf 86' lang='grc' dir='ltr'><strong><em>πόλιν</em></strong></span> <span class='ocrx_word' id='word_1_233' title='bbox 583 3267 638 3335; x_wconf 82' lang='grc' dir='ltr'><strong><em>καὶ</em></strong></span> <span class='ocrx_word' id='word_1_234' title='bbox 669 3280 737 3335; x_wconf 82' lang='grc' dir='ltr'><strong><em>τῶν</em></strong></span> <span class='ocrx_word' id='word_1_235' title='bbox 769 3270 883 3361; x_wconf 84' lang='grc' dir='ltr'><strong><em>ἐκείνφ</em></strong></span> <span class='ocrx_word' id='word_1_236' title='bbox 920 3295 952 3337; x_wconf 91' lang='grc' dir='ltr'><strong><em>τι</em></strong></span> <span class='ocrx_word' id='word_1_237' title='bbox 989 3271 1164 3338; x_wconf 84' lang='grc' dir='ltr'><strong><em>δοθέντων</em></strong></span> 
     </span>
     <span class='ocr_line' id='line_1_31' title="bbox 150 3373 1165 3465; baseline 0.003 -24"><span class='ocrx_word' id='word_1_238' title='bbox 150 3374 343 3460; x_wconf 90' lang='grc' dir='ltr'><strong><em>ἀφέλοιντο,</em></strong></span> <span class='ocrx_word' id='word_1_239' title='bbox 371 3373 426 3441; x_wconf 82' lang='grc' dir='ltr'><strong><em>καὶ</em></strong></span> <span class='ocrx_word' id='word_1_240' title='bbox 453 3373 543 3440; x_wconf 86' lang='grc' dir='ltr'><strong><em>ταῦτ’</em></strong></span> <span class='ocrx_word' id='word_1_241' title='bbox 571 3376 681 3441; x_wconf 83' lang='grc' dir='ltr'><strong><em>αἰτίαν</em></strong></span> <span class='ocrx_word' id='word_1_242' title='bbox 706 3375 858 3460; x_wconf 89' lang='grc' dir='ltr'><strong><em>λέγοντες</em></strong></span> <span class='ocrx_word' id='word_1_243' title='bbox 879 3378 1003 3460; x_wconf 73' lang='grc' dir='ltr'><strong><em>ψευδής</em></strong></span> <span class='ocrx_word' id='word_1_244' title='bbox 1032 3378 1073 3444; x_wconf 86' lang='grc' dir='ltr'><strong><em>οὐ</em></strong></span> <span class='ocrx_word' id='word_1_245' title='bbox 1096 3380 1165 3465; x_wconf 89' lang='grc' dir='ltr'><strong><em>γάρ</em></strong></span> 
     </span>
     <span class='ocr_line' id='line_1_32' title="bbox 149 3476 1165 3563; baseline 0.001 -15"><span class='ocrx_word' id='word_1_246' title='bbox 149 3481 239 3548; x_wconf 84' lang='grc' dir='ltr'><strong><em>ἐστιν</em></strong></span> <span class='ocrx_word' id='word_1_247' title='bbox 258 3477 335 3547; x_wconf 81' lang='grc' dir='ltr'><strong><em>οὔθ’</em></strong></span> <span class='ocrx_word' id='word_1_248' title='bbox 354 3476 451 3559; x_wconf 78' lang='grc' dir='ltr'><strong><em>οὗτος</em></strong></span> <span class='ocrx_word' id='word_1_249' title='bbox 470 3479 539 3549; x_wconf 82' lang='grc' dir='ltr'><strong><em>οὔτ’</em></strong></span> <span class='ocrx_word' id='word_1_250' title='bbox 558 3483 656 3558; x_wconf 87' lang='grc' dir='ltr'><strong><em>ἀλλος</em></strong></span> <span class='ocrx_word' id='word_1_251' title='bbox 675 3480 786 3560; x_wconf 80' lang='grc' dir='ltr'><strong><em>οὐδεὶς</em></strong></span> <span class='ocrx_word' id='word_1_252' title='bbox 799 3481 958 3563; x_wconf 80' lang='grc' dir='ltr'><strong><em>πρόξενος</em></strong></span> <span class='ocrx_word' id='word_1_253' title='bbox 972 3483 1019 3548; x_wconf 78' lang='grc' dir='ltr'><strong><em>ἀν</em></strong></span> <span class='ocrx_word' id='word_1_254' title='bbox 1034 3484 1165 3562; x_wconf 75' lang='grc' dir='ltr'><strong><em>ἀτελής,</em></strong></span> 
     </span>
    </p>
   </div>
   <div class='ocr_carea' id='block_1_5' title="bbox 0 0 1328 4182">
    <p class='ocr_par' dir='ltr' id='par_1_6' title="bbox 0 0 1328 4182">
     <span class='ocr_line' id='line_1_33' title="bbox 0 0 1328 4182; baseline 0 0"><span class='ocrx_word' id='word_1_255' title='bbox 0 0 1328 4182; x_wconf 95' lang='lat' dir='ltr'><strong><em> </em></strong></span> 
     </span>
    </p>
   </div>
  </div>
 </body>
</html>
