2616 3910
452 197 549 248 ΠΡΟΣ
569 197 835 248 Πλανκικενοη.
1085 190 1151 255 465

142 348 220 420 καθ’
245 355 282 420 ἓν
306 354 414 438 λέγειν
438 352 520 440 ὑπὲρ
545 350 592 420 ὧν
616 353 755 438 ἐγκαλεῖ,
779 354 861 418 ἀλλά
884 352 938 418 καὶ
961 353 1067 434 ψευδῆ
1091 361 1205 434 yse-9¹18

142 460 278 545 γραφέας
305 462 352 537 είς
379 462 416 526 τὸ
440 464 584 545 ἔγκλημα
607 458 759 542 καὶπερὶ
783 454 830 526 ὧν
854 459 960 543 ἀφῆκε
984 460 1151 541 δικαζόμε-

141 590 210 648 νος,
236 575 297 632 τοῦ
322 565 515 644 ἐξελθόντος
534 561 560 630 ώ
579 565 698 649 ἄνδρες
714 563 886 648 Ἀθηναῖοι
905 566 1018 648 μηνὸς,
1038 563 1150 646 ἐπειδή

142 675 281 755 ἔμελλον
303 670 440 737 εἰσιέναι
462 673 524 756 τήν
543 673 651 754 δίκην,
675 673 738 754 ήδη
757 681 824 735 τῶν
844 672 1064 755 δικαστηρίων
1083 667 1151 733 ἐπι-

141 775 416 862 κεκληρωμένων,
443 779 642 861 προσελθών
670 775 725 842 καὶ
751 778 949 860 περιστήσας
971 778 1049 852 τοὺς
1071 768 1148 858 μεθ’

143 883 256 967 αὑτοῦ,
281 885 318 948 τὸ
340 884 557 967 ἐργαστήριον
575 895 643 948 τών
662 883 890 965 συνεστώτων,
912 889 1045 967 πρᾶγμα
1063 889 1154 945 ποιεί

100 1006 129 1045 ⁴0
142 991 336 1055 πάνδεινον·
355 989 597 1072 ἀναγιγνώσκει
612 1011 669 1072 μοι
683 990 866 1072 πρόκλησιν
880 987 1019 1072 μακρόν,
1039 984 1152 1068 ἀξιῶν,

142 1095 182 1159 ὅν
205 1111 310 1180 φησιν
329 1093 459 1178 οἰκέτην
476 1104 579 1160 ταῦτα
598 1092 796 1177 συνειδέναι,
820 1095 1066 1176 βασανίζεσθαι,
1089 1089 1153 1156 κάν

142 1197 202 1284 μὲν
226 1191 248 1286 ᾖ
269 1196 360 1266 ταῦτ’
383 1200 505 1282 ἀληθῆ,
528 1200 590 1283 τήν
613 1200 711 1282 δίκην
734 1199 892 1283 ἀτίμητον
915 1198 1033 1282 όφλείν
1052 1196 1152 1284 αὐτῷ,

143 1305 201 1372 ἐὰν
225 1302 261 1371 όέ
283 1306 402 1388 ψευδῆ,
425 1306 484 1370 τὸν
507 1305 710 1387 βασανιστήν
735 1301 928 1388 Μνησικλέα
951 1297 1149 1386 ἐπιγνώμον’

143 1408 229 1477 εἶναι
251 1420 308 1493 τῆς
330 1419 424 1495 τιμῆς
446 1421 508 1476 τοῦ
530 1412 657 1486 παιδός.
704 1412 815 1492 λαβὼν
839 1403 870 1473 θ’
897 1408 1056 1492 ἐγγυητὰς
1077 1409 1153 1475 τού-

142 1541 210 1582 των
232 1511 309 1598 παρ’
331 1516 422 1600 ἐμοῦ,
445 1514 500 1582 καὶ
524 1514 758 1600 σημηναμένου
781 1517 842 1599 τήν
860 1517 1042 1598 πρόκλησιν
1061 1514 1153 1598 ἐμοῦ,

101 1642 128 1680 41
144 1623 204 1707 οὐχ
228 1623 271 1699 ώς
295 1623 425 1687 δίκαιον
448 1623 502 1687 όν·
526 1631 592 1686 ποῦ
615 1621 677 1704 γάρ
702 1620 770 1686 ἐστι
794 1622 939 1702 δίκαιον,
963 1619 999 1684 ἐν
1022 1618 1153 1686 οἰκέτου

144 1731 269 1812 σώματι
292 1724 347 1792 καὶ
369 1736 468 1812 ψυχή,
492 1725 512 1810 ή
538 1721 591 1791 δύ’
616 1723 805 1810 ὠφληκέναι
826 1726 981 1806 τάλαντα,
1004 1725 1024 1808 ή
1048 1721 1153 1810 μηδὲν

143 1835 202 1899 τὸν
230 1841 505 1915 συκοφαντοῦντα
535 1835 746 1916 ζημιοῦσθαω
776 1828 847 1896 ἀλλ’
878 1830 941 1914 ἐγὼ
969 1836 1079 1919 πολλῷ
1107 1841 1152 1920 τῷ

144 1941 260 2028 όικαίρι
292 1948 455 2022 περιεῖναι
486 1940 689 2022 βουλόμενος
722 1939 943 2021 συνεχώρουν.
989 1936 1044 2003 καὶ
1073 1937 1154 2022 μετὰ

143 2054 245 2111 ταῦτα
272 2049 503 2128 προσκαλεῖται
532 2044 593 2128 μέν
620 2067 659 2127 με
686 2043 748 2126 τήν
777 2044 873 2126 δίκην
896 2044 1011 2125 πόλιν,
1040 2043 1153 2128 ἐπειδή

144 2156 269 2216 θᾶττον
292 2149 438 2215 ἀνείλετο
462 2151 519 2226 τὰς
541 2150 827 2235 παρακαταβολάς·
858 2147 962 2224 οὕτως
985 2148 1089 2225 εὐθὺς
1112 2145 1154 2232 ἦν

103 2277 130 2317 ιε
145 2260 245 2340 θῆλυς
263 2253 336 2320 οὐδ’
354 2247 404 2331 οἷς
423 2255 522 2332 αὐτὸς
540 2251 675 2336 ὡρίσατ’
692 2252 843 2338 ἐμμένων
862 2255 1009 2330 δικαίοις.
1040 2253 1153 2339 ἐπειδή

145 2361 175 2430 δ’
202 2363 325 2447 ἥκομεν
352 2362 434 2444 πρὸς
461 2362 520 2426 τὸν
546 2364 765 2444 βασανιστήν,
799 2357 872 2425 ἀντὶ
899 2369 960 2426 τοῦ
987 2361 1048 2443 τήν
1074 2363 1154 2442 πρό-

144 2475 262 2552 κλησιν
289 2466 422 2544 ἀνοίξας
450 2467 554 2546 δείξαι
576 2468 616 2531 τά
638 2465 848 2550 γεγραμμένα
871 2462 926 2530 καὶ
948 2467 1029 2531 κατὰ
1051 2474 1154 2532 ταῦτα

145 2577 299 2658 πράττειν
327 2572 345 2638 ό
372 2595 403 2637 τι
431 2573 525 2650 δόξαι
553 2574 623 2656 (διὰ
649 2573 712 2655 γὰρ
741 2573 800 2636 τὸν
828 2574 981 2654 θόρυβον
1003 2573 1076 2637 τότε
1098 2570 1154 2637 καὶ

144 2682 181 2746 τὸ
209 2679 340 2764 μέλλειν
367 2684 542 2746 καλεῖσθαι
569 2681 630 2762 τήν
654 2681 750 2762 δίκην
773 2687 927 2742 τοιοῦτον
949 2672 1004 2759 ήν·
1033 2699 1154 2763 προκα-

145 2788 269 2870 λοῦμαί
288 2801 325 2850 σε
346 2787 457 2850 ταυτί·
485 2783 634 2868 δέχομαι·
662 2783 742 2866 φέρε
765 2784 824 2848 τὸν
848 2782 1038 2848 δακτύλιον·
1061 2781 1155 2866 λαβέ·

145 2893 194 2968 τίς
218 2888 247 2956 θ’
271 2889 443 2975 ἐγγυητήςς
468 2888 596 2954 οὑτοσί·
621 2885 722 2954 οὐδέν
745 2881 815 2954 οὔτ’
838 2887 1056 2971 ἀντίγραφον,
1080 2885 1150 2954 οὔτ’

145 2995 217 3062 ἀλλ’
245 2993 344 3062 οὐθὲν
372 2995 577 3079 ἐποιησάμην
604 2993 772 3077 τοιοῦτον)
801 2990 875 3057 ἀντὶ
903 2995 944 3077 δή
969 3003 1029 3058 τοῦ
1052 2993 1151 3061 ταῦθ’

145 3103 251 3180 οὕτως
278 3103 388 3187 ὥσπερ
414 3100 499 3184 λέγω
521 3100 691 3183 πράττειν,
720 3098 835 3185 ἑτέραν
856 3093 936 3182 ἧκεν
960 3101 1044 3183 ἔχων
1065 3104 1207 3187 apd-979

145 3214 277 3292 κλησιν,
310 3206 412 3285 ἀξιῶν
442 3206 540 3282 αὐτὸς
567 3208 755 3289 βασανίζειν
781 3205 842 3270 τὸν
869 3205 1066 3291 ἄνθρωπον,
1099 3204 1154 3272 καὶ

145 3315 381 3398 ἐπιλαβόμενος
416 3304 517 3393 εἷλκε,
554 3310 608 3377 καὶ
645 3311 811 3378 ἐνέλειπεν
844 3307 945 3376 οὐδὲν
977 3312 1154 3394 ἀσελγείας.

104 3441 131 3482 ιι
146 3419 200 3487 καὶ
223 3417 318 3504 ἔγωγ’
342 3419 560 3503 ἐνεθυμήθην
583 3413 747 3501 ώάνδρες
765 3418 928 3499 δικασταί,
951 3418 1068 3501 ήλίκον
1086 3414 1154 3481 ἐστὶ

147 3526 398 3610 [πλεονέκτημα]
426 3526 464 3590 τὸ
491 3525 762 3590 καταπεπλάσθαι
789 3525 848 3587 τὸν
873 3525 958 3605 βίον.
1004 3523 1067 3604 ἐγὼ
1091 3523 1155 3603 γὰρ

199 3642 323 3682 Βιιοενε.
343 3640 394 3682 Vol.
407 3639 439 3680 11.
962 3631 995 3678 ⁸0
