2614 3904
448 157 547 207 ΠΡΟΣ
565 155 788 209 ΖΗΝΟΘΕΜΙΝ.
1060 152 1126 217 383

114 314 221 404 τούτῳ
245 315 416 380 συνδικεῖν
434 314 673 398 ἀναγκάζονται
691 324 752 380 τοῦ
771 315 1001 400 συμφέροντος
1020 313 1129 378 εἵνεκα

115 429 176 486 τοῦ
199 419 335 487 ἑαυτῶν.

75 544 101 585 1³
209 527 253 591 Τὸ
281 523 342 612 μὲν
369 522 433 593 οὖν
454 522 590 611 πρᾶγμ’,
618 524 701 611 ὑπὲρ
726 521 767 592 οὗ
789 528 850 609 τήν
873 536 989 609 ψῆφον
1012 532 1128 608 οἴσετε,

116 631 160 709 ὡς
187 634 292 697 εἰπεῖν
320 632 358 698 ἐν
384 634 570 720 κεφαλαίῳ,
596 635 759 698 τοιοῦτόν·
778 632 856 698 ἐστι.
902 633 1066 716 βούλομαι
1092 627 1129 697 δὲ

115 741 194 815 τοὺς
220 737 388 823 μάρτυρας
414 734 463 804 ὧν
490 737 576 821 λέγω
603 751 736 822 πρῶτον
762 737 843 823 ὑμίν
867 740 1128 821 παρασχόμενος,

116 844 196 928 μετὰ
218 837 309 909 ταῦτ’
330 845 395 928 ήδη
417 842 474 910 καλ
491 846 593 911 τάλλα
613 845 793 910 διδάσκειν.
829 847 888 908 καί
902 867 959 928 μοι
978 841 1053 926 λέγε
1071 843 1130 919 τὰς

117 973 306 1035 μαρτυριας.

519 1143 723 1197 ΜΑΡΤΤΡΙΔΙ
1130 1145 1184 1195 880

75 1287 101 1326 ιι
200 1264 332 1351 Ἐπειδὴ
355 1270 473 1334 τοίνυν
494 1268 631 1352 ἀφίκετο
651 1269 751 1351 δεῦρο
770 1269 807 1333 τὸ
826 1273 955 1351 πλοῖον,
979 1270 1130 1351 γνόντων

115 1383 182 1438 τῶν
209 1376 441 1456 Κεφαλλήνων
473 1372 751 1458 ἀντιπράττοντος
782 1375 919 1456 τούτου,
952 1374 1034 1439 ὅθεν
1064 1372 1129 1452 ἐξί-

115 1482 237 1542 πλευσε
264 1479 301 1544 τὸ
329 1483 464 1562 πλοῖον,
492 1479 641 1544 ἐνταῦθα
665 1477 721 1543 καὶ
743 1484 921 1544 καταπλεῖν
944 1479 1040 1562 αὐτό,
1068 1481 1130 1563 τήν

58 1609 65 1622 ·
116 1579 177 1668 μλν
203 1592 289 1649 ναῦν
316 1585 352 1650 ot
375 1582 428 1650 ἐπὶ
450 1593 490 1670 τῇ
512 1583 568 1669 νηὶ
594 1585 819 1662 δεδανεικότες
842 1579 976 1651 ἐνθένδ’
1002 1584 1131 1662 εὐθέως

115 1684 222 1773 εἶχον,
245 1691 304 1755 τὸν
329 1685 366 1755 δὲ
389 1700 483 1755 σίτον
506 1689 524 1755 6
547 1690 719 1773 ἠγορακὼς
742 1686 842 1774 εἶχεν·
865 1684 909 1772 ήν
932 1686 963 1754 δ’
990 1685 1088 1768 οὗτος
1111 1690 1129 1756 6

115 1795 195 1880 ἡμῖν
212 1796 253 1861 τά
270 1789 408 1879 χρήματ’
428 1795 584 1879 ὀφείλων.
616 1796 697 1879 μετὰ
715 1793 813 1860 ταῦθ’
830 1790 911 1879 ήκεν
929 1790 1027 1873 οὗτος
1045 1799 1131 1880 ἔχων

115 1904 174 1967 τὸν
200 1903 277 1988 παρ’
307 1902 402 1986 ήμῶν
429 1900 625 1985 πεμφθέντα
652 1901 875 1985 πρεσβευτήν,
901 1903 961 1966 τὸν
985 1899 1130 1988 Ἀριστο-

116 2019 243 2092 φῶντα,
264 2006 318 2073 καὶ
336 2001 540 2092 ἠμφεσβήτει
558 2015 619 2073 τοῦ
638 2009 745 2090 σίτου,
764 2007 903 2091 φάσκων
921 2004 1131 2097 Ἡγεστράτῳ

75 2131 102 2172 1⁵
118 2112 350 2181 δεδανεικέναι.
383 2116 441 2196 „vl
456 2113 572 2196 λέγεις,
590 2114 789 2199 άνθρωπε;“
808 2110 935 2190 εὐθέως
953 2112 971 2178 6
991 2118 1132 2198 Πρῶτος

117 2215 230 2305 (τοῦτο
252 2218 315 2301 γάρ
338 2214 381 2301 ήν
404 2219 552 2304 τοῦνομα
574 2228 620 2305 τῳ
643 2221 704 2285 τὸν
727 2230 821 2284 σίτον
839 2219 1062 2303 είσαγαγόντι,
1084 2215 1130 2308 τῷ

116 2325 156 2388 τά
192 2318 337 2409 χρήμαθ’
371 2323 451 2408 ἡμίν
484 2324 668 2408 ὀφείλοντι)
701 2328 771 2407 ,σὺ
803 2329 952 2410 χρήματα
984 2324 1131 2404 δέδωκας

111 2427 336 2518 Ἡγεστράτῳ,
364 2427 441 2514 μεθ’
474 2425 515 2497 οὗ
542 2434 621 2508 τοὺς
648 2432 771 2507 ἄλλους
798 2430 1014 2514 ἐξηπάτηκας,
1043 2431 1131 2508 ὅπως

117 2537 321 2618 δανείσηται;
345 2534 401 2600 καὶ
424 2534 479 2602 σοὶ
496 2537 655 2612 πολλάκις
673 2535 839 2620 λέγοντος,
863 2537 914 2601 ότι
932 2549 1002 2614 τοῖς
1019 2552 1130 2621 προλε-

116 2639 230 2727 μένοις
252 2640 422 2708 ἀπολεῖται
444 2643 485 2707 τὰ
508 2643 673 2726 χρήματα,
699 2645 741 2706 σὺ
766 2637 854 2724 [οὖν]
879 2637 971 2708 ταῦτ’
997 2642 1131 2709 ἀκούων

117 2748 217 2824 αὐτὸς
239 2745 281 2814 ἂν
303 2749 477 2834 προήκωςῑί
501 2751 577 2832 ἔφη,
600 2745 656 2813 καὶ
680 2748 819 2832 ἀναιδής
841 2745 893 2832 ήν.
930 2749 1077 2832 ,οὐκοῦν
1100 2751 1133 2815 εί

115 2855 156 2918 τά
187 2849 316 2936 μάλιστ’
348 2853 458 2937 άληθή
491 2852 636 2938 λέγεις,“
667 2865 735 2920 τῶν
766 2858 943 2940 παρόντων
974 2877 1024 2931 τις
1053 2853 1130 2920 ὑπί-

116 2961 233 3041 λαβεν,
260 2960 302 3043 „6
331 2961 388 3036 σὸς
416 2961 577 3037 κοινωνὸς
598 2958 654 3025 καὶ
677 2963 828 3044 πολίτης,
858 2960 876 3026 6
898 2957 1131 3045 Ἡγέστρατος,

117 3065 161 3142 ὡς
183 3067 291 3131 ἔοικεν
313 3065 495 3150 ἐξηπάτηκί
515 3083 564 3148 σε,
587 3064 643 3131 καὶ
665 3062 748 3152 ὑπὲρ
772 3067 900 3132 τούτων
923 3067 1023 3143 αὐτὸς
1041 3068 1129 3155 αὑτῷ

75 3190 103 3233 ιο
116 3173 268 3238 θανάτου
293 3176 432 3256 τιμήσας
458 3173 662 3239 άπόλεολεν.“
708 3170 785 3256 ,,καλ
814 3173 864 3238 ὅτι
892 3166 959 3256 γ’,“
988 3175 1052 3257 ἔφη
1080 3197 1130 3250 τις

114 3289 182 3344 τῶν
205 3263 390 3364 παρόντων,
415 3278 594 3362 ,ἁπάντων
618 3276 687 3344 ἐστὶ
707 3281 868 3363 συνεργὸς
886 3273 984 3356 οὗτος
1003 3279 1129 3365 ἐκείνῳ,

115 3395 253 3467 σημείου
280 3384 361 3470 ὑμῖν
389 3385 465 3470 ἐρῶ·
493 3386 557 3470 πρὸ
581 3386 644 3469 γάρ
667 3395 728 3450 τοῦ
753 3386 943 3450 διακόπτειν
967 3382 1128 3466 ἐπιχειρή-
1212 3434 1216 3442 .

115 3507 170 3554 σαι
197 3490 258 3571 τήν
285 3501 387 3573 ναῦν,
414 3496 564 3556 τίθενται
592 3493 675 3575 πρός
702 3512 777 3554 τινα
801 3501 869 3555 τῶν
892 3489 1129 3568 συμπλεόντων
