2614 3904
492 164 592 216 ΠΡΟΣ
610 165 769 220 ΔΦΟΒΟΝ.
1064 163 1128 230 351

7 417 10 422 Ι
122 323 183 390 οὐκ
210 323 343 408 ἠρνήθη
371 319 462 388 ταῦτ’
491 322 543 389 ἐπὶ
570 333 630 390 τοῦ
659 326 873 407 δικαστηρίου
900 325 1005 413 τούτω
1033 346 1132 408 παρε·

122 431 248 512 στηκδις
270 439 328 513 τῆς
351 432 531 514 μαρτυρίας
555 429 900 514 ἀναγιγνωσκομένης,
924 430 1005 514 ἐμοῦ
1027 429 1056 495 τ’
1082 430 1131 496 ἐκ·

123 536 276 611 διδόντος
302 537 361 600 τόν
387 535 491 599 παῖδα
518 533 593 620 περὶ
617 534 771 601 ἁπάντων
794 537 921 601 τούτων
944 539 1133 619 βασανίζειν

123 643 235 718 αὐτοῖς
262 641 324 708 οὐκ
347 639 517 726 ἠθέλησαν
541 644 759 725 παραλαβεῖν,
786 637 865 706 καθ’
892 639 1030 706 ἕκαστον
1052 640 1132 725 ὑμῖν

121 745 303 832 παρέξομαι
321 749 400 824 τοὺς
418 748 594 831 μάρτυρας.
630 750 689 812 καί
704 770 760 831 μοι
778 747 871 812 κάλει
890 744 980 830 δεῦρ’
1002 746 1132 824 αύτούς.

526 958 728 1012 ΜΑΡΤΤΡΕΣ.

82 1085 109 1124 ω
202 1063 244 1130 Ὃ
269 1067 386 1130 τοίνυν
413 1059 440 1130 ὦ
467 1065 587 1150 ἀνδρες
614 1062 764 1129 δικασταὶ
791 1065 926 1130 πάντων
952 1076 1018 1130 τῶν
1045 1067 1133 1148 εἰρη-

122 1156 243 1257 μένων
264 1166 355 1254 οἶμαι
382 1168 538 1254 μέγιστον
564 1170 645 1254 ὑμῖν
673 1168 761 1255 ἐρεῖν
788 1181 926 1255 σημεῖον
952 1180 1012 1237 τοῦ
1039 1168 1129 1236 ταῦτ’

123 1276 369 1362 ἀποκρίνασθαι
390 1285 521 1359 τοῦτον,
544 1276 706 1360 βούλομαι
731 1277 888 1342 διελθεῖν.
934 1274 1046 1361 ἐπειδὴ
1068 1277 1133 1361 γάρ

122 1380 227 1467 ἐξῄτει
250 1404 289 1465 με
312 1382 371 1446 τὸν
394 1382 577 1464 ἀνθρωπον
599 1378 698 1446 ταῦθ’
725 1382 945 1466 ὡμολογηκὼς
968 1381 988 1446 ἀ
1012 1405 1133 1467 μεμαρ-

121 1489 275 1572 τύρηται,
305 1489 508 1571 βουλόμενος
534 1485 588 1552 καλ
616 1482 683 1551 τότ’
709 1487 812 1553 αὐτὸν
837 1485 997 1571 ἐξελέγξαι
1020 1488 1133 1571 τεχνά-

79 1613 109 1654 το
125 1595 221 1671 ζοντα
243 1595 278 1656 τί
293 1603 392 1670 ποιῶ;
416 1597 644 1677 προκαλοῦμαι
662 1593 744 1657 κατά
764 1595 928 1677 Δήμωνος
947 1595 994 1670 είς
1012 1616 1131 1678 μαρτυ-

124 1703 211 1784 ρίαν,
231 1701 327 1776 όντος
346 1698 433 1786 αὐτῷ
452 1701 551 1763 θείου
569 1696 624 1763 καὶ
642 1707 807 1764 κοινωνοῦ
825 1711 893 1764 τῶν
912 1699 1134 1784 ἀδικημάτων,

121 1803 178 1871 καί
201 1806 394 1890 συγγράψας
416 1800 506 1868 ταῦτ’
534 1802 688 1869 ἐκέλευον
710 1815 901 1888 μαρτυρεῖν,
926 1801 947 1868 ά
969 1812 1033 1870 νῦν
1057 1805 1133 1870 διώ-

73 1943 75 1946 ·
122 1934 173 1977 κει
204 1922 271 1976 τῶν
302 1911 607 1994 ψευδομαρτυριῶν.
659 1903 756 1986 οὗτος
786 1905 823 1975 δὲ
848 1911 886 1974 τὸ
914 1906 975 1993 μὲν
1001 1921 1135 1994 πρῶτον
1207 1987 1209 1993 Ι

123 2015 391 2100 ἀπηναισχύντει,
414 2025 474 2081 τοῦ
499 2011 536 2080 δὲ
555 2016 725 2098 διαιτητοῦ
743 2016 937 2091 κελεύοντος
955 2026 1133 2100 μαρτυρεῖν

123 2120 144 2203 ἢ
168 2119 350 2204 ἐξομνύειν,
374 2121 579 2206 ἐμαρτύρησε
601 2122 691 2186 πάνυ
714 2122 816 2205 μόγις.
843 2124 959 2210 Ικαίτοι
982 2127 1016 2186 εί
1033 2119 1064 2204 γ’
1091 2117 1134 2204 ἦν

124 2227 244 2302 δοῦλος
275 2226 454 2311 ἅνθρωπος
486 2224 541 2292 καλ
568 2227 613 2312 μὴ
641 2228 900 2311 προωμολόγητο
928 2228 1011 2310 πρὸς
1037 2224 1129 2292 τοῦδ’

124 2332 301 2416 ἐλεύθερος
323 2327 420 2414 εἶναι,
442 2335 477 2396 τί
492 2335 613 2417 μαθὼν
632 2332 867 2417 ἐμαρτύρησεν,
892 2331 962 2398 ἀλλ’
986 2333 1047 2398 ούκ
1065 2332 1133 2412 ἐξό-

82 2458 109 2496 21
124 2439 229 2522 μόσας
257 2437 428 2521 ἀπηλλάγη
455 2447 515 2503 τοῦ
543 2439 746 2523 πράγματος;
776 2438 858 2504 ἀλλά
885 2439 951 2523 μὴν
978 2437 1033 2504 καὶ
1058 2438 1134 2524 περὶ

124 2544 253 2609 τούτων
280 2543 407 2626 ἤθελον
435 2545 643 2629 παραδοῦναι
670 2546 729 2611 τὸν
755 2546 858 2610 παῖδα
881 2545 940 2610 τὸν
962 2546 1135 2629 γράφοντα

124 2650 186 2733 τὴν
214 2651 414 2733 μαρτυρίαν,
442 2648 479 2726 ὃς
501 2650 541 2713 τά
562 2672 597 2714 τε
620 2646 781 2735 γράμματ’
809 2652 921 2734 ἔμελλε
944 2652 1134 2734 γνώσεσθαι

125 2757 164 2821 τά
192 2753 312 2821 ἑαυτοῦ
335 2752 391 2820 καὶ
413 2765 534 2820 τοῦτον
557 2755 780 2840 ἐμνημόνευεν
803 2756 946 2842 ἀκριβῶς
968 2761 1133 2843 μαρτυρή-

125 2879 229 2927 σαντα
255 2869 366 2926 ταῦτα.
411 2859 466 2925 καὶ
491 2858 581 2926 ταῦτ’
608 2863 733 2944 ύθελον
757 2860 831 2948 ούχλ
854 2863 1031 2948 μαρτύρων
1054 2863 1134 2930 ἀπο-

125 2979 194 3048 ρῶν
227 2971 262 3033 οἳ
290 2976 455 3051 παρῆσαν·
492 2962 578 3050 ἦσαν
609 2967 687 3052 γάρ·
725 2966 795 3033 ἀλλ’
833 2969 888 3035 ἵνα
919 2969 963 3053 μὴ
994 2970 1134 3047 τούτους

88 3127 89 3132 ,
124 3076 257 3159 αίτιρῖτο
284 3073 325 3135 τά
351 3073 457 3156 ψευδῆ
486 3083 680 3156 μαρτυρεῖν,
707 3072 790 3138 ἀλλά
817 3076 854 3140 τὸ
877 3076 994 3140 πιστὸν
1018 3074 1054 3140 ἐκ
1076 3085 1133 3160 τῆς
1299 3059 1301 3138 ί

124 3180 274 3262 βασάνου
292 3180 421 3255 τούτοις
439 3179 590 3263 ὑπάρχοι.
618 3181 724 3244 καίτοι
742 3190 811 3256 πῶς
830 3180 922 3260 ἀξιόν
941 3179 1009 3246 ἐστι
1027 3205 1123 3247 κατα·
1134 3195 1183 3245 851

124 3295 250 3367 γνῶναι
272 3295 339 3349 τῶν
362 3285 538 3369 μαρτύρων
561 3284 617 3349 διὰ
638 3293 773 3367 τοῦτον,
802 3288 837 3350 οἳ
857 3288 955 3370 μόνοι
977 3298 1044 3352 τῶν
1065 3289 1132 3352 πύ-
1300 3261 1301 3330 ἀ

124 3387 196 3454 ποτ’
223 3388 458 3473 ἠγωνισμένων
487 3390 583 3473 δίκην
608 3390 645 3456 ἐν
667 3389 747 3474 ὑμῖν
770 3392 830 3457 τὸν
853 3389 1004 3456 διώκοντ’
1031 3391 1133 3458 αὐτὸν

125 3494 238 3571 αὑτοῖς
271 3495 419 3580 μάρτυρα
448 3497 575 3560 τούτων
602 3495 868 3562 ἐπιδεικνύουσιν
895 3495 1130 3580 γεγενημένους
