2616 3910
465 233 565 283 ΤΠΕΡ
583 233 804 286 ΦΟΡΜΙΩΝΟΣ.
1072 232 1138 296 435

134 386 167 466 ἐξ
191 385 238 454 ὧν
262 383 299 454 εὖ
323 385 387 455 οἶδ’
409 391 459 456 ὅτι
481 391 502 474 ή
525 414 559 456 τε
577 390 698 456 τούτου
717 392 922 473 συκοφαντία
941 393 1068 476 φανερὰ
1086 414 1138 473 γε-

134 498 281 577 νήσεται,
313 493 368 560 καὶ
400 497 444 572 ὡς
476 496 537 561 οὐκ
569 498 786 579 εἰσαγώγιμος
816 495 837 579 ή
866 496 940 579 δίκη
967 493 1132 579 γνώσεσθ’

133 600 199 683 ἅμα
222 597 313 664 ταῦτ’
340 601 547 678 ἀκούσαντες.

106 723 120 763 4
222 710 363 791 Πρῶτον
381 703 442 790 μὲν
461 702 523 772 οὖν
541 707 621 791 ὑμῖν
640 707 864 789 ἀναγνώσεται
882 707 940 782 τὰς
955 709 1137 789 συνθήκας,

132 807 209 874 καθ’
233 809 272 886 ἃς
292 810 457 894 ἐμίσθωσε
477 815 616 876 Πασίων
632 812 694 894 τήν
711 811 872 896 τράπεζαν
889 808 1009 900 τουτῳὶ
1026 809 1136 876 καὶτὸ

133 915 400 999 ἀσπιδοπηγείου.
443 920 503 983 καί
526 941 583 1000 μοι
610 913 689 1002 λαβὲ
715 917 773 992 τὰς
800 919 970 1000 συνθήκας
996 914 1051 982 καὶ
1075 911 1137 999 τήν

132 1019 391 1105 πρόκλησινκαὶ
414 1022 471 1098 τάς
494 1025 674 1107 μαρτυρίας
695 1026 841 1087 ταυτασί.

281 1229 480 1285 ΣΤΝΘΗΚΑΙ.
517 1233 741 1284 ΠΡΟΚΔΗΣΙΣ.
778 1233 981 1285 ΜΑΡΤΤΡΙΔῙ.

220 1337 268 1400 Ac
289 1332 350 1420 μὲν
372 1331 434 1402 οὖν
457 1343 634 1422 συνθῆκαι,
657 1334 734 1403 καθ’
759 1336 798 1414 ἃς
821 1337 1006 1422 ἐμίσθωσεν
1028 1338 1047 1404 ὁ
1066 1339 1135 1404 Πα-

132 1444 215 1506 σίων
242 1438 361 1529 τουτωί
389 1442 450 1524 τήν
472 1443 632 1528 τράπεζαν
654 1441 768 1507 καὶτὸ
791 1442 1048 1527 ἀσπιδοπηγεῖον
1071 1445 1134 1528 ήδη

131 1541 209 1610 καθ’
241 1544 359 1610 ἑαυτὸν
391 1547 478 1630 ὄντι,
510 1542 610 1611 αὗταί
639 1549 723 1612 είσιν
751 1542 777 1612 ὦ
803 1548 923 1633 ἄνδρες
952 1545 1135 1632 Ἀθηναῖοι·

133 1652 186 1715 δεῖ
202 1649 232 1714 δ’
249 1650 335 1734 ὑμᾶς
354 1650 493 1716 ἀκοῦσαι
510 1650 566 1716 καὶ
585 1659 716 1736 μαθεῖν,
736 1652 771 1717 ἐκ
789 1657 880 1730 τίνος
896 1656 1020 1738 τρόπου
1034 1671 1136 1736 προσ-

132 1757 252 1840 ώφειλε
283 1757 323 1820 τὰ
356 1755 473 1822 ἕνδεκα
504 1755 641 1822 τάλανθ’
673 1756 691 1823 ὁ
720 1761 858 1823 Πασίων
888 1756 941 1823 ἐπὶ
972 1760 1033 1842 τήν
1059 1760 1135 1843 τρά-

102 1867 237 1940 επεζαν.
285 1861 326 1926 οὐ
351 1863 414 1946 γὰρ
439 1857 482 1926 δι’
509 1863 650 1946 ἀπορίαν
672 1861 762 1928 ταῦτ’
790 1865 944 1946 ὤφειλεν,
974 1863 1057 1929 ἀλλὰ
1080 1866 1135 1929 διὰ

133 1969 314 2051 φιλεργίαν.
356 1966 377 2050 ή
401 1963 461 2050 μὲν
484 1969 546 2052 γάρ
570 1971 695 2051 ἔγγειος
717 1963 759 2050 ήν
783 1968 878 2033 οὐσία
902 1972 1053 2034 Πασίωνι
1076 1971 1136 2052 μά-

134 2077 228 2136 λιστα
252 2073 422 2136 ταλάντων
446 2079 584 2156 είκοσιν,
614 2073 773 2158 ἀργύριον
796 2069 833 2138 δέ
855 2074 937 2158 πρὸς
958 2075 1059 2158 ταύτη
1083 2075 1135 2139 δε-

132 2176 347 2259 δανεισμένον
373 2179 487 2258 [ίθιον]
511 2177 612 2243 πλέον
635 2178 655 2261 ή
678 2180 881 2262 πεντήκοντα
903 2180 1052 2243 τάλαντα.
1098 2178 1134 2243 ἐν

131 2283 261 2358 τούτοις
292 2280 356 2346 άπὸ
372 2271 454 2347 Ιτῶν
482 2291 767 2369 παρακαταθηκῶν
794 2295 861 2348 τῶν
887 2293 943 2367 τῆς
969 2282 1126 2369 τραπέζης
1135 2299 1186 2349 946

104 2386 249 2452 οένθεκα
272 2383 402 2451 τάλαντ’
430 2387 547 2472 ἐνεργά
569 2383 619 2469 ήν.
662 2381 887 2472 μισθούμενος
909 2383 971 2454 οὖν
994 2391 1050 2454 ὅδε
1072 2391 1145 2473 τήν·

132 2492 289 2578 ἐργασίαν
317 2489 420 2575 αὐτήν
446 2501 504 2576 της
525 2490 682 2576 τραπέζης
702 2490 758 2558 καὶ
779 2493 837 2569 τάς
858 2496 1134 2578 παρακαταθήκας
1160 2550 1161 2554 ,

134 2594 352 2681 [λαμβάνων],
376 2595 465 2681 ὀρῶν
488 2597 549 2679 ὅτι,
573 2600 667 2680 μήπω
690 2605 747 2679 τής
765 2601 930 2676 πολιτείας
947 2599 1034 2686 αὐτῷ
1052 2596 1130 2684 παρ’

131 2703 212 2785 ὑμῖν
239 2700 356 2784 οὔσης,
384 2700 445 2784 οὐχ
472 2693 542 2776 οἷός
567 2697 595 2764 τ’
622 2698 720 2766 ἔσοιτ’
748 2703 952 2789 εἰσπράττειν
979 2704 1040 2768 ὅσα
1063 2709 1133 2770 Πα-

132 2810 215 2873 σίων
252 2805 304 2872 ίπὶ
335 2813 377 2889 γη
408 2803 463 2870 καὶ
495 2808 678 2882 συνοικίαις
709 2807 904 2884 δεδανεικὼς
934 2803 993 2891 ήν,
1030 2809 1132 2876 είλετο

132 2916 258 2998 μᾶλλον
281 2910 382 2975 αὐτὸν
400 2911 458 2974 τὸν
478 2913 638 2976 Πασίωνα
655 2913 800 2995 χρήστην
818 2914 904 2996 ἔχειν
921 2913 1048 2979 τούτων
1065 2926 1132 2981 τῶν

131 3018 317 3104 χρημάτων,
340 3015 361 3098 ή
383 3019 462 3092 τοὺς
484 3017 604 3092 ἄλλους
625 3018 776 3101 χρήστας,
800 3007 850 3093 οἷς
871 3017 1063 3102 προειμένος
1080 3016 1130 3104 ήν.

130 3122 186 3189 καί
210 3121 296 3194 οὕτω
320 3121 375 3185 διὰ
397 3115 487 3185 ταῦτ’
513 3120 640 3205 ἐγράφη
665 3123 725 3202 [είς
746 3122 807 3204 τήν
828 3125 1006 3206 μίσθωσιν]
1031 3143 1131 3210 προσ-

132 3232 277 3313 οφείλων
300 3225 318 3291 ὁ
337 3231 475 3292 Πασίων
498 3227 613 3291 ἕνδεκα
635 3227 789 3309 τάλαντα,
812 3227 920 3312 ὥσπερ
939 3227 993 3293 καὶ
1011 3253 1131 3317 μεμαρ-

131 3335 268 3417 τύρηται
290 3332 378 3416 ὑμῖν.

104 3459 118 3502 ι
211 3435 274 3502 Ὃν
300 3434 361 3521 μὲν
386 3438 501 3503 τοίνυν
527 3437 651 3521 τρόπον
678 3435 698 3518 ή
723 3438 885 3520 μίσθωσις
907 3436 1050 3521 ἐγένετο,
1077 3462 1131 3521 με-

132 3544 336 3629 μαρτύρηται
366 3541 447 3625 ὑμῖν
474 3538 530 3606 ὑπ’
561 3541 663 3606 αὐτοῦ
689 3550 749 3606 τοῦ
776 3540 1032 3625 ἐπικαθημένου·
1063 3541 1132 3607 ἐπι-

918 3646 973 3698 28*
