2612 3918
501 154 596 203 RATA
614 152 775 206 αττωον.
1102 151 1143 215 77

17 359 19 396 ,
133 312 193 377 τὸν
224 309 262 394 ἐν
294 312 418 399 δείπνῳ
450 308 504 376 καὶ
533 313 664 399 συνόδῳ
692 321 788 396 κοινῆ
816 312 872 376 διὰ
898 313 1030 395 πληγήν
1056 315 1146 396 μίαν.

17 415 18 488 ff
92 435 121 475 τε
134 418 175 482 ού
198 418 262 500 γὰρ
284 416 305 500 ή
329 417 437 501 πληγή
460 415 642 500 παρέστησε
664 418 725 500 τῆν
748 416 863 503 ὀργήν,
888 411 958 483 ἀλλ’
980 417 1001 501 ή
1020 417 1144 502 ἀτιμία·

17 509 18 516 ¹
133 520 214 588 οὐδέ
231 523 269 587 τὸ
287 524 471 587 τύπτεσθαι
489 533 558 598 τοῖς
576 521 766 607 ἐλευθέροις
780 520 871 588 ἐστὶν
886 524 1008 605 δεινὸν,
1028 526 1144 607 καίπερ

22 669 25 676 ‹
130 627 174 694 ’δν
202 629 331 712 δεινόν,
360 628 443 693 ἀλλὰ
470 628 507 693 τὸ
536 625 588 712 ἐφ’
615 628 719 712 ὕβρει.
763 630 871 694 ’πολλὰ
898 630 961 712 γὰρ
987 627 1030 693 ἀν
1052 631 1147 714 ποιή-

132 751 223 800 σειεν
247 734 265 801 ὁ
288 735 419 799 τύπτων
444 729 470 799 ὦ
493 735 613 818 ἀνδρες
629 728 812 817 Ἀθηναῖοι,
838 729 887 800 ὧν
904 733 922 800 δ
941 735 1062 799 παθὼν
1080 730 1142 799 ἔνι’

132 836 206 906 οὐδ’
239 837 282 906 διν
314 840 507 923 ἀπαγγεῖλαι
536 834 671 904 δύναιθ’
704 838 818 928 ἑτέρω,
850 849 896 927 τῷ
928 843 1067 926 σχήματι
1099 848 1145 929 τςθ

131 945 294 1031 βλέμματι
315 955 355 1032 τῆ
379 953 486 1030 φωνῆ,
510 945 591 1010 ὅταν
613 945 658 1022 ὡς
680 944 836 1030 ὑβρίζων,
860 946 941 1012 ὕταν
963 946 1008 1022 δις
1027 945 1146 1030 ἐχθρὸς

133 1053 336 1138 [ὐπάρχων],
364 1051 445 1117 ὅταν
469 1051 660 1134 κονδύλοις,
690 1051 770 1116 ὅταν
792 1049 846 1117 ἐπὶ
868 1054 996 1136 κόρρης.
1042 1061 1145 1117 ταῦτα

131 1170 232 1240 κινεῖ,
264 1153 355 1223 ταῦτ’
387 1153 528 1240 ἐξέστητ’
560 1156 776 1241 ἀνθρώπους,
808 1156 924 1241 ἀήθεις
952 1159 1050 1234 ὄντας
1076 1165 1201 1223 vomas

131 1267 445 1346 προπηλακίζεσθαι.
483 1259 594 1338 οὐδεὶς
617 1260 660 1326 ἀν
680 1257 707 1328 ὦ
726 1263 846 1348 ἀνδρες
860 1259 1032 1348 Ἀθηναῖοι
1050 1260 1140 1328 ταῦτ’

131 1367 349 1453 ἀπαγγέλλων
372 1369 510 1433 δύναιτο
533 1369 570 1432 τὸ
594 1367 709 1433 δεινὸν
732 1377 939 1452 παραστῆσαι
959 1379 1028 1446 τοῖς
1047 1369 1144 1434 ἀκού-

132 1492 231 1541 ουσιν
254 1475 369 1558 οὕτως,
393 1475 437 1550 ὡς
460 1471 514 1539 ἐπὶ
536 1482 594 1556 τῆς
616 1473 776 1558 ἀληθείας
798 1472 853 1539 καὶ
875 1475 1145 1560 τοῦπράγματος

132 1591 177 1670 τῷ
209 1581 370 1665 πάσχοντι
398 1577 453 1644 καὶ
480 1589 551 1655 τοῖς
578 1578 703 1664 δρῶσιν
730 1579 871 1665 ἐναργής
897 1579 918 1664 ή
945 1580 1042 1665 ὕβρις
1068 1584 1143 1665 φαί-

93 1705 232 1752 ανεται.
278 1684 447 1764 σκέψασθε
479 1682 517 1750 δέ
548 1687 631 1770 πρὸς
658 1687 743 1762 Διὸς
770 1684 825 1751 καὶ
851 1691 943 1751 θεῶν
971 1683 997 1751 ὦ
1024 1688 1144 1772 ἄνδρες

129 1790 305 1877 Ἀθηναῖοι
322 1789 376 1856 καὶ
395 1793 567 1873 λογίζεσθε
585 1787 662 1872 παρ’
685 1790 765 1875 ὑμῖν
784 1791 907 1875 αὐτοῖς,
929 1792 995 1880 ὅσῳ
1014 1787 1141 1858 πλείον’

133 1899 237 1988 ὀργῆν
259 1895 332 1982 ἐμοὶ
354 1904 499 1981 προσῆκε
522 1905 729 1982 παραστῆναι
747 1898 907 1981 πάσχοντι
924 1895 1056 1964 τοιαῦθ’
1078 1898 1142 1965 ὐπὸ

132 2006 293 2086 Μειδίου,
322 2001 342 2087 ή
367 1999 433 2068 τότ’
460 2000 575 2090 ἐκείνῳ
602 2010 647 2090 τῷ
672 2002 822 2068 Εὐαίωνι
844 2011 889 2090 τῷ
913 2005 972 2069 τὸν
994 2007 1143 2072 Βοιωτὸν

133 2109 370 2174 ἀποκτείναντι.
407 2106 426 2173 δ
449 2105 511 2190 μέν
533 2104 565 2190 γ’
587 2106 652 2173 ὑπὸ
673 2111 854 2193 γνωρίμου,
877 2107 932 2174 καὶ
950 2111 1072 2176 τούτου
1089 2134 1143 2196 με-

131 2216 292 2296 θύοντος,
321 2213 473 2279 ἐυαντίον
500 2212 534 2291 ἐξ
561 2212 582 2297 ή
610 2207 678 2278 ἕπτ’
705 2212 894 2297 ἀνθρώπων
922 2213 1062 2300 ἐπλήγη,
1087 2215 1143 2283 καὶ

131 2321 260 2388 τούτων
281 2323 471 2404 γνωρίμων,
494 2322 530 2384 οὐ
550 2321 609 2384 τὸν
632 2315 693 2404 μὲν
715 2329 841 2385 κακιεῖν
864 2311 914 2397 οἷς
933 2320 1059 2404 ἔπραξε,
1083 2325 1143 2389 τὸν
1184 2337 1186 2341 ’

132 2421 163 2491 δ’
198 2425 432 2493 ἐπαινέσεσθαι
464 2427 544 2511 μετὰ
575 2418 667 2490 ταῦτ’
698 2424 929 2510 ἀνασχόμενον
959 2425 1013 2492 καὶ
1045 2452 1142 2495 κατα-

132 2528 251 2618 σχόνθ’
272 2531 391 2599 ἑαυτὸν
410 2534 558 2617 ἔμελλον,
578 2528 635 2596 καλ
652 2525 743 2596 ταῦτ’
765 2533 813 2606 είς
831 2533 941 2596 οίκίαν
959 2532 1070 2598 ἐλθὼν
1089 2533 1142 2600 ἐπὶ

92 2656 118 2696 τι
132 2641 284 2722 δεῖπνον,
316 2630 353 2704 οἷ
381 2634 463 2722 μηδὲ
495 2638 642 2721 βαδίζειν
673 2636 750 2719 ἐξῆν
782 2636 880 2726 αὐτῷ.
926 2636 990 2722 ἐγὼ
1020 2636 1050 2703 δ’
1081 2635 1137 2705 ὑπ’

131 2744 272 2830 ἐχθροῦ,
299 2747 488 2829 νήφοντος,Ι
512 2743 634 2826 ἕωθεν,
658 2743 753 2828 ὕβρει
776 2741 832 2809 καὶ
854 2744 916 2809 οὐκ
939 2749 1020 2834 οίνῳ
1042 2755 1141 2812 τοῦτο

130 2861 321 2934 ποιοῦντος,
354 2851 507 2917 ἐναντίον
539 2855 673 2916 πολλῶν
702 2848 757 2914 καὶ
785 2849 888 2930 ξένων
914 2849 968 2916 καὶ
996 2856 1141 2916 πολιτῶν

121 2952 326 3045 ’ὐβριζόμην,
357 2955 412 3024 καὶ
444 2955 535 3022 ταῦτ’
567 2955 603 3021 ἐν
636 2956 713 3044 ίερῷ
741 2955 796 3022 καὶ
824 2948 860 3022 οἷ
883 2959 988 3041 πολλή
1015 2981 1072 3041 μοι
1098 2952 1141 3040 ήν

129 3062 257 3147 ἀνάγκη
275 3065 421 3148 βαδίζειν
439 3071 647 3149 χορηγοῦντι.
680 3059 735 3126 καὶ
753 3060 897 3145 ἐμαυτὸν
915 3055 977 3146 μέν
994 3057 1025 3145 γ’
1043 3057 1069 3128 ὦ
1084 3063 1141 3128 ἀν-

131 3169 207 3253 δρες
229 3165 403 3252 Ἀθηναῖοι
431 3171 629 3251 σωφρόνως,
662 3171 788 3250 μᾶλλον
815 3165 846 3233 δ’
878 3169 1022 3252 εὐτυχῶς
1049 3163 1140 3253 οἶμαι

129 3276 384 3358 βεβουλεῦσθαι,
410 3272 637 3356 ἀνασχόμενον
661 3275 734 3338 τότε
757 3271 812 3339 καὶ
835 3271 936 3338 οὐδὲν
959 3273 1140 3358 ἀνήκεστον

130 3377 310 3464 ἐξαχθέντα
336 3377 469 3464 πρᾶξαι·
497 3386 542 3464 τῷ
571 3374 601 3442 δ’
632 3378 781 3444 Εὐαίωνι
807 3376 863 3445 καὶ
889 3387 1006 3463 πᾶσιν,
1034 3386 1068 3446 εί
1090 3405 1140 3459 τις

130 3483 219 3568 αὐτῷ
234 3486 441 3568 βεβοήθηκεν
455 3481 698 3566 ἀτιμαζόμενος,
712 3486 839 3568 πολλήν
853 3486 1055 3569 συγγνώμην
1067 3489 1139 3571 ἔχω.

1182 3811 1289 3878 a
