2614 3904
152 141 216 208 408
250 85 251 90 Ν
430 143 554 198 xxnv.
578 139 882 213 [οεαονοαεονε]

150 301 256 387 ήμῶν,
279 303 333 369 ὅτε
353 301 430 372 οὔτε
448 303 486 368 τδ
504 305 644 388 χρυσίον
662 303 726 386 ἔφη
746 299 963 386 ἀπειληφέναι
981 301 1070 386 παρὰ
1088 300 1167 368 τοά-
1270 362 1271 365 ,

151 432 213 474 τον
244 409 320 476 οὔτε
350 411 389 474 τὰ
416 403 553 494 χρήματ’
584 409 686 475 αὐτὸν
714 407 876 474 ἐνθέσθαι
904 411 951 484 είς
978 408 1040 491 τήν
1067 416 1168 491 ναῦν,

152 514 258 593 οὕτως
280 514 298 581 ὁ
323 515 454 600 Λάμπις
475 517 558 580 κατὰ
579 515 699 600 κράτος
722 513 971 598 ἐξελεγχόμενος
994 513 1033 578 τὰ
1055 514 1166 596 ψευδῆ
1272 513 1273 522 ’

153 631 329 706 μαρτυρῶν
360 618 416 686 καὶ
447 621 592 706 πονηρὸς
624 621 687 702 ὧν,
720 619 883 704 ὡμολόγει
909 613 970 703 μὲν
998 617 1166 704 εἰρηκέναι

152 733 255 792 ταῦτα
286 726 368 807 πρὸς
400 733 535 809 τοῦτον,
566 726 609 792 οὐ
641 723 754 810 μέντοι
786 723 879 801 ἐντός
909 747 947 808 γε
980 723 1028 790 ὢν
1059 727 1167 790 εἰπεῖν
1275 803 1276 810 ρ

153 831 266 901 αὑτοῦ.
311 835 370 898 καί
390 854 446 916 μοι
469 831 643 914 ἀνάγνωθι
665 831 790 914 ταύτην
811 829 874 914 τήν
897 831 1092 916 μαρτυρίαν.

560 1041 749 1096 mmm.

113 1167 139 1207 ¹1
239 1143 398 1227 Ἀκοόσας
420 1153 538 1216 τοίνυν
557 1147 651 1233 ήμῶν
670 1143 696 1214 ὦ
715 1149 835 1233 ἄνδρες
854 1144 1028 1232 Ἀθηναῖοι
1046 1147 1065 1214 ὁ
1085 1153 1167 1216 Θεό·

155 1257 252 1332 δοτος
274 1255 447 1339 πολλάκις,
473 1254 539 1322 καλΙ
552 1258 691 1339 νομίσας
713 1256 773 1320 τὸν
795 1256 932 1340 Λάμπιν
954 1256 1061 1339 ψευδῆ
1084 1281 1167 1341 μαρ-
1281 1276 1282 1306 ¹

152 1370 282 1445 τνρεῖν,
311 1360 372 1426 οὐκ
396 1359 527 1444 ἀπέγνω
551 1367 608 1444 τής
632 1361 740 1443 δίκης,
764 1353 835 1426 ἀλλ’
862 1359 990 1446 ἀφήκειν
1011 1360 1097 1445 ἡμᾶς
1118 1365 1169 1440 είς
1282 1377 1283 1380 ’

153 1471 198 1531 τὸ*
223 1466 450 1550 δικαστήριον·
481 1477 690 1548 καταγνῶναι
721 1460 782 1550 μὲν
814 1467 878 1550 γάρ
907 1466 970 1532 οὐκ
996 1465 1167 1552 ἐβουλήθη

154 1571 210 1638 διά
233 1573 271 1638 τδ
293 1573 422 1647 οίκείως
444 1573 532 1656 ἐχειν
554 1575 725 1656 Φορμίωνι
742 1574 874 1660 τουτῳί,
898 1572 942 1648 άις
960 1571 1055 1656 ἡμεῖς
1071 1573 1167 1640 ὕστε-

153 1701 215 1763 ρον
243 1676 454 1762 ἐπυθόμεθα,
482 1676 674 1760 ἀπογνῶναι
702 1673 739 1743 δὲ
766 1686 823 1762 τῆς
850 1679 944 1762 δίκης
967 1678 1081 1760 ὤκνει,
1109 1681 1167 1746 ἵνα

113 1803 139 1842 ιι
153 1786 197 1869 μή
228 1783 463 1868 ἐπιορκήσειεν.
509 1781 542 1862 ἐξ
570 1783 673 1848 αὐτοῦ
702 1783 743 1865 δὴ
771 1792 832 1849 τοῦ
859 1784 1050 1868 πράγματος
1076 1790 1166 1868 λογί-

154 1895 260 1956 σασθε
289 1884 314 1956 ὦ
343 1889 463 1974 ἄνδρες
491 1887 642 1956 δικασταὶ
669 1885 745 1974 παρ’
774 1887 855 1973 ὑμῖν
882 1888 1009 1972 αὐτοῖς,
1038 1889 1166 1957 ὁπόθεν

152 1999 288 2079 ἔμελλεν
307 1989 404 2072 οὗτος
423 1994 609 2060 ἀποδώσειν
627 1996 665 2060 τὸ
683 1997 831 2079 χρυσίον.
864 1993 1002 2060 ἐνθένδε
1021 1993 1166 2082 μὲνγὰρ

153 2101 277 2180 ἐξέπλει
306 2100 367 2166 οὐκ
394 2099 573 2184 ἐνθέμενος
599 2101 647 2177 είς
672 2101 734 2183 τήν
761 2110 845 2167 ναῦν
867 2101 907 2166 τά
929 2103 1078 2186 χρήματα
1101 2101 1219 2168 καίνει

152 2207 330 2291 ὑποθήκην
353 2205 415 2272 οὐκ
433 2207 529 2289 ἔχων,
553 2199 626 2270 ἀλλ’
647 2203 700 2272 ἐπὶ
719 2216 788 2282 τοῖς
806 2204 897 2288 ἐμοῖς
913 2208 1078 2289 χρήμασιν
1097 2206 1167 2274 ἐπι-

154 2313 401 2396 δανεισάμενος·
433 2311 470 2378 έν
493 2313 655 2398 Βοσπόρῳ
680 2309 709 2376 δ’
738 2311 903 2392 ἀπρασίαν
927 2321 994 2376 τῶν
1015 2317 1167 2394 φορτίων

152 2418 326 2502 κατέλαβε,
357 2414 412 2483 καὶ
443 2419 522 2493 τοὺς
552 2418 592 2481 τά
620 2415 798 2501 ἑτερόπλοα
826 2418 1043 2494 δανείσαντας
1069 2422 1168 2502 μόλις

114 2545 140 2584 ιε
154 2524 348 2608 ἀπήλλαξεν.
393 2520 448 2588 καὶ
475 2517 573 2599 οὗτος
598 2519 660 2606 μὲν
688 2523 858 2588 ἐδάνεισεν
886 2521 974 2610 αὐτῷ
1002 2523 1167 2608 δισχιλίας

154 2631 302 2715 δραχμάς
320 2629 607 2713 ἀμφοτερόπλουν,
626 2622 703 2694 ὥστ’
721 2628 901 2712 ἀπολαβεῖν
917 2625 1077 2712 Ἀθήνησι
1094 2632 1166 2696 δισ-

152 2741 258 2824 χιλίας
291 2734 459 2814 ἑξακοσίας
491 2734 650 2818 δραχμάς·
690 2738 847 2818 Φορμίων
880 2732 920 2802 δέ
947 2752 1052 2817 φησιν
1084 2735 1166 2802 ἀπο

154 2845 273 2909 δοῦναι
291 2841 442 2926 Λάμπιδι
464 2840 501 2905 ἐν
519 2843 683 2927 Βοσπόρῳ
706 2838 824 2906 ἑκατὸν
845 2838 900 2906 καλ
923 2845 1028 2906 εἴκοσι
1048 2851 1166 2926 στατή-

153 2973 214 3034 ρας
237 2947 443 3031 Κυζικηνούς
470 2944 589 3034 (τούτῳ
617 2947 680 3031 γάρ
705 2945 880 3030 προσέχετε
902 2949 961 3012 τὸν
984 2945 1083 3032 νοῦν)
1107 2949 1166 3014 δα-

153 3055 347 3138 νεισάμενος
370 3052 506 3136 ἐγγείων
527 3054 643 3118 τόκων.
680 3047 766 3135 ἦσαν
785 3048 822 3116 δὲ
840 3054 971 3135 ἔφεκτοι
991 3052 1027 3118 οί
1042 3055 1165 3136 ἐγγειοι

153 3165 262 3243 τόκοι,
290 3159 308 3224 δ
336 3154 373 3224 δέ
395 3159 581 3242 Κυζικηνὸς
608 3157 748 3224 ἐδύνατο
776 3157 845 3224 ἐκεῖ
869 3164 974 3241 εἴκοσι
1001 3157 1055 3224 καὶ
1078 3159 1164 3226 ὀκτὼ

116 3285 141 3322 24
155 3266 302 3349 δραχμάς
321 3262 473 3341 Ἀττικάς.
511 3266 565 3330 δεῖ
586 3265 627 3347 δή
650 3270 774 3348 μαθεῖν
796 3263 881 3348 ὑμᾶς
903 3263 1069 3348 όσαφησλ
1088 3268 1165 3350 χρή·

154 3367 228 3454 ματ’
254 3368 510 3436 ἀποδεδωκέναι.
556 3380 623 3436 τῶν
650 3366 710 3454 μέν
736 3371 798 3454 γάρ
823 3369 938 3437 ἑκατὸν
961 3376 1065 3436 εἰκοσι
1088 3389 1165 3438 στα-

155 3475 265 3557 τήρων
288 3477 461 3557 γίγνονται
483 3478 659 3560 τρισχίλιαι
685 3479 866 3560 τριακόσιαι
888 3475 1061 3562 ἑξήκοντα,
1083 3476 1102 3543 δ
1126 3474 1164 3544 δέ
