2590 3900
443 163 537 214 RATA
555 162 821 215 Τεκοεεενονε.
974 176 977 181 ·
1071 159 1135 224 267

125 343 193 405 παρ
235 332 317 406 υμῖν
348 309 461 398 αὑτοῖς
494 316 519 387 ὑ
552 322 671 406 ἀνδρες
703 323 868 403 δικασταί,
900 324 936 385 τί
965 322 1088 387 δοῦλον
1115 319 1136 402 ή

126 425 310 511 ἐλεύθερον
333 422 419 492 εἶναι
442 425 608 511 διαφέρει,
631 436 730 493 τοῦτο
753 425 975 512 μέγιστονάν
998 425 1137 510 εὕροιτε,

126 532 177 597 ὅτι
204 543 276 610 τοῖς
298 529 359 617 μέν
382 533 516 609 δούλοις
536 534 574 598 τὸ
599 545 692 616 σῶμα
713 543 780 598 τῶν
803 532 1013 616 ἀδικημάτων
1036 531 1137 613 ἁπάν-

124 661 194 703 των
212 637 409 703 ὑπεύθυνόν
427 637 506 719 έστι,
529 649 599 714 τοῖς
618 633 648 703 δ’
671 635 861 722 ἐλευθέροις
878 637 1021 702 ὕστατον
1039 645 1136 702 τοῦτο
1156 649 1158 654 ’

125 746 286 830 προσήκει
313 745 471 822 κολάζειν.
517 744 552 808 οί
577 740 614 809 δὲ
639 743 837 809 τούναντίον
860 744 907 820 είς
928 744 969 808 τά
991 743 1138 827 σώμαθ’,

75 866 112 908 1⁶⁸
126 851 237 934 ὥσπερ
266 848 503 932 ἀνδραπόδοις,
532 849 727 934 ἐποιήσαντο
754 850 811 926 τδις
838 852 1004 933 τιμωρίας.
1050 849 1136 914 οὑτω

126 951 156 1021 δ’
189 955 313 1032 ἀνίσως
344 953 398 1020 καὶ
425 959 661 1032 πλεονεκτικῶς
687 958 761 1040 έσχε
788 956 871 1038 πρὸς
898 955 982 1039 ὑμᾶς
1004 952 1135 1036 Ἀνδρο-

125 1065 217 1144 τίων,
245 1061 329 1126 ὥστε
352 1061 411 1125 τὸν
434 1056 494 1144 μέν
518 1060 621 1126 αὑτοῦ
644 1059 755 1143 πατέρ’
783 1060 865 1149 ᾤετο
889 1061 971 1140 δεῖν,
995 1061 1136 1146 δημοσίᾳ

126 1161 258 1234 δεθέντ’
290 1163 343 1231 έπλ
370 1169 535 1251 χρήμασιν
563 1166 599 1232 έν
626 1174 671 1254 τῷ
701 1167 928 1254 δεσμωτηρίῳ,
956 1164 1029 1251 μήτ’
1058 1165 1158 1232 ἀπο·

127 1275 229 1339 δόντα
253 1280 356 1337 ταῦτα
378 1274 458 1357 μήτε
481 1266 628 1357 κριθέντ’
654 1272 856 1355 ἀποδρᾶναι,
879 1283 946 1337 τῶν
970 1269 1000 1336 δ’
1027 1273 1137 1337 ἀλλων

125 1383 272 1445 πολιτῶν
294 1376 353 1443 τὸν
376 1378 420 1461 μή
445 1378 635 1461 δυνάμενον
656 1378 697 1442 τδ
716 1376 836 1443 ἑαυτοῦ
853 1382 976 1458 θεῖναι,
1000 1383 1137 1443 οίιιοθεν

77 1499 113 1540 ²⁶⁹
128 1486 175 1561 είς
194 1485 233 1550 τδ
253 1484 479 1568 δεσμωτήριον
498 1477 638 1566 ἀχθένθ’
661 1479 718 1567 ὑφ’
741 1482 860 1549 ἑαυτοῦ
880 1482 1047 1548 δεδέσθαι.
1083 1481 1138 1549 καὶ

130 1589 335 1674 Τιμοκράτης
361 1600 429 1654 τῶν
456 1584 517 1673 μέν
539 1594 673 1654 πολλῶν
694 1588 789 1673 ἡμῶν
810 1592 897 1671 τότε,
926 1589 980 1654 ὅτε
1003 1590 1065 1672 τήν
1089 1591 1137 1654 δι-

126 1699 270 1761 πλασίαν
299 1693 523 1778 είσέπραττεν,
550 1689 625 1760 οὐδ’
649 1693 694 1759 δν
720 1691 798 1777 παρ’
825 1693 899 1772 ἑνὸς
921 1698 1036 1778 λαβεῖν
1058 1693 1137 1778 ήθέ-

127 1805 228 1884 λησεν
251 1800 420 1884 ἐγγυητάς,
444 1801 487 1885 μή
507 1799 601 1884 μέχρι
619 1809 677 1884 τῆς
696 1799 812 1882 ἐνάτης
830 1802 1039 1883 πρυτανείας,
1062 1798 1133 1866 ἀλλ’

127 1904 206 1973 οὐδὲ
229 1916 305 1991 μιᾶς
327 1905 460 1992 ἡμέρας,
484 1901 554 1972 ἀλλ’
577 1905 597 1989 ἢ
621 1908 720 1972 διπλᾶ
738 1907 778 1970 τά
796 1905 933 1990 χρήματ’
956 1907 1023 1971 έδει
1041 1929 1137 1971 κατα-

127 2014 263 2096 βάλλειν
276 2012 296 2096 ή
310 2021 508 2097 παραχρῆμα
523 2010 689 2077 δεδέσθαι.
712 2013 896 2096 παρεδίδου
910 2006 939 2077 δ’
958 2006 1055 2088 οὗτος
1067 2023 1137 2090 τοῖς

127 2117 255 2201 ἕνδεκα,
278 2119 337 2183 τὸν
361 2118 422 2183 οὐκ
445 2114 609 2202 ὠφληκότ’
632 2117 669 2183 έν
691 2125 737 2205 τῷ
761 2119 969 2206 δικαστηρίῳ.
1005 2126 1070 2182 νῦν
1093 2114 1124 2183 δ’
1138 2122 1189 2173 ⁷⁵³

128 2223 216 2300 ὅπως
239 2219 287 2290 ὧν
310 2222 352 2288 ἀν
374 2223 467 2307 ὑμεῖς
489 2221 669 2306 καταγνῶτ’
697 2224 808 2288 ἀδετοι
821 2214 1012 2306 περιίασιν,
1037 2223 1137 2288 ὑπεύ-

125 2335 239 2396 θυνον
262 2329 365 2396 αὑτὸν
380 2332 528 2413 ποιήσας
551 2332 656 2413 νόμον
679 2331 878 2412 εἰσενεγκεῖν
901 2328 1087 2413 ἐτόλμησεν.
1117 2367 1119 2375 ,

79 2451 115 2491 1⁷0
213 2433 298 2502 Ἀλλ’
327 2435 415 2520 ὅμως
435 2434 570 2500 κάκεῖνα
592 2433 647 2500 καλ
669 2435 747 2500 τάδε
770 2428 914 2519 φήσουσ’
937 2431 1020 2519 ὑπὲρ
1043 2435 1137 2518 ὑμῶν

127 2543 290 2625 πράττειν.
337 2536 406 2606 εἶτα
437 2537 536 2606 ταῦθ’
567 2540 661 2624 ὑμεῖς
690 2539 891 2618 ἀναδέξεσθε
921 2538 1016 2623 [ὑπὲρ
1044 2541 1137 2625 ὑμῶν

116 2651 341 2732 ’πεπρᾶχθαι],
363 2644 419 2712 καὶ
439 2649 481 2712 τά
502 2657 559 2730 τῆς
581 2647 709 2712 τούτων
731 2648 942 2730 θρασύτητος
961 2645 1016 2713 καί
1035 2667 1137 2729 πονη-

129 2757 202 2836 ρίας
232 2757 312 2837 έρχα
343 2753 455 2838 πράως
485 2759 605 2830 οἶσετες
638 2752 721 2818 ἀλλά
749 2764 857 2835 μισεῖν
885 2753 1032 2836 ὀφείλετε
1059 2756 1137 2830 τοὺς

128 2861 301 2937 τοιούτους
328 2854 354 2925 ὦ
383 2859 502 2944 ἀνδρες
521 2855 692 2943 Ἀθηναῖοι
718 2863 845 2942 μᾶλλον
866 2859 886 2942 ή
911 2859 1033 2946 σφ’ζειν.
1078 2860 1137 2925 τὸν

128 2967 191 3051 γάρ
218 2963 301 3050 ὑπέρ
329 2975 386 3050 τῆς
412 2968 538 3042 πόλεως
564 2965 749 3048 πράττοντά
774 2988 806 3028 τι
828 2963 882 3028 καὶ
905 2964 1021 3049 πράων
1043 2964 1137 3048 ὑμῶν

129 3073 335 3157 τευξόμενον,
359 3072 397 3137 τὸ
419 3081 476 3155 τῆς
494 3073 619 3148 πόλεως
637 3062 722 3154 ἦθος
740 3073 857 3155 έχοντα
876 3071 929 3136 δεῖ
944 3073 1136 3154 φαίνεσθαι.

83 3191 115 3232 ιιι
129 3187 226 3244 τοῦτο
250 3176 281 3243 δ’
308 3176 378 3244 ἐστὶ
399 3181 444 3255 τίς
473 3179 552 3254 τοὺς
574 3177 727 3254 ἀσθενεῖς
750 3177 867 3258 ἐλεεῖν,
896 3187 965 3252 τοῖς
989 3177 1137 3260 ίσχυροῖς

128 3281 182 3348 καὶ
211 3284 409 3368 δυναμένοις
436 3283 479 3368 μή
505 3279 685 3368 ’πιτρέπειν
712 3281 871 3365 ὑβρίζειν,
903 3281 943 3347 οὐ
971 3285 1048 3358 τοὺς
1076 3278 1137 3366 μέν

129 3393 271 3466 πολλοὺς
295 3389 390 3474 ὠμῶς
412 3392 704 3473 μεταχειρίζεσθαι,
728 3389 919 3454 κολακεύειν
942 3383 979 3452 δὲ
1002 3388 1061 3452 τὸν
1084 3386 1139 3451 ἀεί

130 3518 159 3558 τι
192 3497 360 3561 δύνασθαι
392 3496 563 3560 δοκοῦντα.
608 3492 626 3558 δ
659 3496 701 3559 σὺ
732 3482 837 3570 ποιεῖς
866 3488 893 3557 ὦ
924 3494 1134 3575 Τιμόκρατες·
1172 3511 1173 3518 “

1057 3829 1064 3839 .
1153 3789 1282 3854 Α
