2616 3910
451 141 551 194 upon
569 140 818 196 αεσνινιεοα.
1077 138 1143 206 479

135 303 257 367 Αἰσίου
284 302 381 386 δίκην
409 299 552 382 ἑλόντες,
583 295 654 365 ἀλλ’
685 299 770 385 ἡμᾶς
795 302 836 365 τά
862 297 1006 385 ἡμέτερ’,
1034 301 1144 384 ὥσπερ

134 406 204 474 ἐστὶ
227 409 368 490 δίκαιον,
392 407 450 472 ἐάν
473 410 572 491 ἔχειν·
597 405 618 471 ά
640 403 695 471 καί
719 405 799 490 ὑμῖν
820 406 910 471 ἐστιν
928 403 978 472 ἐπ’
1001 406 1145 493 ὠφελείᾳ

134 516 258 597 μείζονι
281 510 358 596 παρ’
385 512 465 598 ήμῑν
487 505 556 578 ὅντ’
582 510 603 595 ή
626 513 715 597 παρά
738 512 883 600 τούτοις,
906 509 962 578 καὶ
985 513 1145 578 δικαιότε-

135 641 197 703 ρον
219 621 328 703 δήπου
350 619 390 683 τά
412 616 553 703 ἡμέτερα
574 618 659 702 ήμᾶς
682 616 772 682 ἐστιν
794 619 882 702 ἔχειν
904 616 925 702 ή
947 618 1095 696 τούτους.

225 725 296 790 Ούκ
318 719 383 790 οἶδ’
409 725 428 789 ὅ
451 747 483 789 τι
506 725 560 788 δεῖ
579 727 681 789 πλείω
705 722 828 806 λέγειν·
861 718 952 808 οίμαι
973 725 1037 809 γάρ
1059 723 1145 807 ὑμᾶς

135 827 235 896 οὐδέν
258 829 392 914 άγνοείν
414 840 482 896 τῶν
505 827 697 915 είρημένων.
734 826 828 914 ἐξέρα
849 830 887 895 τὸ
910 828 1011 914 ύδωρ.

567 1197 714 1266 XXXIX.

135 1356 276 1434 ΠΡΟΣ
302 1356 538 1434 ΒΟΙΩΤΟΝ
564 1347 691 1433 ΠΕΡΙ
713 1357 820 1434 ΤΟΥ
844 1355 1142 1434 ΟΝΟΜΑΤΟΣ.

538 1527 737 1582 ωΠοοεΣιΣ.

223 1638 375 1716 Μαντίας,
397 1631 440 1710 είς
457 1647 515 1700 τῶν
533 1637 787 1718 πολιτευσαμένων
803 1632 960 1718 Ἀθήνησι,
977 1637 1073 1719 γήμας
1090 1662 1144 1719 γυ-

134 1744 225 1799 ναῖκα
246 1735 320 1798 κατά
342 1734 413 1808 τούς
435 1735 547 1814 νόμους
565 1734 598 1798 έκ
617 1737 725 1816 ταύτης
743 1729 826 1797 παῖδ’
847 1734 986 1814 ἐκτήσατο
1004 1733 1056 1795 τδν
1073 1734 1145 1797 νυνδ

135 1832 335 1914 δικαζόμενον.
373 1827 496 1918 προσῄει
519 1830 552 1894 δέ
573 1856 631 1895 τινι
653 1831 805 1912 Πλαγγόνι
826 1825 891 1892 κατ’
916 1830 1058 1911 ἐρωτικήν
1081 1831 1144 1893 ἔπι-

134 1931 260 2010 θνμίαν,
278 1923 391 2012 Ἀττική
409 1927 538 2008 γυναικί.
574 1928 682 2005 ταύτης
701 1922 749 1990 δύ’
769 1926 1065 2009 υίεῖςάνδρωθέντες
1083 1928 1144 1990 έδι-

133 2028 256 2099 κάζοντο
277 2031 319 2110 τῷ
342 2025 483 2108 Μαντίμ,
505 2021 619 2085 ἑαυτῶν
641 2017 719 2085 εἶναι
740 2021 850 2106 πατέρα
872 2025 1049 2102 φάσκοντες·
1074 2023 1090 2086 δ
1115 2019 1141 2086 δ’

134 2120 292 2202 ἀντέλεγεν.
323 2114 411 2194 ἔπειτ’
430 2119 630 2200 ἀναλαμβάνει
648 2119 718 2194 τούς
735 2121 845 2194 παῖδας
863 2119 1062 2202 ἀναγκασθείς
1080 2116 1133 2183 ἀπ’
1145 2139 1196 2188 994

106 2218 213 2291 είδίας
237 2217 438 2300 προκλήσεως,
464 2215 505 2296 ήν
527 2215 692 2296 ἀπατηθεὶς
714 2216 880 2297 ἐποιήσατο.
925 2217 1143 2299 προύκαλέσατο

134 2313 188 2396 μὲν
214 2314 271 2396 γάρ
293 2313 348 2393 τήν
370 2309 522 2394 Πλαγγόν’
547 2311 654 2394 ὀμόσαι
674 2313 741 2396 περὶ
763 2323 823 2377 τῶν
844 2315 974 2394 παίδων,
1002 2315 1029 2376 εί
1050 2313 1144 2389 ὅντως

133 2411 208 2475 είσὶν
226 2411 255 2486 ἐξ
275 2411 378 2490 αύτού,
400 2409 612 2491 ὑποσχόμενος,
633 2410 661 2471 εί
677 2407 821 2490 όμόσειεν,
840 2411 976 2492 ἐμμενεῖν
994 2417 1034 2496 τῷ
1052 2411 1143 2498 ὅρκῳ·

133 2507 351 2591 προύκαλέσατο
375 2501 403 2569 δ’
424 2506 588 2587 ἀπατηθεὶς
610 2503 651 2580 ὡς
674 2505 711 2568 ού
734 2506 891 2587 δεξομένης
911 2508 963 2570 τδν
982 2507 1073 2593 ὅρκον
1089 2517 1144 2588 τῆς

133 2604 286 2686 γυναικός·
311 2601 385 2685 ύτιέρ
407 2605 515 2666 τούτου
536 2604 592 2687 γάρ
615 2603 665 2665 καὶ
687 2605 799 2684 μισθὸν
823 2603 898 2690 αύτή
921 2605 1030 2688 συχνὸν
1052 2606 1143 2688 ἐπηγ-

25 2755 30 2768 ,
131 2701 255 2784 γείλατο.
299 2697 340 2773 ὡς
367 2698 401 2762 δέ
427 2718 521 2779 φησιν
548 2699 564 2762 δ
592 2701 644 2764 τδν
671 2701 759 2782 λόγον
782 2700 889 2783 λέγων,
916 2702 967 2764 καί
989 2699 1144 2785 ὠμωμόκει

132 2795 152 2878 ή
176 2796 323 2879 Πλαγγδον
346 2797 426 2884 αύτῷ
449 2799 547 2884 λάθρᾳ
573 2803 802 2884 προτεινόμενον
829 2803 881 2866 τδν
908 2803 998 2885 ὅρκον
1027 2801 1067 2882 μή
1095 2801 1142 2864 δέ·

132 2897 245 2970 ξεσθαι.
289 2891 547 2977 προκαλεσαμένου
579 2897 682 2957 τοίνυν
713 2896 872 2975 παραβᾶσα
902 2893 955 2967 τάς
987 2895 1143 2974 συνθήκας

132 2991 243 3073 δέχεται
265 2990 317 3053 τδν
340 2990 439 3073 ὅρκον.
478 2990 529 3052 καί
551 2991 628 3054 ούτω
651 2988 706 3070 μέν
728 2989 919 3072 ἀναγκάζεται
940 2992 1010 3064 τούς
1033 2993 1153 3066 παῖδας-

4 3145 5 3156 ,
106 3089 306 3170 ιάναλαβεῐν,
334 3089 404 3168 μετά
431 3097 517 3151 τούτο
545 3087 577 3150 δὲ
604 3089 812 3166 τετελεύτηκεν.
857 3085 873 3148 δ
901 3087 1006 3150 τοίνυν
1032 3087 1065 3151 ἐκ
1089 3099 1144 3169 τῆς

131 3185 213 3272 νόμιμ
243 3188 430 3266 γαμηθείσης
460 3185 602 3267 γυναικός
633 3191 703 3257 παῖς
735 3184 881 3256 δικάζεται
902 3190 942 3269 τῷ
970 3183 1056 3270 ἑτέρω
1083 3193 1143 3247 τῶν

130 3277 363 3361 εἰσποιηθέντων
394 3280 462 3364 περὶ
492 3290 545 3344 τού
577 3280 737 3362 ὀνόματος,
767 3280 875 3362 λέγων.
891 3281 983 3342 αύτδν
1009 3281 1144 3344 Βοιωτδν

129 3385 285 3442 καλεῖσθαι
316 3378 492 3460 προσήκειν,
523 3378 593 3460 ὅπερ
625 3377 655 3453 ἐξ
687 3375 778 3459 ἀρχῆς
810 3376 988 3457 ὠνομάζετο,
1019 3378 1068 3438 καὶ
1100 3377 1141 3458 μή

130 3477 323 3538 Μαντίθεον·
355 3485 441 3537 τοῦτο
473 3473 529 3554 γάρ
562 3469 642 3559 αύτῷ
671 3474 750 3556 παρά
777 3484 830 3537 τοῦ
858 3473 966 3554 πατρὸς
993 3472 1023 3547 ἐξ
1051 3473 1142 3553 ἀρχῆς
