2590 3900
188 174 254 239 228
492 179 588 232 xm.
611 178 891 232 ΔΗυοΣοεαοοε

147 354 174 395 ιο
187 351 279 401 σεται
305 337 367 421 τήν
393 339 501 403 πόλιν.
545 340 653 404 καίτοι
679 349 749 415 πῶς
777 337 818 403 οὐ
846 339 974 422 δεινόν,
1002 339 1115 406 είδότα
1139 334 1201 424 μὲν

184 443 265 519 τοὺς
295 444 434 526 νόμους,
468 437 515 510 ὧν
547 443 648 531 ὀλίγῳ
679 447 842 529 πρότερον
873 445 993 522 πάντες
1024 444 1199 528 ήκούσατε,

186 550 324 633 κυρίους
347 549 456 633 ὄντας,
479 551 591 617 εἰδότα
614 544 644 615 δ’
667 550 729 617 οὐκ
752 548 852 616 έῶνθ’
875 550 990 636 ἕτερον
1011 553 1119 634 νόμον
1136 553 1200 634 ψή-

185 648 283 739 φισμ’
312 651 429 740 οὐδέν,
456 651 530 722 οὐδ’
557 653 599 721 δν
626 658 769 740 ἔννομον
796 647 834 742 ᾖ,
862 660 969 742 νόμου
996 658 1200 742 κυριώτερον

186 754 284 843 εἶναι,
307 759 510 846 γράψαικαὶ
533 768 646 827 θεῖναι
668 764 775 847 νόμον
796 762 877 846 ὑμίν
900 764 982 830 κατά
999 757 1156 847 ψήφισμ’,
1180 761 1199 828 δ

145 881 173 922 ³1
186 863 242 932 καὶ
265 867 346 933 αὐτὸ
369 867 458 951 παρὰ
480 869 559 944 τοὺς
581 868 706 951 νόμους
726 867 902 953 εἰρημένον
920 865 1008 954 ήδεις
1032 867 1053 952 ή
1071 879 1141 946 πῶς
1158 867 1200 935 οὐ
1278 939 1279 942 ,

187 971 349 1057 σχέτλιον,
367 974 429 1056 τήν
447 968 508 1056 μέν
526 975 624 1041 πόλιν
641 972 735 1057 ἡμῶν
749 972 873 1064 ε’κάστφ
888 972 1069 1040 δεδωκέναι
1083 975 1201 1040 ἀδειαν

185 1087 247 1144 τοῦ
270 1080 315 1163 μή
337 1102 369 1144 τι
391 1085 515 1146 παθεῖν
538 1075 637 1164 ἀηδές
658 1078 679 1162 ή
703 1080 816 1146 δεινὸν
839 1079 876 1146 έν
897 1082 1004 1168 τούτῳ
1024 1087 1070 1168 τῷ
1088 1083 1200 1170 χρόνῳ

185 1187 373 1269 ποιήσασαν
397 1185 600 1270 ἱερομηνίαν,
625 1184 731 1268 αὐτήν
754 1183 791 1250 δὲ
814 1185 858 1269 μή
881 1185 1093 1270 τετυχηκέναι
1112 1187 1191 1252 ταύ-
1201 1200 1249 1250 710

185 1313 244 1376 της
270 1298 328 1375 τής
354 1289 536 1374 ἀσφαλείας
562 1291 650 1374 παρὰ
683 1291 923 1376 Τιμοκράτους,
952 1287 1024 1358 ἀλλ’
1052 1291 1089 1358 έν
1115 1291 1200 1379 αὐτῇ

185 1405 226 1481 τῇ
259 1395 433 1483 ἱερομηνία
463 1397 504 1462 τδι
535 1392 661 1480 μέγιστ’
691 1397 888 1481 ήδικήσθαις
920 1400 956 1463 τί
984 1399 1049 1484 γὰρ
1081 1399 1123 1465 ἀν
1149 1421 1200 1476 τις

186 1504 298 1588 μεῖζον
320 1499 453 1585 ήδίκησ’
474 1503 608 1588 ἰδιώτης
628 1501 724 1587 ἀνήρ,
748 1502 768 1588 ή
786 1504 961 1570 καταλύων
978 1507 1058 1583 τοὺς
1074 1507 1201 1590 νόμους

186 1607 302 1691 αὐτῆς,
327 1606 370 1673 δι’
398 1603 446 1674 ὧν
469 1611 620 1688 οίκείται;

147 1728 173 1769 ⁸²
266 1711 338 1780 Ὅτι
360 1710 421 1798 μέν
443 1718 559 1781 τοίνυν
583 1711 685 1781 οὐδὲν
707 1709 756 1782 ὧν
778 1714 927 1802 προσήκέ
945 1739 981 1782 τε
1008 1714 1064 1782 καὶ
1088 1716 1201 1784 κελεύ-

187 1817 260 1886 ουσ’
287 1820 323 1885 οί
341 1822 441 1904 νόμοι
462 1824 651 1905 πεποίηκεν,
675 1823 722 1897 είς
744 1822 785 1887 τὰ
806 1820 1031 1906 προειρημένα
1051 1845 1101 1900 τις
1123 1839 1200 1890 σκο

186 1936 260 1992 τῶν
282 1924 325 1990 ἀν
346 1928 452 2011 γνοίη.
490 1926 541 1992 ὅτι
563 1925 594 1993 δ’
621 1927 663 1994 οὐ
686 1929 791 2012 μόνον
814 1928 896 1993 κατὰ
917 1925 1007 1994 τοῦτ’
1030 1927 1145 2010 ἀδικεῖ,
1169 1931 1203 1996 εί

186 2033 338 2117 παραβὰς
363 2034 423 2098 τὸν
451 2034 574 2116 χρόνον
596 2034 655 2099 τὸν
678 2032 804 2099 ἐκτῶν
826 2036 956 2117 νόμων,
982 2030 1038 2100 καὶ
1060 2034 1097 2099 τὸ
1120 2037 1201 2118 βου-

187 2139 374 2205 λεύσασθαι
395 2135 451 2204 καί
474 2137 662 2216 σκέψασθαι
684 2136 760 2225 περὶ
782 2139 911 2205 τούτων
929 2139 1015 2224 ὑμᾶς
1033 2145 1201 2217 παντελῶς

188 2245 332 2328 ἀνελών,
360 2243 462 2329 οὔσης
490 2245 681 2328 ἱερομηνίας
708 2244 915 2330 ἐνομοθέτει,
943 2245 1027 2312 ἀλλά
1048 2242 1103 2312 καὶ
1124 2243 1197 2312 κατ’

188 2344 299 2433 ἐκεῖν’,
327 2350 379 2416 ὅτι
401 2359 503 2416 πᾶσιν
525 2349 678 2416 έναντίου
701 2352 910 2436 εἰσενήνοχεν
931 2361 1003 2430 τοίς
1025 2345 1123 2418 οὖσιν
1144 2354 1201 2419 νδ

188 2482 276 2544 μοις,
301 2456 418 2522 αὐτίκα
441 2456 484 2540 δή
508 2449 583 2540 μάλ’
609 2456 754 2541 ἀκριβῶς
775 2460 980 2542 μαθήσεσθε.
1026 2457 1202 2542 ἀνάγνωθι
1278 2479 1279 2484 ’

188 2562 229 2630 δέ
248 2587 306 2647 μοι
328 2563 441 2646 λαβὼν
463 2559 597 2628 τουτονὶ
620 2573 753 2648 πρῶτον
775 2564 835 2629 τὸν
856 2566 979 2649 νόμον,
1004 2563 1042 2643 δς
1065 2565 1202 2650 διαρρή-

189 2671 253 2754 δην
279 2669 342 2734 οὐκ
366 2669 404 2756 έᾷ
428 2671 535 2752 νόμον
558 2665 668 2735 οὐδέν’
695 2669 847 2736 ἐναντίον
870 2668 1053 2754 εἰσφέρειν,
1081 2669 1141 2736 έάν
1162 2669 1203 2738 δέ

187 2798 238 2854 τις
260 2774 398 2861 είσφέρη
420 2777 612 2861 γράφεσθαι
633 2775 768 2842 κελεύει.
803 2775 1040 2860 ἀναγίγνωσκε.

624 2933 761 2988 ΝΟΜΟΣ.

149 3045 174 3086 ³³
279 3040 347 3100 Τῶν
379 3033 412 3100 δὲ
442 3036 544 3116 νόμων
575 3044 634 3098 τῶν
660 3033 803 3116 κειμένων
830 3035 870 3117 μή
898 3034 1006 3110 ἐξεῖναι
1032 3041 1119 3100 λῦσαι
1144 3061 1202 3118 μη-

234 3132 321 3214 δένα,
343 3132 396 3196 έδιν
419 3132 460 3213 μή
483 3132 516 3195 έυ
538 3130 725 3214 νομοθέταις.
764 3132 828 3195 τότε
850 3128 878 3194 δ’
902 3133 1011 3210 ἐξεῖναι
1032 3141 1071 3221 τῷ
1095 3137 1203 3216 βουλο-

235 3230 314 3318 μένῳ
335 3227 506 3311 Ἀθηναίων
528 3231 620 3309 λύειν,
643 3228 741 3311 ἕτερον
763 3227 876 3292 τιθέντι
895 3226 969 3293 ἀνθ’
989 3231 1060 3296 ὅτου
1078 3229 1117 3294 διν
1135 3233 1203 3320 λύη.

236 3329 467 3410 διαχειροτονίαν
490 3325 522 3388 δὲ
544 3333 641 3390 ποιεῖν
659 3328 729 3402 τοὺς
747 3325 911 3410 προέδρους
928 3328 996 3410 περὶ
1013 3329 1125 3392 τούτων
1143 3339 1204 3392 τῶν

236 3424 348 3504 νόμον,
368 3433 485 3506 πρῶτον
503 3421 558 3503 μέν
575 3417 713 3505 περί-ταῶ
731 3423 879 3504 κειμένου,
896 3426 925 3488 εἰ
941 3426 1027 3488 δοκεῖ
1039 3426 1204 3508 ἐπιτήδειος

237 3513 314 3580 εἶναι
335 3526 375 3604 τῷ
394 3521 478 3606 δήμῳ
495 3525 535 3606 τῷ
552 3516 723 3599 Ἀθηναίων
741 3520 762 3600 ή
780 3519 829 3601 οὔ,
851 3521 949 3586 ἔπειτα
965 3523 1033 3606 περὶ
1051 3534 1103 3587 τοῦ
1122 3532 1204 3589 τιθε-
