2614 3904
494 206 594 258 ΠΡΟΣ
612 206 770 258 ΔΦΟΒΟΝ.
1067 202 1130 266 357

122 376 305 448 σκοπῶμεν.
350 365 411 450 οὐχ
443 367 493 430 ὅτι
520 377 587 430 τῶν
613 365 788 449 χρημάτων
816 359 888 430 οὐδ’
921 363 1033 429 ὁτιοῦν
1062 359 1132 429 οίδε

122 479 242 535 τοῦτον
265 474 395 556 ἔχοντα;
420 470 474 535 καὶ
498 472 539 554 δή
563 470 658 554 λέγει.
697 472 752 537 διά
775 469 864 536 τοῦτ’
892 468 943 553 ἀρ’
967 470 1028 534 οὐκ
1051 472 1131 554 ἔχεις

121 580 247 641 πολλοῦ
274 600 311 659 γε
339 574 393 640 καὶ
422 577 487 641 δεῖ·
515 578 593 654 τοὺς
620 578 683 659 γάρ
707 577 835 652 εἰδότας
858 574 913 641 καὶ
936 577 1056 652 δόντας
1077 571 1133 640 καὶ

112 676 288 766 ’παρόντας
307 683 474 766 μάρτυρας
491 684 704 765 παρεσχόμην
722 682 794 764 ἐγώ.
826 682 1003 765 τεκμήριον
1023 677 1134 747 δὲκαὶ

121 791 229 864 πίστις
247 786 348 869 ἐστίν,
368 787 429 852 οὐκ
448 793 481 853 εί
495 790 545 864 τίς
562 811 594 853 τι
613 789 656 872 μή
677 783 747 853 οἶδε
765 797 886 854 τοῦτον
905 789 1022 872 ἔχοντα
1039 785 1133 874 (πολ-

78 915 106 952 ιι
122 892 175 959 λοί
198 895 261 977 γάρ
285 892 326 958 ἀν
350 888 443 976 εἷεν),
467 890 538 958 ἀλλ’
561 899 594 958 εί
613 889 785 970 τιςοίδεν.
821 894 1133 979 καταμαρτυρησάν-

120 1023 189 1064 των
212 1004 328 1065 τοίνυν
350 999 520 1065 τοσούτων
544 1016 606 1064 σον
629 1001 817 1083 μαρτύρων,
841 1003 908 1064 τίνι
926 1009 993 1063 τῶν
1011 1000 1133 1077 ψευδο-

122 1117 312 1190 μαρτυριῶν
330 1105 517 1189 ἐπεσκήψω
539 1104 655 1183 δεῖξον.
689 1103 759 1171 ἀλλ’
779 1105 840 1170 οὐκ
859 1103 901 1170 ἀν
919 1107 1005 1189 ἐχοις
1020 1105 1133 1184 δείξαι.

121 1216 228 1278 καίτοι
250 1223 319 1288 πῶς
342 1212 384 1277 οὐ
407 1221 521 1292 σαφῶς
544 1214 586 1276 σὺ
611 1211 734 1276 σαυτὸν
757 1209 950 1295 ἐξελέγχεις,
981 1211 1031 1276 ὅτι
1053 1211 1133 1288 ψεύ-
1184 1255 1186 1259 ,

122 1318 173 1382 δει
200 1319 293 1383 δεινά
319 1316 526 1382 πεπονθέναι
553 1317 692 1400 φάσκων
718 1314 773 1381 καὶ
800 1317 862 1400 τήν
891 1318 988 1399 δίκην
1011 1315 1133 1393 ἀδίκως

122 1421 310 1508 ὠφληκέναι
346 1424 405 1488 τὸν
443 1423 625 1504 ἀνθρωπον
662 1421 702 1487 οὐ
734 1424 950 1506 παραλαβών,
987 1421 1023 1498 ὃς
1054 1425 1133 1498 τοὺς

120 1539 224 1594 ταῦτα
247 1532 519 1615 μαρτυρήσαντας
542 1531 629 1613 ἔχειν
650 1545 687 1593 σε
705 1526 761 1593 καλ
780 1530 904 1611 λαβεῖν,
927 1525 1003 1612 περὶ
1022 1522 1070 1592 ὧν
1089 1528 1134 1604 ὡς

122 1635 163 1700 οὐ
194 1633 485 1718 καταλειφθέντων
514 1637 557 1699 σὺ
584 1635 643 1699 τὸν
670 1635 808 1698 Μιλύαν
835 1631 972 1720 ἐξῄτεις,
1005 1633 1134 1717 ἀφῆκας

121 1752 188 1806 τῶν
206 1742 518 1825 ψευδομαρτυριῶν;
543 1738 602 1816 οὓς
620 1742 707 1805 πολὺ
725 1741 862 1804 κάλλιον
880 1733 932 1820 ήν,
952 1745 1044 1819 είπερ
1062 1738 1133 1820 ήδί·

120 1864 215 1930 κησο,
240 1846 380 1911 διώκειν.
427 1842 497 1911 ἀλλ’
526 1845 587 1910 οὐκ
610 1843 808 1929 ἠδικημένος
830 1854 1057 1928 συκοφαντεῖς.

78 1973 107 2012 ω
211 1953 429 2036 Πολλαχόθεν
457 1947 518 2034 μὲν
542 1946 604 2017 οὖν
627 1952 669 2015 ἀν
691 1975 741 2027 τις
764 1952 831 2016 ίδοι
854 1951 915 2034 τήν
938 1951 1002 2033 σήν
1024 1960 1184 2034 πονηοεόῖ

122 2061 209 2143 ρίαν,
233 2059 372 2142 μάλιστα
397 2054 427 2122 δ’
450 2059 481 2122 εί
502 2055 576 2143 περὶ
597 2067 654 2141 τής
673 2058 836 2140 διαθήκης
855 2055 1036 2122 ἀκούσειεν.
1072 2066 1134 2121 τοῦ

121 2164 184 2247 γὰρ
203 2165 325 2248 πατρὸς
344 2159 369 2228 ὦ
389 2163 509 2246 ἀνδρες
528 2160 678 2228 δικασταὶ
695 2163 736 2226 τά
753 2161 1017 2246 καταλειφθέντα
1033 2159 1128 2226 πάντ’

122 2269 159 2333 ἐν
182 2277 221 2354 τη
246 2270 391 2352 διαθήκη
415 2269 614 2353 γράψαντος,
637 2267 693 2333 καὶ
711 2269 770 2333 τὸν
789 2264 882 2334 οἷκον
901 2267 989 2344 ὅπως
1007 2269 1132 2352 μισθώ-

122 2392 235 2458 σουσι,
262 2374 385 2458 ταύτην
413 2371 474 2459 μὲν
502 2375 563 2441 οὐκ
587 2373 770 2449 ἀπέδωκεν,
799 2375 920 2458 ἵναμή
944 2376 980 2440 τὸ
1004 2379 1133 2456 πλῆθος

122 2478 248 2565 εὕροιμ’
272 2480 336 2562 ἐγὼ
359 2491 426 2544 τῶν
449 2481 625 2565 χρημάτων
644 2478 676 2557 ἐξ
696 2479 806 2562 αὐτῆς,
830 2481 992 2563 ὡμολόγει
1013 2477 1049 2544 δὲ
1070 2483 1133 2560 [κε-

121 2589 279 2670 κτῆσθαι]
304 2597 418 2668 ταῦτα,
441 2585 461 2650 ἀ
485 2580 613 2670 μάλιστ’
635 2585 696 2670 οὐχ
720 2577 793 2651 οἷόν
816 2584 844 2650 τ’
866 2581 909 2668 ήν
932 2585 1056 2674 ἐξάρνφ
1080 2608 1133 2668 γε·

79 2715 107 2754 ιε
121 2691 242 2758 νέσθαι
271 2692 327 2756 διά
353 2693 414 2776 τήν
442 2691 667 2776 περιφάνειαν.
713 2686 756 2775 ήν
783 2687 820 2756 δὲ
847 2689 946 2756 ταῦθ’
973 2690 993 2756 δ
1016 2693 1133 2777 γεγρά-

122 2805 209 2884 φθαι
237 2794 340 2882 φησὶν
368 2788 405 2862 ἐν
432 2807 471 2882 τῇ
495 2798 655 2883 διαθήκη,
684 2797 746 2862 δύο
770 2793 830 2880 μὲν
853 2797 996 2862 τάλαντα
1020 2805 1133 2882 Λημο-

122 2915 237 2988 φῶντα
270 2906 384 2986 λαβεῖν
414 2903 533 2985 εὐθύς,
566 2905 627 2986 τήν
655 2901 684 2968 δ’
718 2901 867 2986 ἀδελφήν
895 2903 975 2968 όταν
1001 2902 1133 2986 ήλικίαν

121 3013 177 3094 ἔχη
206 3010 318 3094 (τοῦτο
347 3006 377 3074 δ’
406 3013 540 3094 ἔμελλεν
569 3012 615 3086 είς
642 3013 714 3086 ἐτος
741 3008 879 3074 δέκατον
907 3010 1132 3096 γενήσεσθαι),

121 3125 240 3182 τοῦτον
270 3112 299 3180 δ’
327 3115 532 3199 ὀγδοήκοντα
555 3125 638 3199 μνᾶς
660 3113 715 3181 καὶ
738 3115 799 3198 τήν
822 3114 944 3199 μητέρα
966 3117 1027 3198 τήν
1051 3116 1133 3200 ἐμήν

119 3220 175 3287 καὶΙ
207 3223 267 3306 τήν
301 3223 409 3286 οίκίαν
442 3223 562 3304 οἰκεῖν,
596 3223 807 3306 Θηριππίδην
840 3215 870 3285 δ’
906 3219 1133 3305 ἑβδομήκοντα

121 3337 205 3412 μνᾶς
229 3328 372 3411 λαβόντα
395 3329 650 3410 καρπώσασθαι,
674 3325 754 3403 τέως
777 3325 860 3410 ἀνήρ
884 3331 1051 3410 γενοίμην.
1093 3328 1132 3392 τά

122 3430 153 3498 δ’
185 3429 257 3499 ἀλλ’
287 3427 337 3498 ὅσ’
368 3429 440 3517 ἐμοὶ
472 3430 572 3516 χωρὶς
603 3433 730 3497 τούτων
762 3435 978 3515 κατελείφθη,
1010 3431 1063 3496 καὶ
1094 3433 1131 3495 τὸ

121 3545 270 3625 μισθοῦν
293 3541 352 3604 τὸν
374 3535 467 3605 οἷκον
485 3539 644 3623 ήφάνιζεν
664 3539 699 3604 ἐκ
716 3546 774 3620 τῆς
793 3539 965 3620 διαθήκης,
991 3537 1031 3600 οὐ
1050 3551 1131 3609 συμ-
