2938 4180
259 143 322 210 186
557 149 657 201 xxm.
680 145 961 200 Διυιονωεεοεε

256 303 415 392 σοιςπέρ
443 305 512 373 ἐστι
539 303 594 373 καλ
620 305 759 390 ἡτισοῦν
786 306 976 393 εὐεργεσίας
996 308 1164 390 πρόφασις
1185 306 1271 390 πρὸς

254 411 349 496 ὑμᾶς,
373 415 405 479 εί
422 414 602 500 Χαριδήμῳ
625 414 756 495 δώσετε,
780 404 865 495 οἷον,
889 413 920 478 εί
938 415 1115 496 βούλεσθε,
1139 414 1272 494 Σίμων,

255 519 405 603 Βιάνωρ,
434 513 680 603 Ἀθηνόδωρος,
712 518 807 586 άλλοι
837 520 960 602 μυρίοι.
1007 518 1039 583 εί
1063 513 1125 601 μὲν
1151 521 1273 582 τοίνυν

254 633 336 689 πᾶσι
362 625 582 708 ψηφιούμεθα
608 631 726 706 ταῦτα,
754 626 899 708 λήσομεν
924 623 970 700 ὡς
992 625 1079 688 ἔοικε
1101 626 1272 708 μισθοφό-

256 753 325 815 ρων
353 733 452 815 ἔργον
481 728 670 815 ἀνθρώπων
698 739 886 811 ποιοῦντες,
913 729 976 812 τήν
1001 727 1141 795 ἑκάστου
1163 747 1272 814 σωτη-

256 839 332 920 ρίαν
354 835 482 900 τούτων
504 837 785 920 δορυφοροῦντες·
809 836 841 901 εί
857 831 895 902 δὲ
913 843 958 922 τρλ
978 833 1051 919 μὲν,
1073 847 1143 913 τοῖς
1161 833 1191 902 δ’
1215 835 1270 918 ού,

204 959 242 999 1²4
256 942 391 1018 δικαίως
414 940 612 1024 ἐγκαλοῦσιν
635 941 671 1007 oc
690 942 734 1025 μή
757 943 920 1025 τυχόντες.
968 934 1056 1026 φέρ’,
1082 940 1141 1008 ἐὰν
1164 940 1201 1008 δὲ
1225 943 1269 1026 δή

254 1045 311 1114 καὶ
337 1045 569 1131 Μενέστρατος
600 1045 685 1130 ἡμᾶς
717 1043 943 1132 δἘρετριεδς
969 1045 1059 1126 ἀξιοῖ
1082 1055 1185 1114 ταῦτα
1212 1047 1270 1114 καὶ

255 1154 344 1241 αὑτῷ
369 1156 597 1237 ψηφίσασθαι,
626 1151 646 1235 ή
673 1153 827 1230 Φάύλλος
850 1151 868 1218 ό
894 1156 1030 1230 Φωκεὺς
1052 1154 1074 1236 ή
1096 1177 1145 1231 τις
1168 1155 1270 1232 ἄλλος

256 1259 421 1342 δυνάστης
443 1258 592 1343 (πολλοῖς
615 1254 651 1324 δὲ
675 1260 784 1343 δήπου
807 1259 863 1326 διδ
881 1260 1018 1343 καιρούς
1035 1283 1128 1328 τινας
1146 1262 1269 1326 πολλά-

254 1389 306 1444 κις
329 1369 422 1450 φίλοι
444 1364 657 1450 γιγνόμεθα),
686 1368 827 1449 πότερον
848 1367 1069 1450 ψηφιούμεθα
1092 1369 1221 1449 [πᾶσιν]
1246 1365 1268 1452 ή

256 1472 311 1552 οὒς
339 1472 558 1555 ψηφιούμεθα
585 1472 627 1555 νή
651 1473 727 1536 Δία.
773 1469 829 1536 καὶ
855 1473 891 1536 τί
915 1473 1066 1556 φήσομεν
1093 1467 1119 1538 ὦ
1146 1473 1268 1558 ἄνδρες

252 1571 425 1662 Ἀθηναῖοι
445 1579 559 1660 καλόν,
583 1579 615 1644 εί
630 1588 698 1644 τῶν
716 1573 884 1660 Ἑλλήνων
904 1574 953 1642 ἐπ’
976 1576 1150 1664 ἐλευθερίᾳ
1168 1601 1267 1665 προε-

256 1686 373 1751 στάναι
399 1684 599 1769 φάσκοντες,
626 1685 705 1762 τοὺς
733 1683 802 1770 ίδίμ
830 1683 987 1766 δυνάμεις
1015 1682 1068 1750 ἐπὶ
1082 1667 1164 1762 ιτοῖς
1185 1688 1267 1770 πλή-

204 1806 243 1846 1²⁶
256 1798 355 1857 θεσιν
377 1788 596 1875 κεκτημένους
619 1790 888 1876 δορυφοροῦντες
911 1789 1125 1886 φανούμεθας
1150 1793 1181 1857 εί
1202 1795 1267 1878 γάρ

258 1897 329 1964 ἐστί
347 1920 393 1984 τω
417 1893 533 1962 δοτέον
554 1919 587 1960 τι
610 1904 778 1978 τοιοῦτον,
801 1895 846 1973 ὡς
868 1892 964 1978 ἔγωγ’
992 1895 1033 1961 ού
1055 1920 1155 1981 φημι,
1178 1911 1265 1983 πρῶ-

256 2028 316 2070 τον
339 1998 400 2088 μὲν
417 1999 522 2086 μηδὲν
538 2001 709 2086 ἠδικηκότι
726 2003 869 2083 πώποτε,
892 2001 1050 2085 δεύτερον
1068 1998 1104 2068 δὲ
1123 2003 1201 2087 μηδ’
1222 2003 1266 2070 ἂν

257 2110 384 2176 ἀδικεῖν
405 2109 564 2192 βούληται
582 2105 809 2196 δυνησομένῳ,
833 2104 939 2174 ἔπειθ’
962 2107 1007 2184 ὡς
1024 2106 1158 2191 άληθῶς
1176 2109 1266 2190 ὅστις

256 2216 380 2282 ἅπασιν
402 2214 595 2299 ἀνθρώποις
613 2217 704 2280 ἔσται
723 2215 877 2298 φανερός,
899 2210 983 2298 ὑπὲρ
1001 2223 1062 2279 τού
1079 2215 1124 2298 μή
1142 2223 1266 2284 παθεῖν

255 2318 354 2389 ταῦθ’
377 2318 620 2406 εὑρισκόμενος,
643 2318 698 2387 καὶ
722 2321 784 2385 οὐκ
802 2318 855 2386 ἐπὶ
872 2329 918 2407 τῷ
936 2331 1045 2386 ποιεῖν
1063 2316 1132 2404 μετ’
1154 2322 1266 2402 ἀδείας

256 2427 390 2515 ἑτέρους
412 2438 529 2509 κακῶς,
551 2427 657 2514 τούτῳ
682 2425 807 2492 δοτέον.
845 2426 895 2492 ότι
914 2422 975 2512 μὲν
993 2429 1109 2493 τοίνυν
1128 2427 1146 2495 ὁ
1166 2433 1265 2515 Χαρί-

257 2538 361 2620 δημος
388 2533 464 2600 ούτε
491 2543 559 2598 τῶν
585 2531 824 2617 ἀναμαρτήτων
851 2530 919 2598 ἐστὶ
946 2534 1030 2617 πρὸς
1055 2532 1156 2618 ὑμᾶς,
1189 2537 1265 2602 οὔτε

256 2655 324 2708 τῶν
355 2641 411 2706 ἵνα
442 2641 487 2723 μή
519 2661 551 2702 τι
582 2639 717 2704 πάθωσι
743 2635 841 2704 ταῦθ’
872 2638 1134 2724 εὑρισκομένων,
1165 2640 1264 2708 έάσω·

258 2745 327 2814 ἀλλ’
355 2747 400 2824 ὡς
423 2742 502 2811 οὐδὲ
524 2739 639 2822 πιστὸς
663 2746 709 2821 είς
730 2745 790 2811 τὸν
812 2747 923 2810 ἔπειτα
944 2748 1081 2829 χρόνον,
1105 2745 1267 2815 άκούσατί

257 2877 337 2940 μου,
361 2849 417 2920 καὶ
439 2847 597 2933 σκοπεῖτ’,
622 2849 664 2916 δν
687 2850 767 2934 ὑμῖν
790 2850 901 2936 ὀρθως
924 2849 1083 2930 ἐξετάζειν
1106 2853 1202 2918 δοκῶ.
1286 2859 1288 2862 ’

205 2977 243 3019 ιιι
342 2953 425 3042 Ἐγὼ
452 2960 574 3041 νομίζω
602 2952 629 3022 ὦ
656 2957 776 3038 ἄνδρες
799 2953 987 3040 Ἀθηναῖοι,
1015 2957 1088 3023 ὅσοι
1115 2955 1177 3042 μὲν
1199 2969 1264 3026 τῶν

256 3064 425 3150 ἡμετέρων
439 3063 529 3129 ἐθῶν
548 3059 603 3128 καὶ
620 3066 734 3146 νόμων
754 3060 954 3192 ἐπιθυμηταὶ
972 3065 1147 3147 γενόμενοι
1164 3069 1312 3131 nou-66²

256 3195 310 3239 ται
332 3169 491 3255 γενέσθαι
510 3170 732 3252 ἐσπούδασαν,
755 3167 869 3253 ἄμμ’
840 3193 858 3233 τ
892 3167 1012 3246 αὐτοὺς
1030 3166 1073 3234 ἂν
1090 3171 1264 3254 τυγχάνειν

257 3279 385 3344 τούτων
411 3274 467 3343 καὶ
494 3272 572 3357 παρ’
598 3274 678 3359 ἡμῖν
703 3277 806 3341 οίκεῖν
830 3271 885 3341 καὶ
907 3274 1055 3360 μετέχειν
1077 3269 1124 3342 ὧν
1147 3276 1263 3344 έπεθύ·

258 3399 381 3468 μησαν·
409 3383 509 3459 όσους
537 3377 574 3448 δδ
597 3381 724 3447 τούτων
752 3377 813 3466 μὲν
840 3383 983 3467 μηδενὸς
1005 3376 1080 3466 μήτ’
1106 3381 1262 3468 ἐπιθυμία

259 3491 337 3568 μήτε
368 3493 460 3572 ζῆλος
487 3487 680 3572 εἰσέρχεται,
712 3488 773 3572 τήν
800 3488 993 3568 πλεονεξίαν
1022 3485 1053 3553 δ’
1084 3488 1262 3573 ἀγαπῶσιν,
