2612 3918
173 140 236 203 114
486 146 557 200 xm.
581 145 859 198 ΔΗιιοΣΘειιουΣ

170 303 335 386 ἄχθεσθαι
359 300 503 369 ποιεῖσθ’
527 304 630 389 ὑμεῖς’
658 315 825 388 »τοιοῦτοι
843 307 907 390 γάρ
926 302 991 371 ἐστ’
1015 302 1181 390 διάνδρες
1296 303 1297 354 3

168 401 349 492 Ἀθηναῖοι·
374 410 414 474 οὐ
433 410 496 493 γὰρ
515 408 699 495 ἐξέρχεσθε,
718 407 792 477 οὐδ’
816 415 928 476 οίεσθε
949 412 1020 475 δεῖν
1037 409 1177 496 χρήματ’
1296 427 1297 430 ’

170 512 344 599 εἰσφέρειν.
379 509 448 580 εἶτα
472 511 650 600 θαυμάζετ’
672 517 704 580 εί
724 525 831 593 κακῶς
848 517 888 580 τὰ
906 514 1075 601 πράγμαθ’
1098 517 1179 602 ὑμῖν
1296 549 1297 554 ’

170 623 250 704 ἐχει;
280 619 329 704 ἔμ’
360 614 466 686 οἴεσθ’
498 619 578 705 ὑμῖν
604 623 776 704 εἰσοίσειν,
803 621 897 706 ὑμεῖς
924 619 961 688 δὲ
988 629 1177 707 νεμεῖσθαις

169 723 219 809 ἔμ’
246 731 358 791 οίεσθε
382 729 645 811 τριηραρχήσειν,
668 727 762 812 ὑμεῖς
786 721 817 793 δ’
843 728 904 794 οὐκ
927 727 1234 813 έμβήσεσθαιςίίῦῦο

117 847 155 888 2⁰⁴
169 825 301 897 τοιαῦθ’
327 832 470 916 ὑβρίζων
496 831 552 897 καὶ
579 833 640 916 τῆν
667 833 731 898 ἀπὸ
759 843 816 917 τῆς
837 842 945 918 ψυχῆς
967 838 1102 920 πικρίαν
1123 834 1178 901 καὶ

169 940 358 1020 κακόνοιαν,
376 937 419 1022 ῆν
437 940 518 1004 κατὰ
535 950 602 1004 τῶν
621 943 753 1005 πολλῶν
766 939 860 1024 ὑμῶν
874 943 958 1024 ἔχων
972 941 1084 1026 ἀφανῆ
1098 937 1176 1027 παρ’

170 1041 274 1131 ἑαυτςό
297 1042 515 1130 περιέρχεται,
539 1045 689 1128 φανεράν
713 1042 765 1110 ἐπὶ
788 1053 849 1109 τοῦ
871 1055 989 1130 καιροῦ
1010 1049 1177 1125 καθιστάς.

170 1150 223 1214 δεῖ
252 1153 368 1215 τοίνυν
401 1146 426 1214 ὦ
454 1151 574 1237 ἀνδρες
598 1145 768 1234 Ἀθηναῖοι
796 1150 851 1217 καλ
878 1151 963 1236 ὑμᾶς
992 1153 1078 1219 οὑτω
1105 1163 1178 1238 νῦν,

170 1253 250 1318 ὅταν
277 1253 445 1334 ἐξαπατῶν
474 1253 528 1320 καὶ
552 1259 736 1341 φενακίζων
759 1256 918 1342 ὀδύρηται
940 1257 995 1324 καί
1018 1261 1100 1346 κλάη
1122 1259 1178 1326 καὶ

169 1360 298 1446 δέηται,
334 1359 433 1426 ταῦθ’
470 1362 671 1444 ὑποβάλλειν
703 1362 805 1451 αὐτῷ·
847 1373 1022 1445 ,τοιοῦτος
1053 1367 1116 1451 γάρ
1149 1361 1180 1432 εἶ

169 1469 306 1533 Μειδία·
348 1467 505 1552 ὑβριστῆς
540 1468 603 1550 χδιρ
636 1463 682 1548 εί,
720 1467 781 1534 οὑκ
813 1467 940 1546 ἐθέλεις
971 1473 1058 1556 ἔχειν
1089 1474 1177 1554 παρὰ

170 1582 279 1662 σαυτῷ
301 1574 346 1638 τὼ
370 1584 466 1659 χεῖρε.
504 1568 574 1639 εἶτα
597 1575 776 1658 θαυμάζεις
799 1577 831 1641 εί
850 1577 950 1654 κακὸς
971 1589 1078 1656 κακῶς
1098 1579 1176 1645 ἀπο·
1296 1607 1297 1614 “

169 1684 232 1756 λεῑ;
262 1679 344 1744 άλλδι
367 1682 510 1764 νομίζεις
531 1680 616 1764 ἡμᾶς
638 1676 699 1764 μέν
722 1679 914 1765 ἀνέξεσθαι,
942 1682 1040 1761 αὐτὸς
1063 1681 1099 1750 δὲ
1122 1709 1175 1750 τυ-

168 1788 319 1870 πτήσειν;
346 1783 400 1851 καί
423 1785 508 1870 ἡμᾶς
531 1783 592 1869 μὲν
616 1785 884 1871 ἀποψηφιεῖσθαί
904 1806 982 1872 σου,
1011 1791 1053 1855 σὺ
1077 1785 1107 1856 δ’
1136 1791 1176 1855 οὐ

168 1893 395 1967 παύσεσθαιςι(

115 2015 154 2056 ιιι
256 1996 323 2062 Καὶ
354 2001 541 2084 βοηθοῦσιν
572 1999 608 2064 οί
637 1998 788 2082 λέγοντες
821 1996 917 2085 [ὑπὲρ
950 1999 1083 2084 αὑτοῦ],
1116 2002 1176 2088 οὐχ

168 2103 253 2170 οὑτω
277 2105 383 2192 τοὺτφ
402 2107 603 2189 χαρίσασθαι
622 2107 666 2188 μά
684 2107 763 2182 τοὺς
780 2107 882 2183 θεοὺς
900 2108 1109 2192 βουλόμενοι,
1132 2110 1176 2187 ὡς

169 2211 356 2295 ἐπηρεάζειν
379 2208 451 2294 ἐμοὶ
476 2212 531 2275 διδ
553 2211 614 2293 τῆν
638 2212 729 2276 ι’δίαν
751 2213 887 2295 ἔχθραν,
910 2211 953 2295 ῆν
971 2207 1068 2291 οὑτος
1086 2215 1174 2304 αὑτῷ

167 2317 249 2401 πρὸς
273 2313 337 2400 ἐμὲ,
362 2318 403 2380 ἀν
425 2313 453 2382 τ’
476 2315 539 2398 ἐγὼ
558 2327 611 2399 φῶ
631 2317 672 2381 άν
690 2339 724 2382 τε
743 2317 787 2401 μῆ
807 2328 871 2401 φῶ,
895 2316 998 2402 φησὶν
1017 2313 1102 2385 εἶναι
1121 2319 1175 2385 καὶ

166 2423 321 2506 βιάζεται,
341 2422 402 2488 οὐκ
420 2422 541 2506 ὀρθῶς.
572 2421 655 2487 ἀλλὰ
673 2423 861 2487 κινδυνεύει
879 2423 917 2488 τὸ
936 2426 1011 2488 λίαν
1026 2424 1176 2510 εὐτυχεῖν
1266 2473 1274 2490 .

167 2522 264 2594 ἐνίοτ’
288 2528 443 2612 ἐπαχθεῖς
465 2538 587 2593 ποιεῖν·
611 2528 696 2594 ὅπου
715 2529 777 2611 γάρ
796 2527 860 2610 ἐγὼ
878 2525 939 2612 μέν
958 2526 1037 2595 οὐδὲ
1054 2553 1175 2598 πεπον-

166 2635 237 2710 θὼς
263 2645 369 2710 κακῶς
397 2633 521 2718 ἐχθρὸν
548 2629 637 2700 εἷναί
660 2658 716 2718 μοι
743 2643 862 2700 τοῦτον
886 2634 1050 2718 ὁμολογῶ,
1079 2632 1175 2716 οὗτος

167 2736 197 2806 δ’
229 2738 301 2806 οὐδ’
334 2737 461 2823 ἀφιέντ’
493 2739 647 2824 ἀφίησιν,
678 2740 761 2805 ἀλλὰ
788 2738 867 2805 κάπὶ
894 2751 963 2818 τοῖς
990 2740 1175 2828 ἀλλοτρίοις

167 2846 292 2934 ἀγῶσιν
320 2846 447 2934 ἀπαντᾷ
470 2846 525 2912 καὶ
548 2857 612 2913 νῦν
635 2846 850 2931 ἀναβήσεται,
878 2843 961 2931 μηδὲ
983 2857 1041 2931 τῆς
1062 2860 1175 2934 κοινῆς

164 2963 233 3027 τῶν
259 2955 372 3037 νόμον
399 2953 588 3038 ἐπικουρίας
615 2953 716 3031 ἀξιῶν
739 2951 810 3037 ἐμοὶ
834 2963 994 3037 μετεῖναι,
1021 2965 1091 3032 πῶς
1114 2956 1173 3041 οὐχ

167 3053 264 3136 οὗτος
293 3057 440 3142 ἐπαχθής
467 3059 557 3124 ἐστιν
583 3059 647 3143 ῆδη
675 3055 730 3124 καὶ
758 3061 875 3143 μείζων
903 3058 923 3143 ἢ
957 3056 1047 3141 [καθ’
1079 3061 1172 3144 ὅσον]

113 3184 152 3224 τοο
166 3166 260 3249 ὑμῶν
289 3163 412 3252 ἑκάστῳ
440 3163 615 3249 συμφέρει;
647 3167 694 3230 ἔτι
722 3169 838 3230 τοίνυν
865 3174 974 3248 παρῆν
1002 3162 1027 3231 ὦ
1056 3167 1175 3253 ἀνδρες

163 3268 335 3354 Ἀθηναῖοι
358 3269 413 3336 καὶ
435 3268 552 3353 καθῆτ’
579 3271 753 3353 Εὔβουλος
776 3270 812 3335 ἐν
834 3279 880 3358 τῷ
903 3272 1049 3359 θεάτρῳ,
1074 3269 1129 3338 ὅθ’
1156 3274 1174 3339 ὑ

167 3377 270 3458 δῆμος
284 3375 581 3459 Ικατεχειροτόνησε
603 3360 763 3457 Μειδίου,
791 3374 846 3441 καλ
874 3377 1077 3461 καλούμενος
1100 3378 1174 3444 δνο-

167 3480 264 3562 μαστδ
292 3479 346 3544 καί
370 3481 623 3564 ἀντιβολοῦντος
646 3482 766 3546 τούτου
789 3480 844 3546 καὶ
867 3486 1108 3567 λιπαροῦντος,
1131 3485 1175 3570 ὡς
1255 3555 1257 3563 ,
