2590 3900
158 183 224 248 242
462 187 559 240 mv,
581 184 861 239 ΔΗιιονοωειοωε

158 343 336 429 φράζουσι,
369 347 449 429 μετά
474 355 535 412 τοῦ
562 357 673 412 πεῖσαι
699 345 851 423 τεθέντες
878 345 923 423 ὡς
950 347 1170 410 συνοίσουσιν
1288 373 1289 410 ς

157 461 227 527 τοῖς
244 449 433 536 χρωμένοις.
468 454 673 536 Τιμοκράτης
689 454 806 518 τοίνυν
820 451 857 518 ἐν
872 449 1168 536 δημοκρατουμένῃ

157 566 197 642 τῇ
215 561 310 623 πόλει
326 563 532 641 νομοθετῶν,
551 558 613 642 τήν
632 557 668 624 έκ
685 567 743 641 τῇς
760 556 951 644 ὀλιγαρχίας
969 557 1103 622 ἀδικίαν
1121 559 1169 634 είς
1288 585 1289 606 ι

156 664 216 728 τόν
239 663 343 729 αὑτοῦ
365 666 471 746 νόμον
494 665 685 746 μετήνεγκε,
711 661 863 747 καὶπερὶ
885 674 952 729 τῶν
974 666 1223 746 παρεληλυ-τκο

156 771 270 834 θότων
298 769 399 834 αὑτὸν
426 769 628 854 κυριώτερον
651 780 717 834 τῶν
744 770 977 851 καταγνόντων
1003 769 1169 835 δικαστῶν

158 873 277 958 ἠξίωσε
299 884 443 957 ποιήσαι.

117 999 144 1038 ιι
246 978 313 1046 Καὶ
336 980 378 1045 οὐ
399 989 498 1046 τοῦτο
521 983 627 1064 μόνον
648 984 826 1065 πεποίηκεν
849 981 1056 1065 ὑβριστικόν,
1084 979 1169 1046 ἀλλὰ

157 1084 213 1152 καὶ
235 1085 425 1171 γέγραπται,
448 1084 491 1169 ,,ή
515 1087 552 1150 τὸ
575 1088 694 1152 λοιπὸν
717 1085 775 1153 έάν
796 1110 863 1152 τινι
885 1093 1096 1172 προστιμηθῇ
1115 1087 1169 1152 δε·
1288 1127 1289 1180 3

158 1199 256 1276 σμοῦ,
279 1187 365 1256 εἶναι
387 1193 627 1275 καταστήσαντι
648 1195 727 1269 τοὺς
750 1191 921 1277 ἐγγυητάς,
943 1188 964 1277 ή
983 1194 1050 1277 μὴν
1068 1192 1168 1259 ἐκτεί-

159 1312 244 1378 σειν,
273 1295 465 1381 ἀφελσθαάέ.
510 1300 617 1362 καίτοι
642 1307 726 1384 χρῆν
749 1298 867 1382 αὐτὸν,
896 1300 927 1364 εί
947 1300 984 1364 τὸ
1009 1297 1169 1364 δεδέσθαι
1288 1319 1289 1324 ’

158 1405 271 1470 δεινὸν
292 1403 415 1486 ήγεῑτο,
438 1402 556 1488 μηδενὶ
578 1413 763 1488 προστιμᾶν
785 1403 822 1482 ὃς
845 1403 887 1471 ἀν
907 1405 987 1489 ὑμῖν
1006 1406 1170 1489 ἐγγυητὰς
1288 1393 1289 1396 ¹

157 1517 299 1594 καθιστῇ
331 1510 456 1593 δεσμοῦ
487 1516 725 1594 νομοθετῆσαι,
758 1511 802 1594 μή
833 1514 1043 1595 προλαβόντα
1074 1534 1168 1577 κατε-

157 1617 324 1699 γνωκότας
342 1614 427 1698 ὑμᾶς
444 1616 503 1680 τὸν
520 1616 653 1699 δεσμόν,
673 1613 749 1699 μηδ’
767 1616 897 1704 ἐχθρῶς
910 1615 1070 1683 διαθέντα
1083 1618 1169 1701 πρὸς
1288 1689 1289 1692 ¹

157 1720 243 1806 ὑμᾶς
268 1723 337 1790 τὸνΙ
357 1720 523 1805 ἡλωκότα,
549 1731 727 1804 τηνικαῦτα
749 1733 859 1788 ποιεῖν
880 1725 942 1806 τήν
964 1723 1167 1807 ἐξεγγύησιν.

157 1825 234 1892 νυνί
259 1823 304 1909 δ’,
328 1827 438 1912 ὥσπερ
461 1826 723 1910 ἐνδεικνύμενος,
747 1828 808 1907 ὅτι,
832 1827 894 1893 αάν
914 1830 994 1914 ὑμῖν
1013 1830 1095 1915 δοκῇ
1115 1833 1167 1896 δε-

159 1931 278 2000 δέσθαι
309 1930 387 2016 τιν’,
419 1933 518 2010 αὐτὸς
550 1932 685 2018 ἀφήσει,
717 1943 838 2001 τοῦτον
869 1937 928 2001 τὸν
956 1939 1081 2021 τρόπον
1105 1939 1168 2003 τὸν

117 2058 144 2098 ιε
157 2041 264 2122 νόμον
296 2039 492 2122 εἰσήνεγκεν.
538 2033 590 2124 ἀρ’
622 2034 684 2104 οὖν
715 2062 760 2128 τρι
794 2041 886 2106 δοκεῖ
917 2041 1100 2128 συμφέρειν
1126 2053 1167 2129 τῇ

157 2148 252 2210 πόλει
277 2153 428 2222 τοιοῦτος
451 2147 567 2228 νόμος,
596 2143 633 2222 ὃς
656 2146 870 2231 δικαστηρίου
892 2149 1045 2230 γνώσεως
1068 2149 1169 2227 αὐτὸς

158 2252 357 2336 κυριώτερος
389 2253 493 2332 ἔσται,
525 2248 580 2315 καὶ
609 2251 666 2328 τάς
693 2262 760 2316 τῶν
787 2251 1008 2338 ὀμωμοκότων
1034 2257 1169 2341 γνώμας

158 2367 228 2432 τοῖς
255 2355 438 2440 ἀνωμότοις
464 2356 638 2442 προστάξει
666 2359 773 2436 λύειν;
802 2356 865 2440 ἐγὼ
893 2354 953 2443 μέν
980 2359 1043 2426 οὐκ
1066 2357 1166 2447 οἶμαι.

159 2466 312 2546 φαίνεται
334 2466 451 2528 τοίνυν
474 2461 492 2528 δ
512 2463 633 2529 τούτου
653 2465 754 2547 νόμος
771 2458 862 2530 ταῦτ’
884 2467 968 2549 ἔχων
987 2466 1166 2552 ἀμφότερα.

158 2565 235 2632 ὥστ’
263 2574 353 2654 είπερ
380 2569 474 2652 ὑμῶν
502 2566 627 2658 ἑκάστω
654 2567 745 2653 μέλει
770 2592 802 2634 τι
824 2578 882 2653 τῇς
904 2575 1083 2656 πολιτείας,
1110 2573 1166 2639 καὶ

160 2675 231 2738 δεῖν
260 2679 362 2739 οίεται
388 2677 508 2757 κυρίαν
536 2670 621 2740 εἶναι
648 2676 709 2759 τήν
736 2675 840 2740 αὑτοῦ
863 2678 998 2761 γνώμην
1020 2677 1096 2765 περὶ
1119 2675 1167 2746 ὧν

158 2777 200 2844 ἀν
223 2778 403 2863 ὀμωμοκώς
426 2783 621 2864 ψηφίσηται,
644 2779 758 2858 λυτέος
780 2780 836 2847 καὶ
860 2782 921 2848 οὐκ
941 2782 1051 2862 ἐατέος
1068 2780 1166 2864 οὗτος

158 2885 177 2952 ό
199 2895 350 2962 τοιοῦτος
372 2888 473 2970 νόμος
495 2887 611 2969 κύριος
633 2885 711 2952 νυνὶ
733 2888 898 2969 γενέσθαι.

113 3012 143 3053 ἰο
249 2991 299 3066 Οὐ
325 2994 441 3056 τοίνυν
468 2991 652 3077 ἀπέχρησεν
677 2993 765 3080 αὐτῷ
788 2995 828 3059 τά
852 2995 1033 3082 δικαστήρι’
1059 2999 1167 3081 ἄκυρα

157 3106 292 3182 ποιῇσαι
314 3109 380 3163 τῶν
402 3099 692 3182 προστιμημάτων,
721 3097 792 3165 ἀλλ’
819 3099 891 3166 οὐδ’
919 3101 941 3166 ἀ
964 3097 1064 3168 δίκαι’
1089 3104 1166 3187 ώρί-

158 3201 230 3269 σατ’
254 3204 353 3280 αὐτὸς
375 3203 412 3270 ἐν
434 3213 479 3294 τῷ
496 3207 589 3293 νόμω
606 3203 662 3270 καὶ
680 3204 857 3291 προσέταξε
874 3219 945 3285 τοῖς
964 3204 1166 3294 ώφληκόσιν,

158 3307 238 3374 οὐδὲ
265 3307 364 3374 ταῦθ’
391 3309 501 3387 ἀπλῶς
524 3308 596 3376 οὐδ’
623 3311 752 3388 ἀδόλως
775 3314 958 3396 φανήσεται
979 3317 1166 3401 γεγραφώς,

159 3410 231 3477 ἀλλ’
259 3413 303 3490 ὡς
330 3412 372 3478 ἀν
400 3417 540 3498 μάλιστά
565 3439 616 3492 τις
642 3415 727 3500 ὑμᾶς
754 3416 952 3501 έξαπατῇσαι
980 3420 1034 3485 καί
1062 3443 1165 3506 παρα-

158 3518 366 3599 κρούσασθαι
388 3524 599 3605 βουλόμενος.
645 3521 813 3601 σκέψασθε
835 3526 898 3610 γάρ
922 3525 967 3602 ὡς
989 3524 1165 3611 γέγραφεν.
