2590 3900
402 166 485 216 τεν
505 164 824 217 ωιννονωτυοαοιι
843 167 872 217 Β.
1076 163 1142 228 315

131 335 201 401 τοῖς
223 323 334 412 αὐτοῖς
357 325 487 402 τούτοις
508 326 676 410 χρώμενος
698 327 809 408 λόγοις
827 324 1027 409 ἐξηπάτησεν
1046 324 1142 408 ὑμᾶς,

131 425 179 494 ὅτ’
209 431 385 514 ἠγωνίζετο
417 431 478 514 τήν
510 433 675 514 προτέραν
707 430 863 512 ἔνδειξιν,
897 427 938 514 ἦν
972 427 1033 514 μὲν
1065 427 1137 495 οὐδ’

132 535 219 601 ούτω
244 538 374 602 δίκαιον
392 538 481 619 παρὰ
498 539 577 612 τοὺς
595 536 804 621 ὑπάρχοντας
822 537 947 620 νόμους
965 560 997 600 τι
1016 553 1142 620 συγχω-

131 653 203 726 ρεῖν
227 639 284 728 (ού
307 644 361 707 δεῖ
380 644 444 727 γάρ
467 653 672 726 παρανομεῖν
696 644 815 719 δόντας
837 640 904 707 τισὶ
924 644 1002 718 τοὺς
1021 643 1143 719 ἀλλους

130 749 213 814 κατὰ
235 751 314 824 τοὺς
336 751 461 832 νόμους
484 748 599 826 ἀξιοῦν
622 749 802 832 πράττειν),
826 749 868 814 ού
886 749 952 832 μὴν
971 743 1041 813 ἀλλ’
1064 754 1143 824 ίσως

130 850 162 937 γ’
190 854 415 937 εὐλογώτερον
442 848 484 936 ήν
511 854 548 919 τὸ
576 861 748 918 πιστεῦσαι
774 853 829 919 καὶ
858 856 1142 938 καταχαρίσασθαι

88 979 117 1020 ¹1
131 958 186 1026 καὶ
204 959 369 1043 προέσθαι
386 980 418 1023 τι
435 969 503 1023 τῶν
521 960 692 1026 τοιούτων.
729 958 841 1042 ἐπειδὴ
862 955 898 1024 δὲ
916 955 983 1025 τότ’
1005 958 1143 1044 ἀφέντες

131 1063 184 1131 ἐπὶ
207 1076 279 1142 ταῖς
301 1065 498 1150 μελλούσαις
521 1065 640 1147 ἐλπίσι,
664 1067 782 1151 μικρὸν
803 1064 944 1149 ὕστερον
962 1067 1021 1130 τὸν
1040 1066 1143 1131 αὐτὸν

130 1181 266 1255 τοῦτον,
294 1171 338 1247 ὡς
364 1171 550 1254 πράττοντα
577 1169 633 1236 καὶ
660 1169 799 1253 λέγοντα
827 1172 871 1256 μή
893 1172 933 1236 τά
956 1170 1073 1255 ἀριστα
1097 1181 1142 1260 τῷ

132 1279 239 1366 δήμῳ,
267 1278 368 1342 πάλιν
396 1276 588 1360 ἐκολάσατε,
614 1279 664 1354 τίς
687 1277 899 1343 ὑπολείπεται
922 1287 1041 1362 σκῆψις
1062 1278 1143 1362 ὑμῖν

131 1383 350 1468 ἁρμόττουσα,
370 1381 412 1448 ἀν
429 1392 495 1448 νῦν
513 1389 804 1466 παρακρουσθῆτε;
829 1378 877 1449 ὧν
896 1379 1037 1468 μὲνγὰρ
1056 1387 1142 1472 ἐργφ

129 1500 247 1569 πεῖραν
271 1490 442 1574 είλήφατε,
469 1491 505 1552 τί
525 1489 579 1553 δεῖ
598 1499 669 1565 τοῖς
691 1492 803 1571 λόγοις
824 1490 1005 1567 πιστεύειν;
1034 1483 1081 1554 ὧν
1105 1486 1142 1554 δέ

130 1593 264 1680 μηδέπω
283 1595 343 1678 τήν
364 1595 561 1677 δοκιμασίαν
580 1591 661 1678 ἔχετ’
685 1593 802 1678 ἀκριβῆ
821 1591 898 1679 παρ’
920 1594 1000 1678 ὑμῖν
1018 1595 1141 1678 αὐτοῖς,

88 1720 116 1760 ιι
131 1701 166 1767 ἐκ
188 1710 256 1765 τῶν
279 1699 468 1784 λεγομένων
491 1705 572 1775 ίσως
595 1699 775 1782 ἀναγκαῖόν
798 1698 867 1764 ἐστι
885 1703 1020 1782 κρίνειν.
1057 1705 1142 1765 θαν-

129 1808 218 1892 μάζω
243 1803 273 1872 δ’
296 1809 399 1889 ἔγωγε
420 1812 489 1870 τῶν
512 1805 617 1881 οὕτως
641 1805 796 1889 ἐχόντων,
820 1805 902 1869 ὥστε
925 1806 966 1869 τδι
988 1801 1049 1888 μὲν
1072 1806 1142 1871 ίδια

129 1924 199 1990 τοῖς
225 1912 261 1978 ἐκ
288 1922 356 1976 τῶν
382 1912 665 1994 παρεληλυθότων
692 1912 824 1995 χρόνων
851 1905 949 1976 οὖσιν
976 1910 1141 1994 ἐπιεικέσι,

129 2020 260 2095 τούτοις
277 2015 645 2102 παρακατατιθεμένων,
663 2017 703 2082 τά
723 2010 753 2080 δ’
770 2015 807 2082 έν
819 2025 859 2100 τῆ
875 2019 1022 2103 πολιτείᾳ
1036 2018 1133 2082 κοινά
1143 2031 1189 2082 801

129 2135 200 2200 τοῖς
227 2122 500 2208 ὁμολογουμένως
523 2120 787 2206 ἐξεληλεγμένοις
810 2118 886 2188 οὖσι
910 2124 1052 2206 φαύλοις
1074 2124 1142 2189 ἐπι·

130 2231 327 2313 τρεπόντων.
377 2226 433 2294 καὶ
463 2229 548 2294 κύνα
580 2225 641 2312 μὲν
674 2227 726 2294 ἐπὶ
758 2232 904 2313 ποίμνην
935 2228 1057 2313 ἀγεννῆ
1086 2228 1142 2296 καὶ

131 2341 263 2420 φαῦλον
287 2331 360 2400 οὐδ’
383 2333 425 2400 ἀν
448 2326 495 2411 εἷς
518 2334 700 2418 ἐπιστήσειε
721 2335 913 2419 φυλάττειν·
937 2333 989 2400 ἐπὶ
1009 2331 1046 2400 δέ
1063 2339 1142 2413 τοὺς

130 2445 171 2509 τά
193 2442 290 2508 κοινά
312 2441 516 2524 πράττοντας
537 2443 615 2516 τοὺς
637 2443 797 2524 τυχόντας
818 2440 1141 2524 ἀνθρύπονςφασλν

131 2552 215 2615 ἔνιοι
238 2547 390 2632 φύλακας
412 2546 484 2611 δεῖν
503 2544 707 2629 ἐπιπέμπειν,
732 2549 767 2612 οἳ
782 2549 1063 2631 προσποιούμενοι
1081 2573 1141 2633 μη-

130 2655 225 2721 νύειν
248 2653 326 2728 τούς
348 2650 606 2734 ἁμαρτάνοντας,
631 2649 725 2718 αὐτοὶ
747 2661 805 2736 τῆς
823 2655 977 2737 μεγίστης
995 2654 1058 2720 εἰσὶ
1077 2679 1142 2740 φυ-

130 2765 231 2844 λακῆς
254 2760 415 2842 δεόμενοι.

89 2885 116 2926 ιι
202 2855 286 2949 Ὧν,
310 2864 368 2929 έάν
390 2865 482 2947 ἔχητε
503 2873 600 2946 νοῦν,
623 2864 880 2950 ἐνθυμούμενοι,
903 2868 981 2942 τοὺς
996 2863 1059 2951 μὲν
1077 2869 1141 2952 φά·

131 2987 271 3047 σκοντας
292 2969 432 3046 τούτους
453 2978 498 3057 τῷ
522 2971 609 3058 λύγφ
633 2976 745 3054 φιλεῖν
767 2971 852 3056 ὑμᾶς
872 2974 1000 3056 χαίρειν
1019 2971 1140 3056 ἐάσετε,

131 3076 226 3143 αὐτοὶ
250 3071 287 3142 δέ
308 3070 398 3141 τοῦτ’
421 3076 456 3141 ἐκ
478 3077 601 3152 παντὸς
622 3079 748 3160 τρόπον
767 3077 1028 3163 παραφυλάξετε,
1053 3079 1141 3157 ὅπως

130 3180 249 3268 μηδενὶ
281 3180 357 3248 δῶτ’
394 3181 547 3260 ἐξουσίαν
579 3180 723 3265 ἀκύρους
754 3186 833 3260 τοὺς
864 3185 990 3266 νόμους
1004 3235 1006 3242 ι
1020 3197 1140 3268 ποιεῖν,

130 3290 237 3366 άλλως
262 3311 297 3354 τε
324 3286 380 3354 καὶ
407 3298 475 3353 τῶν
501 3284 584 3371 ὑπὲρ
611 3299 672 3354 τοῦ
699 3293 852 3374 πλήθους
876 3287 931 3355 καλ
955 3288 1063 3373 λέγειν
1086 3289 1141 3357 καὶ

129 3396 273 3480 γράφειν
287 3395 781 3479 δύνασθαιπροσποιουμένωνι
805 3396 850 3473 ὡς
863 3397 1046 3462 πάνδεινόν
1060 3397 1140 3478 ἐστι,

130 3503 207 3576 τοὺς
237 3496 298 3584 μὲν
324 3501 512 3584 προγόνους
539 3496 621 3584 ὑπὲρ
648 3509 710 3566 τοῦ
736 3503 779 3585 μή
807 3506 1035 3583 καταλυθῆναι
1062 3504 1141 3576 τοὺς
