2612 3918
180 166 223 230 66
376 119 384 132 ’
491 171 563 223 xxl.
587 169 868 224 ΔΗΜΟΣΘΕΝΟΤΣ

175 323 232 392 καλ
253 331 410 414 τιμωρίας
434 330 560 406 δίκαιός
583 330 651 396 έστι
674 331 863 416 τυγχάνειν·
886 329 952 414 ἅμα
970 333 1034 413 γὰρ
1052 339 1098 418 τῷ
1117 335 1197 415 Δη·.

176 431 335 516 μοσθένει
358 435 404 519 χώ
428 435 569 519 χορηγὸς
591 435 752 520 ὑβρίζετο,
777 445 875 502 τοῦτο
900 431 930 499 δ’
958 434 1026 500 έστλ
1049 444 1107 519 τῆς
1128 438 1196 501 πό·-

175 542 272 621 λεεος,
300 537 355 605 καὶ
383 540 420 605 τὸ
443 541 577 618 ταύταις
599 552 670 618 ταῖς
692 540 843 625 ἡμέραις,
871 531 923 616 αἷς
946 541 1008 606 οὐκ
1030 541 1129 607 έῶσιν
1153 541 1190 606 οί

174 646 281 727 νόμοι.
317 647 379 730 χρη
403 643 448 728 δ’,
472 645 553 712 ὅταν
575 643 636 732 μὲν
658 652 803 732 τιθῆσθε
821 649 899 724 τοὺς
916 649 1052 731 νόμους,
1076 645 1193 712 ὁποῖοί

174 749 261 827 τινές
289 752 353 816 είσι
378 763 529 835 σκοπεῖν,
557 751 691 818 έπειδδιν
715 749 751 818 δέ
774 758 899 836 θῆσθε,
929 753 1108 835 φυλάττειν
1131 751 1189 817 καὶ

174 863 334 941 χρῆσθαι·
363 855 418 922 καὶ
444 859 507 942 γάρ
535 859 655 942 ένορκα
682 852 782 924 ταῦθ’
807 856 888 942 ύμῖν
910 854 979 922 έστι
1001 855 1055 922 καλ
1078 859 1189 934 ἄλλως

130 977 161 1018 ³⁵
175 961 294 1027 δίκαια.
330 957 373 1046 ἦν
396 961 414 1028 ὁ
437 970 495 1046 τῆς
516 964 641 1047 βλάβης
664 963 743 1048 ὑμῖν
765 965 867 1048 νόμος
889 961 1001 1045 πάλαι,
1024 956 1067 1045 ἦν
1090 962 1188 1046 δτῆς

174 1069 309 1149 αἰκείας,
331 1064 374 1152 ἦν
397 1068 415 1135 ὁ
437 1078 495 1154 τῆς
516 1069 652 1153 ὕβρεως.
689 1071 721 1134 ελ
740 1072 857 1134 τοίνυν
875 1066 1001 1152 ἀπέχρη
1019 1070 1099 1146 τοὺς
1115 1080 1188 1146 τοῖς

174 1178 371 1252 Διονυσίοις
400 1198 432 1240 τι
463 1183 642 1252 ποιοῦντας
673 1175 802 1240 τούτων
833 1175 915 1239 κατὰ
941 1173 1081 1250 τούτους
1106 1177 1219 1250 τοὺς.

173 1281 298 1363 νόμους
324 1281 421 1364 δίκην
449 1281 594 1362 διδόναι,
623 1276 724 1345 οὐδὲν
751 1278 794 1345 ἂν
821 1278 977 1364 προσέδει
1004 1279 1101 1344 τοῦδε
1124 1289 1186 1344 τοῦ

123 1471 127 1478 .
172 1387 288 1469 νόμου.
333 1380 405 1451 ἀλλ’
433 1385 495 1452 οὐκ
522 1383 654 1471 ἀπέχρη.
700 1396 838 1471 σημεῖον
867 1384 908 1451 δέ
912 1405 917 1418 ·
951 1379 1067 1450 ἔθεσθ’
1094 1385 1187 1470 ἱερὸν

172 1493 279 1576 νόμον
301 1491 389 1580 αύτβ
412 1501 457 1579 τςό
480 1497 550 1578 θεῷ
573 1490 648 1576 περὶ
671 1500 728 1575 της
751 1491 952 1574 ἱερομηνίας.
997 1496 1031 1556 εί
1049 1513 1099 1568 τις
1121 1487 1186 1558 οὖν

173 1595 336 1675 κάκείνοις
358 1609 427 1675 τοῖς
445 1598 696 1682 προϋπάρχουσι
714 1599 832 1682 νόμοις
849 1594 905 1662 καὶ
923 1596 1029 1684 τούτῳ
1047 1605 1092 1685 τῷ
1112 1593 1183 1683 μετ’

173 1700 320 1780 ἐκείνους
341 1702 471 1769 τεθέντι
493 1700 548 1767 καὶ
570 1713 651 1768 πᾶσι
673 1714 743 1779 τοῖς
767 1707 895 1778 λοιποῖς
918 1698 984 1767 ἔστ’
1011 1704 1140 1788 ἔνοχος,
1164 1704 1185 1770 ὁ

172 1816 322 1886 τοιοῦτος
342 1812 483 1894 πότερον
501 1809 546 1892 μὴ
566 1810 613 1897 δρῖ
634 1810 689 1874 διὰ
707 1818 806 1874 τοῦτο
826 1810 938 1892 δίκην,Ι
958 1807 978 1892 ἦ
996 1806 1118 1892 μείζον’
1140 1807 1186 1874 διν

174 1913 249 1997 δοίη
273 1915 420 1992 δικαίως;
445 1913 509 1997 ἐγὼ
532 1910 594 1998 μὲν
616 1920 728 2000 οίομαι
750 1917 857 2000 μείζω.

132 2035 160 2074 ⁰⁶
258 2013 475 2103 Ἀπηγγελλεν
492 2021 609 2085 τοίνυν
626 2023 677 2096 τίς
694 2043 751 2104 μοι
769 2017 929 2105 περιιόντ’
948 2019 1051 2086 αὐτὸν
1069 2020 1185 2086 συλλέ-

61 2166 64 2176 ,
172 2147 245 2207 γειν
267 2122 322 2190 καὶ
344 2125 580 2190 πυνθάνεσθαι
602 2127 691 2189 τίσιν
713 2125 843 2191 πώποτε
863 2125 1071 2212 συμβέβηκεν
1089 2126 1185 2211 ὑβρι-

174 2235 309 2312 σθῆναι,
334 2226 390 2294 καὶ
412 2227 520 2311 λέγειν
541 2230 681 2307 τούτους
704 2227 759 2294 καὶ
782 2231 972 2314 διηγεῖσθαι
994 2232 1076 2316 πρὸς
1098 2232 1185 2316 ὑμᾶς

173 2335 319 2420 μύλλειν,
347 2326 421 2400 οἷον
448 2329 474 2400 ὦ
502 2335 621 2419 ἄνδρες
645 2332 819 2419 Ἀθηναῖοι
845 2337 904 2401 τὸν
932 2339 1113 2422 πρόεδρον,
1142 2339 1183 2405 δν

172 2440 255 2507 ποτέ
274 2456 378 2524 φασιν
400 2438 438 2505 έν
455 2438 535 2524 ὑμῖν
553 2439 618 2504 ὑπὸ
638 2443 834 2523 Πολυζήλου
852 2445 1028 2525 πληγῆναι,
1050 2443 1183 2510 καὶτὸν

172 2544 385 2630 θεσμοθέτην
415 2544 451 2622 ὃς
478 2547 614 2628 ἔναγχος
642 2544 764 2629 ἐπλήγη
792 2546 854 2629 την
882 2545 1052 2632 αὐλητρίδ’
1084 2550 1183 2633 ἀφαι-

173 2651 346 2734 ρούμενος,
364 2648 418 2716 καὶ
436 2653 608 2727 τοιούτους
625 2651 727 2732 τινάς,
747 2651 791 2728 ὡς
810 2651 868 2716 ε’διν
886 2657 1031 2730 πολλοὺς
1050 2652 1184 2738 ἑτέρους

174 2757 268 2821 δεινὰ
293 2754 349 2820 καὶ
376 2757 482 2822 πολλὰ
508 2759 717 2833 πεπονθότας
745 2757 934 2842 [έπι]δείξη,
961 2754 1061 2842 ἦττον
1087 2760 1173 2845 ὑμᾶς
1183 2777 1237 2825 52ss

126 2880 160 2920 οε
173 2856 227 2945 ἐφ’
249 2852 300 2938 οἷς
322 2859 386 2943 έγὼ
408 2858 550 2926 πέπονθ’
578 2862 824 2948 ὀργιουμένους.
862 2862 934 2949 ἐμοὶ
953 2858 985 2929 δ’
1006 2864 1087 2932 αύτδ
1106 2867 1183 2932 τού-

173 2970 311 3032 ναντίον
334 2962 360 3032 ὦ
381 2967 500 3052 ἄνδρες
515 2964 687 3050 Ἀθηναῖοι
707 2970 832 3034 δοκεῖτε
850 2980 959 3034 ποιεῖν
977 2968 1019 3035 ἂν
1037 2972 1186 3056 είκότως,

173 3077 265 3154 είπερ
287 3069 371 3154 ὑπὲρ
394 3082 454 3137 τοῦ
477 3082 572 3158 κοινῇ
595 3075 768 3156 βελτίστου
792 3075 845 3140 δεῖ
865 3073 976 3159 μέλειν
999 3076 1087 3161 ὑμῖν.
1132 3081 1183 3155 τίς

172 3179 237 3263 γὰρ
261 3178 322 3243 οὐκ
345 3174 437 3242 οἶδεν
459 3178 554 3261 ὑμῶν
575 3186 636 3242 τοῦ
657 3175 718 3262 μὲν
741 3181 846 3244 πολλὰ
869 3189 1004 3245 τοιαῦτα
1024 3182 1183 3266 γενέσθαι

172 3284 211 3351 τὸ
234 3285 277 3368 μη
301 3285 498 3362 κολάζεσθαι
521 3285 599 3361 τούς
622 3283 903 3370 ἐξαμαρτάνοντας
921 3292 1028 3352 αίτιον
1047 3289 1097 3366 όν,
1121 3298 1182 3354 τοῦ

173 3386 211 3455 δὲ
243 3387 356 3474 μηδέν’
388 3390 535 3472 ὑβρίζειν
561 3391 599 3454 τὸ
627 3392 745 3455 λοιπὸν
771 3392 808 3456 τὸ
837 3393 934 3475 δίκην
960 3393 1019 3457 τὸν
1047 3391 1097 3458 ἀεὶ
1124 3400 1182 3478 λη’-

172 3489 314 3576 φθέυθ’,
342 3494 385 3576 ἣν
410 3496 583 3575 προσήκει,
612 3496 743 3560 διδόναι
766 3499 871 3572 μόνον
894 3503 1000 3561 αἴτιον
1023 3495 1065 3562 ἂν
1088 3503 1183 3577 γενό-
