<?xml version="1.0" encoding="UTF-8"?>
<!DOCTYPE html PUBLIC "-//W3C//DTD XHTML 1.0 Transitional//EN"
    "http://www.w3.org/TR/xhtml1/DTD/xhtml1-transitional.dtd">
<html xmlns="http://www.w3.org/1999/xhtml" xml:lang="en" lang="en">
 <head>
  <title>
</title>
<meta http-equiv="Content-Type" content="text/html;charset=utf-8" />
  <meta name='ocr-system' content='tesseract 3.04.00' />
  <meta name='ocr-capabilities' content='ocr_page ocr_carea ocr_par ocr_line ocrx_word'/>
</head>
<body>
  <div class='ocr_page' id='page_1' title='image "./orationes00demogoog_0317.png"; bbox 0 0 2938 4180; ppageno 0'>
   <div class='ocr_carea' id='block_1_1' title="bbox 230 101 933 166">
    <p class='ocr_par' dir='ltr' id='par_1_1' title="bbox 230 101 933 166">
     <span class='ocr_line' id='line_1_1' title="bbox 230 101 933 166; baseline -0.017 0"><span class='ocrx_word' id='word_1_1' title='bbox 230 102 294 166; x_wconf 84' lang='lat'><strong><em>168</em></strong></span> <span class='ocrx_word' id='word_1_2' title='bbox 529 104 630 156; x_wconf 84' lang='lat' dir='ltr'><strong>xxm.</strong></span> <span class='ocrx_word' id='word_1_3' title='bbox 653 101 933 155; x_wconf 73' lang='grc' dir='ltr'><strong><em>Δεωιοεοεηοωε</em></strong></span> 
     </span>
    </p>
   </div>
   <div class='ocr_carea' id='block_1_2' title="bbox 222 247 1366 981">
    <p class='ocr_par' dir='ltr' id='par_1_2' title="bbox 222 247 1366 981">
     <span class='ocr_line' id='line_1_2' title="bbox 229 247 1366 347; baseline -0.004 -20"><span class='ocrx_word' id='word_1_4' title='bbox 229 261 368 340; x_wconf 77' lang='grc' dir='ltr'><strong><em>οὐδενός</em></strong></span> <span class='ocrx_word' id='word_1_5' title='bbox 386 260 452 328; x_wconf 79' lang='grc' dir='ltr'><strong><em>ἐστ’</em></strong></span> <span class='ocrx_word' id='word_1_6' title='bbox 474 260 538 342; x_wconf 76' lang='grc' dir='ltr'><strong><em>ἄξι’</em></strong></span> <span class='ocrx_word' id='word_1_7' title='bbox 560 259 639 328; x_wconf 73' lang='grc' dir='ltr'><strong><em>οὐδὲ</em></strong></span> <span class='ocrx_word' id='word_1_8' title='bbox 659 263 794 338; x_wconf 76' lang='grc' dir='ltr'><strong><em>δικαίως</em></strong></span> <span class='ocrx_word' id='word_1_9' title='bbox 813 259 988 347; x_wconf 80' lang='grc' dir='ltr'><strong><em>εὑρημένα,</em></strong></span> <span class='ocrx_word' id='word_1_10' title='bbox 1007 257 1028 326; x_wconf 79' lang='grc' dir='ltr'><strong><em>δ</em></strong></span> <span class='ocrx_word' id='word_1_11' title='bbox 1047 253 1077 324; x_wconf 85' lang='grc' dir='ltr'><strong><em>δ’</em></strong></span> <span class='ocrx_word' id='word_1_12' title='bbox 1094 260 1247 344; x_wconf 71' lang='grc' dir='ltr'><strong><em>ἔγραψεν</em></strong></span> <span class='ocrx_word' id='word_1_13' title='bbox 1365 247 1366 302; x_wconf 88' lang='lat'><em>]</em></span> 
     </span>
     <span class='ocr_line' id='line_1_3' title="bbox 229 360 1246 452; baseline -0.005 -18"><span class='ocrx_word' id='word_1_14' title='bbox 229 363 338 452; x_wconf 85' lang='grc' dir='ltr'><strong><em>οὗτος,</em></strong></span> <span class='ocrx_word' id='word_1_15' title='bbox 362 369 474 435; x_wconf 89' lang='grc' dir='ltr'><strong><em>δίκαια</em></strong></span> <span class='ocrx_word' id='word_1_16' title='bbox 496 367 551 434; x_wconf 87' lang='grc' dir='ltr'><strong><em>καλ</em></strong></span> <span class='ocrx_word' id='word_1_17' title='bbox 573 369 665 434; x_wconf 84' lang='grc' dir='ltr'><strong><em>καλά.</em></strong></span> <span class='ocrx_word' id='word_1_18' title='bbox 707 367 791 432; x_wconf 78' lang='grc' dir='ltr'><strong><em>ἀλλὰ</em></strong></span> <span class='ocrx_word' id='word_1_19' title='bbox 813 367 1011 432; x_wconf 87' lang='grc' dir='ltr'><strong><em>τούναντίον</em></strong></span> <span class='ocrx_word' id='word_1_20' title='bbox 1033 365 1155 431; x_wconf 92' lang='grc' dir='ltr'><strong><em>τούτου</em></strong></span> <span class='ocrx_word' id='word_1_21' title='bbox 1177 360 1246 448; x_wconf 74' lang='grc' dir='ltr'><strong><em>μέν</em></strong></span> 
     </span>
     <span class='ocr_line' id='line_1_4' title="bbox 222 467 1241 558; baseline -0.005 -19"><span class='ocrx_word' id='word_1_22' title='bbox 222 471 371 558; x_wconf 67' lang='grc' dir='ltr'><strong><em>1ψήφισμ’</em></strong></span> <span class='ocrx_word' id='word_1_23' title='bbox 399 474 460 540; x_wconf 85' lang='grc' dir='ltr'><strong><em>οὐκ</em></strong></span> <span class='ocrx_word' id='word_1_24' title='bbox 483 469 548 540; x_wconf 82' lang='grc' dir='ltr'><strong><em>οἷδ’</em></strong></span> <span class='ocrx_word' id='word_1_25' title='bbox 574 480 607 540; x_wconf 84' lang='grc' dir='ltr'><strong><em>εί</em></strong></span> <span class='ocrx_word' id='word_1_26' title='bbox 626 497 657 538; x_wconf 92' lang='grc' dir='ltr'><strong><em>τι</em></strong></span> <span class='ocrx_word' id='word_1_27' title='bbox 682 473 871 558; x_wconf 89' lang='grc' dir='ltr'><strong><em>δεινότερον</em></strong></span> <span class='ocrx_word' id='word_1_28' title='bbox 893 470 1032 555; x_wconf 81' lang='grc' dir='ltr'><strong><em>γέγονεν</em></strong></span> <span class='ocrx_word' id='word_1_29' title='bbox 1055 467 1178 536; x_wconf 79' lang='grc' dir='ltr'><strong><em>τώποτ’</em></strong></span> <span class='ocrx_word' id='word_1_30' title='bbox 1201 470 1241 535; x_wconf 80' lang='grc' dir='ltr'><strong><em>ἐν</em></strong></span> 
     </span>
     <span class='ocr_line' id='line_1_5' title="bbox 228 571 1366 664; baseline -0.004 -20"><span class='ocrx_word' id='word_1_31' title='bbox 228 577 323 664; x_wconf 76' lang='grc' dir='ltr'><strong><em>ύμῖν,</em></strong></span> <span class='ocrx_word' id='word_1_32' title='bbox 352 581 480 646; x_wconf 89' lang='grc' dir='ltr'><strong><em>τούτων</em></strong></span> <span class='ocrx_word' id='word_1_33' title='bbox 508 576 545 645; x_wconf 70' lang='grc' dir='ltr'><strong><em>δέ</em></strong></span> <span class='ocrx_word' id='word_1_34' title='bbox 572 591 638 644; x_wconf 82' lang='grc' dir='ltr'><strong><em>τῶν</em></strong></span> <span class='ocrx_word' id='word_1_35' title='bbox 661 579 810 661; x_wconf 79' lang='grc' dir='ltr'><strong><em>πάντων,</em></strong></span> <span class='ocrx_word' id='word_1_36' title='bbox 839 572 933 643; x_wconf 83' lang='grc' dir='ltr'><strong><em>δτιόσ’</em></strong></span> <span class='ocrx_word' id='word_1_37' title='bbox 960 575 1028 643; x_wconf 80' lang='grc' dir='ltr'><strong><em>ἐστὶ</em></strong></span> <span class='ocrx_word' id='word_1_38' title='bbox 1052 571 1239 661; x_wconf 76' lang='grc' dir='ltr'><strong><em>δικαστήρι’</em></strong></span> <span class='ocrx_word' id='word_1_39' title='bbox 1365 593 1366 630; x_wconf 61' lang='lat'>³</span> 
     </span>
     <span class='ocr_line' id='line_1_6' title="bbox 229 683 1242 769; baseline -0.006 -19"><span class='ocrx_word' id='word_1_40' title='bbox 229 684 266 750; x_wconf 84' lang='grc' dir='ltr'><strong><em>έν</em></strong></span> <span class='ocrx_word' id='word_1_41' title='bbox 293 686 500 769; x_wconf 70' lang='grc' dir='ltr'><strong><em>ἀνθρώποις,</em></strong></span> <span class='ocrx_word' id='word_1_42' title='bbox 529 683 630 750; x_wconf 71' lang='grc' dir='ltr'><strong><em>οὐδὲν</em></strong></span> <span class='ocrx_word' id='word_1_43' title='bbox 657 685 734 750; x_wconf 79' lang='grc' dir='ltr'><strong><em>οὔτε</em></strong></span> <span class='ocrx_word' id='word_1_44' title='bbox 757 687 956 768; x_wconf 86' lang='grc' dir='ltr'><strong><em>σεμνότερον</em></strong></span> <span class='ocrx_word' id='word_1_45' title='bbox 979 684 1055 749; x_wconf 78' lang='grc' dir='ltr'><strong><em>οὔτε</em></strong></span> <span class='ocrx_word' id='word_1_46' title='bbox 1079 684 1242 748; x_wconf 84' lang='grc' dir='ltr'><strong><em>δικαιότε-</em></strong></span> 
     </span>
     <span class='ocr_line' id='line_1_7' title="bbox 229 785 1242 876; baseline -0.004 -19"><span class='ocrx_word' id='word_1_47' title='bbox 229 813 291 876; x_wconf 91' lang='grc' dir='ltr'><strong><em>ρον</em></strong></span> <span class='ocrx_word' id='word_1_48' title='bbox 318 795 509 875; x_wconf 88' lang='grc' dir='ltr'><strong><em>φανήσεται.</em></strong></span> <span class='ocrx_word' id='word_1_49' title='bbox 555 792 716 875; x_wconf 79' lang='grc' dir='ltr'><strong><em>βούλομαι</em></strong></span> <span class='ocrx_word' id='word_1_50' title='bbox 745 787 775 856; x_wconf 88' lang='grc' dir='ltr'><strong><em>δ’</em></strong></span> <span class='ocrx_word' id='word_1_51' title='bbox 807 793 911 856; x_wconf 80' lang='grc' dir='ltr'><strong><em>είιτείν</em></strong></span> <span class='ocrx_word' id='word_1_52' title='bbox 939 791 995 855; x_wconf 85' lang='grc' dir='ltr'><strong><em>διδ</em></strong></span> <span class='ocrx_word' id='word_1_53' title='bbox 1023 789 1188 875; x_wconf 79' lang='grc' dir='ltr'><strong><em>βραχέων,</em></strong></span> <span class='ocrx_word' id='word_1_54' title='bbox 1218 785 1242 854; x_wconf 81' lang='grc' dir='ltr'><strong><em>ἃ</em></strong></span> 
     </span>
     <span class='ocr_line' id='line_1_8' title="bbox 229 891 1366 981; baseline -0.004 -19"><span class='ocrx_word' id='word_1_55' title='bbox 229 896 285 962; x_wconf 77' lang='grc' dir='ltr'><strong><em>καὶ</em></strong></span> <span class='ocrx_word' id='word_1_56' title='bbox 309 899 405 981; x_wconf 81' lang='grc' dir='ltr'><strong><em>ζήλύν</em></strong></span> <span class='ocrx_word' id='word_1_57' title='bbox 427 921 501 963; x_wconf 91' lang='grc' dir='ltr'><strong><em>τινα</em></strong></span> <span class='ocrx_word' id='word_1_58' title='bbox 523 894 578 962; x_wconf 83' lang='grc' dir='ltr'><strong><em>καὶ</em></strong></span> <span class='ocrx_word' id='word_1_59' title='bbox 600 897 698 980; x_wconf 87' lang='grc' dir='ltr'><strong><em>τιμήν</em></strong></span> <span class='ocrx_word' id='word_1_60' title='bbox 719 896 813 980; x_wconf 88' lang='grc' dir='ltr'><strong><em>φέρει</em></strong></span> <span class='ocrx_word' id='word_1_61' title='bbox 831 905 870 980; x_wconf 78' lang='grc' dir='ltr'><strong><em>τῇ</em></strong></span> <span class='ocrx_word' id='word_1_62' title='bbox 889 897 982 960; x_wconf 80' lang='grc' dir='ltr'><strong><em>πόλει</em></strong></span> <span class='ocrx_word' id='word_1_63' title='bbox 1001 895 1159 981; x_wconf 72' lang='grc' dir='ltr'><strong><em>ῥηθέντα,</em></strong></span> <span class='ocrx_word' id='word_1_64' title='bbox 1182 891 1241 959; x_wconf 84' lang='grc' dir='ltr'><strong><em>καλ</em></strong></span> <span class='ocrx_word' id='word_1_65' title='bbox 1365 891 1366 972; x_wconf 70' lang='grc' dir='ltr'><strong><em>λ</em></strong></span> 
     </span>
    </p>
   </div>
   <div class='ocr_carea' id='block_1_3' title="bbox 187 998 1366 3519">
    <p class='ocr_par' dir='ltr' id='par_1_3' title="bbox 228 998 1366 1303">
     <span class='ocr_line' id='line_1_9' title="bbox 229 998 1366 1088; baseline -0.002 -20"><span class='ocrx_word' id='word_1_66' title='bbox 229 1002 346 1085; x_wconf 83' lang='grc' dir='ltr'><strong><em>ήδίους</em></strong></span> <span class='ocrx_word' id='word_1_67' title='bbox 368 998 478 1069; x_wconf 77' lang='grc' dir='ltr'><strong><em>ἔσεσθ’</em></strong></span> <span class='ocrx_word' id='word_1_68' title='bbox 505 1003 713 1078; x_wconf 78' lang='grc' dir='ltr'><strong><em>ἀκούσαντες.</em></strong></span> <span class='ocrx_word' id='word_1_69' title='bbox 752 999 890 1088; x_wconf 78' lang='grc' dir='ltr'><strong><em>ἄρξομαι</em></strong></span> <span class='ocrx_word' id='word_1_70' title='bbox 914 998 944 1066; x_wconf 88' lang='grc' dir='ltr'><strong><em>δ’</em></strong></span> <span class='ocrx_word' id='word_1_71' title='bbox 972 1000 1130 1066; x_wconf 80' lang='grc' dir='ltr'><strong><em>ἐντεῦθεν</em></strong></span> <span class='ocrx_word' id='word_1_72' title='bbox 1154 1001 1240 1066; x_wconf 77' lang='grc' dir='ltr'><strong><em>ὅθεν</em></strong></span> <span class='ocrx_word' id='word_1_73' title='bbox 1365 999 1366 1066; x_wconf 62' lang='grc' dir='ltr'><em>ξ</em></span> 
     </span>
     <span class='ocr_line' id='line_1_10' title="bbox 229 1093 1366 1193; baseline -0.002 -20"><span class='ocrx_word' id='word_1_74' title='bbox 229 1109 370 1192; x_wconf 79' lang='grc' dir='ltr'><strong><em>μάλιστα</em></strong></span> <span class='ocrx_word' id='word_1_75' title='bbox 400 1112 610 1193; x_wconf 75' lang='grc' dir='ltr'><strong><em>μαθήσεσθε,</em></strong></span> <span class='ocrx_word' id='word_1_76' title='bbox 643 1105 695 1173; x_wconf 80' lang='grc' dir='ltr'><strong><em>ἐπὶ</em></strong></span> <span class='ocrx_word' id='word_1_77' title='bbox 726 1108 788 1192; x_wconf 87' lang='grc' dir='ltr'><strong><em>τήν</em></strong></span> <span class='ocrx_word' id='word_1_78' title='bbox 821 1107 963 1189; x_wconf 80' lang='grc' dir='ltr'><strong><em>δωρειὰν</em></strong></span> <span class='ocrx_word' id='word_1_79' title='bbox 994 1105 1188 1172; x_wconf 75' lang='grc' dir='ltr'><strong><em>ἐπανελθὼν</em></strong></span> <span class='ocrx_word' id='word_1_80' title='bbox 1216 1105 1239 1190; x_wconf 83' lang='grc' dir='ltr'><strong><em>ή</em></strong></span> <span class='ocrx_word' id='word_1_81' title='bbox 1365 1093 1366 1098; x_wconf 27' lang='lat'>¹</span> 
     </span>
     <span class='ocr_line' id='line_1_11' title="bbox 228 1213 643 1303; baseline 0 -25"><span class='ocrx_word' id='word_1_82' title='bbox 228 1221 274 1301; x_wconf 73' lang='grc' dir='ltr'><strong><em>τῷ</em></strong></span> <span class='ocrx_word' id='word_1_83' title='bbox 298 1215 478 1303; x_wconf 79' lang='grc' dir='ltr'><strong><em>Χαριδήμῳ</em></strong></span> <span class='ocrx_word' id='word_1_84' title='bbox 502 1213 643 1280; x_wconf 90' lang='grc' dir='ltr'><strong><em>δέδοται.</em></strong></span> 
     </span>
    </p>

    <p class='ocr_par' dir='ltr' id='par_1_4' title="bbox 188 1313 1239 2248">
     <span class='ocr_line' id='line_1_12' title="bbox 188 1313 1239 1405; baseline -0.002 -21"><span class='ocrx_word' id='word_1_85' title='bbox 188 1337 217 1378; x_wconf 76' lang='lat'><strong><em>⁶⁶</em></strong></span> <span class='ocrx_word' id='word_1_86' title='bbox 313 1317 427 1404; x_wconf 76' lang='grc' dir='ltr'><strong><em>Ἡμεῖς</em></strong></span> <span class='ocrx_word' id='word_1_87' title='bbox 459 1317 484 1386; x_wconf 80' lang='grc' dir='ltr'>ὦ</span> <span class='ocrx_word' id='word_1_88' title='bbox 514 1321 634 1405; x_wconf 77' lang='grc' dir='ltr'><strong><em>ἄνδρες</em></strong></span> <span class='ocrx_word' id='word_1_89' title='bbox 661 1313 833 1402; x_wconf 71' lang='grc' dir='ltr'><strong><em>Ἀθηναῖοι</em></strong></span> <span class='ocrx_word' id='word_1_90' title='bbox 860 1320 1055 1404; x_wconf 82' lang='grc' dir='ltr'><strong><em>Χαρίδημον</em></strong></span> <span class='ocrx_word' id='word_1_91' title='bbox 1083 1317 1239 1402; x_wconf 79' lang='grc' dir='ltr'><strong><em>ἐποιησά-</em></strong></span> 
     </span>
     <span class='ocr_line' id='line_1_13' title="bbox 229 1421 1239 1510; baseline -0.002 -21"><span class='ocrx_word' id='word_1_92' title='bbox 229 1431 318 1510; x_wconf 81' lang='grc' dir='ltr'><strong><em>μεθα</em></strong></span> <span class='ocrx_word' id='word_1_93' title='bbox 350 1425 503 1506; x_wconf 81' lang='grc' dir='ltr'><strong><em>πολίτην,</em></strong></span> <span class='ocrx_word' id='word_1_94' title='bbox 536 1421 591 1487; x_wconf 81' lang='grc' dir='ltr'><strong><em>καλ</em></strong></span> <span class='ocrx_word' id='word_1_95' title='bbox 618 1422 673 1488; x_wconf 82' lang='grc' dir='ltr'><strong><em>διὰ</em></strong></span> <span class='ocrx_word' id='word_1_96' title='bbox 699 1433 757 1507; x_wconf 84' lang='grc' dir='ltr'><strong><em>τῆς</em></strong></span> <span class='ocrx_word' id='word_1_97' title='bbox 784 1425 923 1508; x_wconf 86' lang='grc' dir='ltr'><strong><em>δωρειᾶς</em></strong></span> <span class='ocrx_word' id='word_1_98' title='bbox 948 1427 1068 1508; x_wconf 77' lang='grc' dir='ltr'><strong><em>ταύτης</em></strong></span> <span class='ocrx_word' id='word_1_99' title='bbox 1098 1423 1239 1507; x_wconf 87' lang='grc' dir='ltr'><strong><em>μετεδώ-</em></strong></span> 
     </span>
     <span class='ocr_line' id='line_1_14' title="bbox 229 1525 1239 1617; baseline -0.003 -21"><span class='ocrx_word' id='word_1_100' title='bbox 229 1553 333 1614; x_wconf 87' lang='grc' dir='ltr'><strong><em>καμεν</em></strong></span> <span class='ocrx_word' id='word_1_101' title='bbox 365 1529 453 1617; x_wconf 76' lang='grc' dir='ltr'><strong><em>αύτῷ</em></strong></span> <span class='ocrx_word' id='word_1_102' title='bbox 485 1525 540 1594; x_wconf 84' lang='grc' dir='ltr'><strong><em>καὶ</em></strong></span> <span class='ocrx_word' id='word_1_103' title='bbox 573 1528 672 1614; x_wconf 80' lang='grc' dir='ltr'><strong><em>ἱερῶν</em></strong></span> <span class='ocrx_word' id='word_1_104' title='bbox 702 1526 757 1593; x_wconf 87' lang='grc' dir='ltr'><strong><em>καλ</em></strong></span> <span class='ocrx_word' id='word_1_105' title='bbox 788 1527 891 1593; x_wconf 85' lang='grc' dir='ltr'><strong><em>ὁσίων</em></strong></span> <span class='ocrx_word' id='word_1_106' title='bbox 921 1525 977 1593; x_wconf 86' lang='grc' dir='ltr'><strong><em>καλ</em></strong></span> <span class='ocrx_word' id='word_1_107' title='bbox 1003 1532 1154 1612; x_wconf 83' lang='grc' dir='ltr'><strong><em>νομίμων</em></strong></span> <span class='ocrx_word' id='word_1_108' title='bbox 1181 1527 1239 1594; x_wconf 82' lang='grc' dir='ltr'><strong><em>καὶ</em></strong></span> 
     </span>
     <span class='ocr_line' id='line_1_15' title="bbox 229 1631 1238 1718; baseline -0.002 -17"><span class='ocrx_word' id='word_1_109' title='bbox 229 1637 363 1701; x_wconf 79' lang='grc' dir='ltr'><strong><em>πάντων</em></strong></span> <span class='ocrx_word' id='word_1_110' title='bbox 391 1634 480 1700; x_wconf 84' lang='grc' dir='ltr'><strong><em>ὅσων</em></strong></span> <span class='ocrx_word' id='word_1_111' title='bbox 507 1655 568 1718; x_wconf 83' lang='grc' dir='ltr'><strong><em>περ</em></strong></span> <span class='ocrx_word' id='word_1_112' title='bbox 596 1635 709 1709; x_wconf 77' lang='grc' dir='ltr'><strong><em>αὐτοῖς</em></strong></span> <span class='ocrx_word' id='word_1_113' title='bbox 735 1632 885 1717; x_wconf 80' lang='grc' dir='ltr'><strong><em>μέτεστιν</em></strong></span> <span class='ocrx_word' id='word_1_114' title='bbox 911 1632 999 1716; x_wconf 79' lang='grc' dir='ltr'><strong><em>ήμτν.</em></strong></span> <span class='ocrx_word' id='word_1_115' title='bbox 1045 1635 1150 1699; x_wconf 79' lang='grc' dir='ltr'><strong><em>πολλὰ</em></strong></span> <span class='ocrx_word' id='word_1_116' title='bbox 1175 1631 1238 1718; x_wconf 74' lang='grc' dir='ltr'><strong><em>μὲν</em></strong></span> 
     </span>
     <span class='ocr_line' id='line_1_16' title="bbox 230 1731 1237 1826; baseline -0.001 -20"><span class='ocrx_word' id='word_1_117' title='bbox 230 1742 271 1825; x_wconf 87' lang='grc' dir='ltr'><strong><em>δή</em></strong></span> <span class='ocrx_word' id='word_1_118' title='bbox 295 1734 372 1826; x_wconf 80' lang='grc' dir='ltr'><strong><em>παρ’</em></strong></span> <span class='ocrx_word' id='word_1_119' title='bbox 392 1739 472 1824; x_wconf 77' lang='grc' dir='ltr'><strong><em>ἡμῖν</em></strong></span> <span class='ocrx_word' id='word_1_120' title='bbox 496 1737 565 1804; x_wconf 84' lang='grc' dir='ltr'><strong><em>ίστι</em></strong></span> <span class='ocrx_word' id='word_1_121' title='bbox 587 1735 718 1804; x_wconf 75' lang='grc' dir='ltr'><strong><em>τοιαῦθ’</em></strong></span> <span class='ocrx_word' id='word_1_122' title='bbox 741 1731 786 1804; x_wconf 81' lang='grc' dir='ltr'><strong><em>οῖ’</em></strong></span> <span class='ocrx_word' id='word_1_123' title='bbox 808 1738 870 1823; x_wconf 82' lang='grc' dir='ltr'><strong><em>οὐχ</em></strong></span> <span class='ocrx_word' id='word_1_124' title='bbox 893 1737 1042 1822; x_wconf 79' lang='grc' dir='ltr'><strong><em>ἑτέρωθι,</em></strong></span> <span class='ocrx_word' id='word_1_125' title='bbox 1066 1739 1102 1804; x_wconf 75' lang='grc' dir='ltr'><strong><em>ἓν</em></strong></span> <span class='ocrx_word' id='word_1_126' title='bbox 1122 1734 1152 1804; x_wconf 92' lang='grc' dir='ltr'><strong><em>δ’</em></strong></span> <span class='ocrx_word' id='word_1_127' title='bbox 1173 1735 1237 1805; x_wconf 86' lang='grc' dir='ltr'><strong><em>οὖν</em></strong></span> 
     </span>
     <span class='ocr_line' id='line_1_17' title="bbox 230 1841 1236 1934; baseline -0.003 -22"><span class='ocrx_word' id='word_1_128' title='bbox 230 1849 404 1912; x_wconf 75' lang='grc' dir='ltr'><strong><em>ἰδιώτατον</em></strong></span> <span class='ocrx_word' id='word_1_129' title='bbox 427 1845 560 1910; x_wconf 79' lang='grc' dir='ltr'><strong><em>πάντων</em></strong></span> <span class='ocrx_word' id='word_1_130' title='bbox 582 1842 638 1910; x_wconf 82' lang='grc' dir='ltr'><strong><em>καὶ</em></strong></span> <span class='ocrx_word' id='word_1_131' title='bbox 661 1846 872 1928; x_wconf 83' lang='grc' dir='ltr'><strong><em>σεμνότατον,</em></strong></span> <span class='ocrx_word' id='word_1_132' title='bbox 894 1845 933 1910; x_wconf 89' lang='grc' dir='ltr'><strong><em>τὸ</em></strong></span> <span class='ocrx_word' id='word_1_133' title='bbox 955 1843 991 1910; x_wconf 80' lang='grc' dir='ltr'><strong><em>έν</em></strong></span> <span class='ocrx_word' id='word_1_134' title='bbox 1011 1841 1124 1932; x_wconf 78' lang='grc' dir='ltr'><strong><em>Ἀρείῳ</em></strong></span> <span class='ocrx_word' id='word_1_135' title='bbox 1143 1846 1236 1934; x_wconf 77' lang='grc' dir='ltr'><strong><em>πάγῳ</em></strong></span> 
     </span>
     <span class='ocr_line' id='line_1_18' title="bbox 230 1944 1237 2037; baseline -0.002 -18"><span class='ocrx_word' id='word_1_136' title='bbox 230 1953 454 2037; x_wconf 90' lang='grc' dir='ltr'><strong><em>δικαστήριον,</em></strong></span> <span class='ocrx_word' id='word_1_137' title='bbox 477 1945 561 2033; x_wconf 66' lang='grc' dir='ltr'><strong><em>ὑπὲρ</em></strong></span> <span class='ocrx_word' id='word_1_138' title='bbox 584 1945 625 2015; x_wconf 84' lang='grc' dir='ltr'><strong><em>ού</em></strong></span> <span class='ocrx_word' id='word_1_139' title='bbox 647 1944 780 2016; x_wconf 85' lang='grc' dir='ltr'><strong><em>τοσαῦτ’</em></strong></span> <span class='ocrx_word' id='word_1_140' title='bbox 801 1953 890 2016; x_wconf 82' lang='grc' dir='ltr'><strong><em>ἔστιν</em></strong></span> <span class='ocrx_word' id='word_1_141' title='bbox 911 1954 1015 2017; x_wconf 82' lang='grc' dir='ltr'><strong><em>είτιείν</em></strong></span> <span class='ocrx_word' id='word_1_142' title='bbox 1033 1953 1116 2016; x_wconf 87' lang='grc' dir='ltr'><strong><em>καλδι</em></strong></span> <span class='ocrx_word' id='word_1_143' title='bbox 1134 1973 1237 2035; x_wconf 82' lang='grc' dir='ltr'><strong><em>παρα-</em></strong></span> 
     </span>
     <span class='ocr_line' id='line_1_19' title="bbox 229 2051 1235 2143; baseline -0.001 -18"><span class='ocrx_word' id='word_1_144' title='bbox 229 2057 391 2143; x_wconf 79' lang='grc' dir='ltr'><strong><em>δεδομένα</em></strong></span> <span class='ocrx_word' id='word_1_145' title='bbox 418 2055 473 2122; x_wconf 83' lang='grc' dir='ltr'><strong><em>καὶ</em></strong></span> <span class='ocrx_word' id='word_1_146' title='bbox 500 2057 642 2140; x_wconf 78' lang='grc' dir='ltr'><strong><em>μυδύδη</em></strong></span> <span class='ocrx_word' id='word_1_147' title='bbox 670 2055 726 2122; x_wconf 85' lang='grc' dir='ltr'><strong><em>καλ</em></strong></span> <span class='ocrx_word' id='word_1_148' title='bbox 753 2051 800 2122; x_wconf 83' lang='grc' dir='ltr'><strong><em>ὧν</em></strong></span> <span class='ocrx_word' id='word_1_149' title='bbox 826 2056 921 2123; x_wconf 85' lang='grc' dir='ltr'><strong><em>αύτοὶ</em></strong></span> <span class='ocrx_word' id='word_1_150' title='bbox 943 2058 1105 2142; x_wconf 80' lang='grc' dir='ltr'><strong><em>μάρτυρές</em></strong></span> <span class='ocrx_word' id='word_1_151' title='bbox 1128 2059 1235 2143; x_wconf 81' lang='grc' dir='ltr'><strong><em>ἐσμεν,</em></strong></span> 
     </span>
     <span class='ocr_line' id='line_1_20' title="bbox 229 2159 1236 2248; baseline -0.001 -17"><span class='ocrx_word' id='word_1_152' title='bbox 229 2167 291 2231; x_wconf 84' lang='grc' dir='ltr'><strong><em>ὅσα</em></strong></span> <span class='ocrx_word' id='word_1_153' title='bbox 324 2161 424 2247; x_wconf 83' lang='grc' dir='ltr'><strong><em>[περὶ]</em></strong></span> <span class='ocrx_word' id='word_1_154' title='bbox 457 2162 596 2238; x_wconf 85' lang='grc' dir='ltr'><strong><em>οὐδενὸς</em></strong></span> <span class='ocrx_word' id='word_1_155' title='bbox 627 2163 730 2227; x_wconf 81' lang='grc' dir='ltr'><strong><em>ἄλλου</em></strong></span> <span class='ocrx_word' id='word_1_156' title='bbox 763 2164 988 2248; x_wconf 89' lang='grc' dir='ltr'><strong><em>δικαστηρίου·</em></strong></span> <span class='ocrx_word' id='word_1_157' title='bbox 1022 2159 1069 2230; x_wconf 81' lang='grc' dir='ltr'><strong><em>ὧν</em></strong></span> <span class='ocrx_word' id='word_1_158' title='bbox 1097 2164 1236 2248; x_wconf 82' lang='grc' dir='ltr'><strong><em>ὡσπερεὶ</em></strong></span> 
     </span>
    </p>

    <p class='ocr_par' dir='ltr' id='par_1_5' title="bbox 187 2265 1283 3519">
     <span class='ocr_line' id='line_1_21' title="bbox 187 2265 1235 2356; baseline 0.009 -27"><span class='ocrx_word' id='word_1_159' title='bbox 187 2291 215 2330; x_wconf 80' lang='grc' dir='ltr'><strong><em>τε</em></strong></span> <span class='ocrx_word' id='word_1_160' title='bbox 230 2273 403 2356; x_wconf 77' lang='grc' dir='ltr'><strong><em>δείγματος</em></strong></span> <span class='ocrx_word' id='word_1_161' title='bbox 426 2265 523 2334; x_wconf 75' lang='grc' dir='ltr'><strong><em>εἵνεκ’</em></strong></span> <span class='ocrx_word' id='word_1_162' title='bbox 551 2269 643 2347; x_wconf 77' lang='grc' dir='ltr'><strong><em>ἄξιόν</em></strong></span> <span class='ocrx_word' id='word_1_163' title='bbox 666 2267 739 2333; x_wconf 76' lang='grc' dir='ltr'><strong><em>ἐσθ’</em></strong></span> <span class='ocrx_word' id='word_1_164' title='bbox 766 2269 803 2334; x_wconf 75' lang='grc' dir='ltr'><strong><em>ἓν</em></strong></span> <span class='ocrx_word' id='word_1_165' title='bbox 825 2268 846 2354; x_wconf 86' lang='grc' dir='ltr'><strong><em>ή</em></strong></span> <span class='ocrx_word' id='word_1_166' title='bbox 870 2268 922 2334; x_wconf 84' lang='grc' dir='ltr'><strong><em>δύ’</em></strong></span> <span class='ocrx_word' id='word_1_167' title='bbox 951 2269 1097 2335; x_wconf 81' lang='grc' dir='ltr'><strong><em>ἀκοῦσαι.</em></strong></span> <span class='ocrx_word' id='word_1_168' title='bbox 1138 2281 1235 2338; x_wconf 87' lang='grc' dir='ltr'><strong><em>τοῦτο</em></strong></span> 
     </span>
     <span class='ocr_line' id='line_1_22' title="bbox 229 2373 1234 2462; baseline 0 -20"><span class='ocrx_word' id='word_1_169' title='bbox 229 2373 290 2462; x_wconf 66' lang='grc' dir='ltr'><strong><em>μὲν</em></strong></span> <span class='ocrx_word' id='word_1_170' title='bbox 313 2380 430 2442; x_wconf 90' lang='grc' dir='ltr'><strong><em>τοίνυν</em></strong></span> <span class='ocrx_word' id='word_1_171' title='bbox 452 2376 492 2438; x_wconf 83' lang='grc' dir='ltr'><strong><em>τὰ</em></strong></span> <span class='ocrx_word' id='word_1_172' title='bbox 514 2374 651 2455; x_wconf 82' lang='grc' dir='ltr'><strong><em>παλαιοί,</em></strong></span> <span class='ocrx_word' id='word_1_173' title='bbox 680 2375 725 2450; x_wconf 80' lang='grc' dir='ltr'><strong><em>ὡς</em></strong></span> <span class='ocrx_word' id='word_1_174' title='bbox 746 2375 826 2458; x_wconf 79' lang='grc' dir='ltr'><strong><em>ἡμῖν</em></strong></span> <span class='ocrx_word' id='word_1_175' title='bbox 849 2375 982 2441; x_wconf 81' lang='grc' dir='ltr'><strong><em>ἀκούειν</em></strong></span> <span class='ocrx_word' id='word_1_176' title='bbox 1004 2375 1234 2460; x_wconf 84' lang='grc' dir='ltr'><strong><em>παραδέδοται,</em></strong></span> 
     </span>
     <span class='ocr_line' id='line_1_23' title="bbox 230 2480 1234 2570; baseline -0.001 -21"><span class='ocrx_word' id='word_1_177' title='bbox 230 2483 266 2549; x_wconf 79' lang='grc' dir='ltr'><strong><em>ἐν</em></strong></span> <span class='ocrx_word' id='word_1_178' title='bbox 293 2486 384 2570; x_wconf 79' lang='grc' dir='ltr'><strong><em>μόνω</em></strong></span> <span class='ocrx_word' id='word_1_179' title='bbox 407 2482 513 2570; x_wconf 79' lang='grc' dir='ltr'><strong><em>τούτῳ</em></strong></span> <span class='ocrx_word' id='word_1_180' title='bbox 536 2489 582 2568; x_wconf 76' lang='grc' dir='ltr'><strong><em>τῷ</em></strong></span> <span class='ocrx_word' id='word_1_181' title='bbox 606 2482 804 2568; x_wconf 78' lang='grc' dir='ltr'><strong><em>δικαστηρίῳ</em></strong></span> <span class='ocrx_word' id='word_1_182' title='bbox 828 2480 905 2546; x_wconf 76' lang='grc' dir='ltr'><strong><em>θεολ</em></strong></span> <span class='ocrx_word' id='word_1_183' title='bbox 927 2482 1020 2559; x_wconf 90' lang='grc' dir='ltr'><strong><em>δίκας</em></strong></span> <span class='ocrx_word' id='word_1_184' title='bbox 1042 2481 1097 2548; x_wconf 80' lang='grc' dir='ltr'><strong><em>καὶ</em></strong></span> <span class='ocrx_word' id='word_1_185' title='bbox 1118 2485 1234 2548; x_wconf 88' lang='grc' dir='ltr'><strong><em>δοῦναι</em></strong></span> 
     </span>
     <span class='ocr_line' id='line_1_24' title="bbox 228 2583 1233 2673; baseline 0 -19"><span class='ocrx_word' id='word_1_186' title='bbox 228 2587 283 2655; x_wconf 86' lang='grc' dir='ltr'><strong><em>καὶ</em></strong></span> <span class='ocrx_word' id='word_1_187' title='bbox 302 2591 415 2670; x_wconf 78' lang='grc' dir='ltr'><strong><em>λαβεῖν</em></strong></span> <span class='ocrx_word' id='word_1_188' title='bbox 433 2587 580 2670; x_wconf 86' lang='grc' dir='ltr'><strong><em>ήξίωσαν</em></strong></span> <span class='ocrx_word' id='word_1_189' title='bbox 597 2583 652 2651; x_wconf 85' lang='grc' dir='ltr'><strong><em>καὶ</em></strong></span> <span class='ocrx_word' id='word_1_190' title='bbox 671 2583 821 2652; x_wconf 77' lang='grc' dir='ltr'><strong><em>δικασταί</em></strong></span> <span class='ocrx_word' id='word_1_191' title='bbox 839 2586 997 2670; x_wconf 75' lang='grc' dir='ltr'><strong><em>γενέσθαι</em></strong></span> <span class='ocrx_word' id='word_1_192' title='bbox 1016 2588 1233 2673; x_wconf 71' lang='grc' dir='ltr'><strong><em>διενεχθεῖσιν</em></strong></span> 
     </span>
     <span class='ocr_line' id='line_1_25' title="bbox 229 2687 1233 2780; baseline 0.001 -21"><span class='ocrx_word' id='word_1_193' title='bbox 229 2695 394 2776; x_wconf 78' lang='grc' dir='ltr'><strong><em>ἀλλήλοις,</em></strong></span> <span class='ocrx_word' id='word_1_194' title='bbox 417 2694 461 2769; x_wconf 84' lang='grc' dir='ltr'><strong><em>ὡς</em></strong></span> <span class='ocrx_word' id='word_1_195' title='bbox 482 2695 590 2775; x_wconf 82' lang='grc' dir='ltr'><strong><em>λόγος,</em></strong></span> <span class='ocrx_word' id='word_1_196' title='bbox 609 2695 723 2774; x_wconf 78' lang='grc' dir='ltr'><strong><em>λαβεῖν</em></strong></span> <span class='ocrx_word' id='word_1_197' title='bbox 741 2687 802 2776; x_wconf 70' lang='grc' dir='ltr'><strong><em>μέν</em></strong></span> <span class='ocrx_word' id='word_1_198' title='bbox 822 2689 1007 2759; x_wconf 83' lang='grc' dir='ltr'><strong><em>Ποσειδῶν’</em></strong></span> <span class='ocrx_word' id='word_1_199' title='bbox 1028 2689 1111 2776; x_wconf 68' lang='grc' dir='ltr'><strong><em>ὑπὲρ</em></strong></span> <span class='ocrx_word' id='word_1_200' title='bbox 1130 2691 1233 2780; x_wconf 72' lang='grc' dir='ltr'><strong><em>Ἀλιρ-</em></strong></span> 
     </span>
     <span class='ocr_line' id='line_1_26' title="bbox 229 2796 1233 2884; baseline 0.001 -20"><span class='ocrx_word' id='word_1_201' title='bbox 229 2804 352 2884; x_wconf 76' lang='grc' dir='ltr'><strong><em>ροθίον</em></strong></span> <span class='ocrx_word' id='word_1_202' title='bbox 378 2809 438 2864; x_wconf 87' lang='grc' dir='ltr'><strong><em>τοῦ</em></strong></span> <span class='ocrx_word' id='word_1_203' title='bbox 464 2799 543 2864; x_wconf 80' lang='grc' dir='ltr'><strong><em>υἱοῦ</em></strong></span> <span class='ocrx_word' id='word_1_204' title='bbox 569 2797 646 2884; x_wconf 83' lang='grc' dir='ltr'><strong><em>παρ’</em></strong></span> <span class='ocrx_word' id='word_1_205' title='bbox 668 2797 806 2884; x_wconf 70' lang='grc' dir='ltr'><strong><em>Ἄρεως,</em></strong></span> <span class='ocrx_word' id='word_1_206' title='bbox 838 2799 969 2864; x_wconf 78' lang='grc' dir='ltr'><strong><em>δικάσαι</em></strong></span> <span class='ocrx_word' id='word_1_207' title='bbox 996 2796 1027 2864; x_wconf 89' lang='grc' dir='ltr'><strong><em>δ’</em></strong></span> <span class='ocrx_word' id='word_1_208' title='bbox 1054 2800 1233 2884; x_wconf 84' lang='grc' dir='ltr'><strong><em>Εὐμενίσιν</em></strong></span> 
     </span>
     <span class='ocr_line' id='line_1_27' title="bbox 228 2901 1232 2992; baseline 0.001 -20"><span class='ocrx_word' id='word_1_209' title='bbox 228 2905 283 2972; x_wconf 83' lang='grc' dir='ltr'><strong><em>καὶ</em></strong></span> <span class='ocrx_word' id='word_1_210' title='bbox 302 2901 434 2992; x_wconf 87' lang='grc' dir='ltr'><strong><em>Ὀρέστη</em></strong></span> <span class='ocrx_word' id='word_1_211' title='bbox 461 2908 540 2982; x_wconf 87' lang='grc' dir='ltr'><strong><em>τοὺς</em></strong></span> <span class='ocrx_word' id='word_1_212' title='bbox 567 2905 695 2970; x_wconf 84' lang='grc' dir='ltr'><strong><em>δώδεκα</em></strong></span> <span class='ocrx_word' id='word_1_213' title='bbox 723 2906 833 2982; x_wconf 79' lang='grc' dir='ltr'><strong><em>θεούς.</em></strong></span> <span class='ocrx_word' id='word_1_214' title='bbox 879 2904 933 2971; x_wconf 82' lang='grc' dir='ltr'><strong><em>καὶ</em></strong></span> <span class='ocrx_word' id='word_1_215' title='bbox 959 2907 1000 2971; x_wconf 87' lang='grc' dir='ltr'><strong><em>τδι</em></strong></span> <span class='ocrx_word' id='word_1_216' title='bbox 1027 2901 1087 2990; x_wconf 74' lang='grc' dir='ltr'><strong><em>μὲν</em></strong></span> <span class='ocrx_word' id='word_1_217' title='bbox 1111 2907 1152 2990; x_wconf 85' lang='grc' dir='ltr'><strong><em>δή</em></strong></span> <span class='ocrx_word' id='word_1_218' title='bbox 1175 2929 1232 2973; x_wconf 83' lang='grc' dir='ltr'><strong><em>πα-</em></strong></span> 
     </span>
     <span class='ocr_line' id='line_1_28' title="bbox 228 3008 1232 3098; baseline -0.001 -19"><span class='ocrx_word' id='word_1_219' title='bbox 228 3013 305 3080; x_wconf 83' lang='grc' dir='ltr'><strong><em>λαιδ</em></strong></span> <span class='ocrx_word' id='word_1_220' title='bbox 327 3021 445 3096; x_wconf 80' lang='grc' dir='ltr'><strong><em>ταῦτα,</em></strong></span> <span class='ocrx_word' id='word_1_221' title='bbox 472 3011 512 3076; x_wconf 77' lang='grc' dir='ltr'><strong><em>τὰ</em></strong></span> <span class='ocrx_word' id='word_1_222' title='bbox 535 3008 565 3076; x_wconf 91' lang='grc' dir='ltr'><strong><em>δ’</em></strong></span> <span class='ocrx_word' id='word_1_223' title='bbox 591 3011 745 3096; x_wconf 79' lang='grc' dir='ltr'><strong><em>ὕστερον·</em></strong></span> <span class='ocrx_word' id='word_1_224' title='bbox 774 3021 872 3077; x_wconf 84' lang='grc' dir='ltr'><strong><em>τοῦτο</em></strong></span> <span class='ocrx_word' id='word_1_225' title='bbox 895 3015 1000 3097; x_wconf 83' lang='grc' dir='ltr'><strong><em>μόνον</em></strong></span> <span class='ocrx_word' id='word_1_226' title='bbox 1023 3015 1060 3078; x_wconf 91' lang='grc' dir='ltr'><strong><em>τὸ</em></strong></span> <span class='ocrx_word' id='word_1_227' title='bbox 1084 3013 1232 3098; x_wconf 91' lang='grc' dir='ltr'><strong><em>δικαστή-</em></strong></span> 
     </span>
     <span class='ocr_line' id='line_1_29' title="bbox 229 3117 1278 3206; baseline -0.003 -21"><span class='ocrx_word' id='word_1_228' title='bbox 229 3142 305 3206; x_wconf 89' lang='grc' dir='ltr'><strong><em>ριον</em></strong></span> <span class='ocrx_word' id='word_1_229' title='bbox 327 3117 402 3203; x_wconf 82' lang='grc' dir='ltr'><strong><em>ούχλ</em></strong></span> <span class='ocrx_word' id='word_1_230' title='bbox 423 3118 602 3203; x_wconf 87' lang='grc' dir='ltr'><strong><em>τύραννος,</em></strong></span> <span class='ocrx_word' id='word_1_231' title='bbox 630 3117 692 3183; x_wconf 92' lang='grc' dir='ltr'><strong><em>ούκ</em></strong></span> <span class='ocrx_word' id='word_1_232' title='bbox 715 3118 916 3202; x_wconf 64' lang='grc' dir='ltr'><strong><em>ὀλιγαρχίη,</em></strong></span> <span class='ocrx_word' id='word_1_233' title='bbox 944 3118 985 3184; x_wconf 89' lang='grc' dir='ltr'><strong><em>οὐ</em></strong></span> <span class='ocrx_word' id='word_1_234' title='bbox 1008 3121 1221 3203; x_wconf 86' lang='grc' dir='ltr'><strong><em>δημοκρατία]</em></strong></span> <span class='ocrx_word' id='word_1_235' title='bbox 1232 3127 1278 3183; x_wconf 73' lang='grc' dir='ltr'><strong><em>οεε</em></strong></span> 
     </span>
     <span class='ocr_line' id='line_1_30' title="bbox 227 3221 1231 3310; baseline -0.002 -18"><span class='ocrx_word' id='word_1_236' title='bbox 227 3227 286 3302; x_wconf 88' lang='grc' dir='ltr'><strong><em>τδις</em></strong></span> <span class='ocrx_word' id='word_1_237' title='bbox 308 3225 450 3310; x_wconf 79' lang='grc' dir='ltr'><strong><em>φονικὰς</em></strong></span> <span class='ocrx_word' id='word_1_238' title='bbox 472 3225 565 3300; x_wconf 90' lang='grc' dir='ltr'><strong><em>δίκας</em></strong></span> <span class='ocrx_word' id='word_1_239' title='bbox 584 3221 768 3308; x_wconf 78' lang='grc' dir='ltr'><strong><em>ἀφελέσθαι</em></strong></span> <span class='ocrx_word' id='word_1_240' title='bbox 785 3227 993 3308; x_wconf 90' lang='grc' dir='ltr'><strong><em>τετόλμηκεν,</em></strong></span> <span class='ocrx_word' id='word_1_241' title='bbox 1017 3224 1099 3289; x_wconf 79' lang='grc' dir='ltr'><strong><em>ἀλλὰ</em></strong></span> <span class='ocrx_word' id='word_1_242' title='bbox 1117 3226 1231 3304; x_wconf 76' lang='grc' dir='ltr'><strong><em>πάντες</em></strong></span> 
     </span>
     <span class='ocr_line' id='line_1_31' title="bbox 229 3327 1279 3422; baseline -0.001 -25"><span class='ocrx_word' id='word_1_243' title='bbox 229 3331 471 3414; x_wconf 76' lang='grc' dir='ltr'><strong><em>ἀσθενέστερον</em></strong></span> <span class='ocrx_word' id='word_1_244' title='bbox 494 3327 536 3395; x_wconf 78' lang='grc' dir='ltr'><strong><em>δν</em></strong></span> <span class='ocrx_word' id='word_1_245' title='bbox 556 3331 593 3396; x_wconf 89' lang='grc' dir='ltr'><strong><em>τὸ</em></strong></span> <span class='ocrx_word' id='word_1_246' title='bbox 613 3330 743 3396; x_wconf 89' lang='grc' dir='ltr'><strong><em>δίκαιον</em></strong></span> <span class='ocrx_word' id='word_1_247' title='bbox 761 3328 872 3414; x_wconf 73' lang='grc' dir='ltr'><strong><em>εὑρεῖν</em></strong></span> <span class='ocrx_word' id='word_1_248' title='bbox 889 3331 1049 3413; x_wconf 79' lang='grc' dir='ltr'><strong><em>ήγούνται</em></strong></span> <span class='ocrx_word' id='word_1_249' title='bbox 1066 3329 1141 3416; x_wconf 78' lang='grc' dir='ltr'><strong><em>περὶ</em></strong></span> <span class='ocrx_word' id='word_1_250' title='bbox 1159 3333 1230 3422; x_wconf 90' lang='grc' dir='ltr'><strong><em>τού-</em></strong></span> <span class='ocrx_word' id='word_1_251' title='bbox 1276 3413 1279 3418; x_wconf 10' lang='grc' dir='ltr'>ἱ</span> 
     </span>
     <span class='ocr_line' id='line_1_32' title="bbox 228 3429 1283 3519; baseline 0.003 -18"><span class='ocrx_word' id='word_1_252' title='bbox 228 3460 296 3502; x_wconf 91' lang='grc' dir='ltr'><strong><em>των</em></strong></span> <span class='ocrx_word' id='word_1_253' title='bbox 319 3434 413 3503; x_wconf 84' lang='grc' dir='ltr'><strong><em>αὐτοὶ</em></strong></span> <span class='ocrx_word' id='word_1_254' title='bbox 435 3445 496 3501; x_wconf 86' lang='grc' dir='ltr'><strong><em>τοῦ</em></strong></span> <span class='ocrx_word' id='word_1_255' title='bbox 519 3437 606 3515; x_wconf 81' lang='grc' dir='ltr'><strong><em>παρὰ</em></strong></span> <span class='ocrx_word' id='word_1_256' title='bbox 628 3437 758 3512; x_wconf 87' lang='grc' dir='ltr'><strong><em>τούτοις</em></strong></span> <span class='ocrx_word' id='word_1_257' title='bbox 775 3434 959 3519; x_wconf 84' lang='grc' dir='ltr'><strong><em>εὑρημένου</em></strong></span> <span class='ocrx_word' id='word_1_258' title='bbox 978 3436 1117 3502; x_wconf 89' lang='grc' dir='ltr'><strong><em>δικαίου.</em></strong></span> <span class='ocrx_word' id='word_1_259' title='bbox 1153 3440 1230 3518; x_wconf 84' lang='grc' dir='ltr'><strong><em>πρὸς</em></strong></span> <span class='ocrx_word' id='word_1_260' title='bbox 1281 3429 1283 3436; x_wconf 41' lang='lat'><strong>⁴</strong></span> 
     </span>
    </p>
   </div>
   <div class='ocr_carea' id='block_1_4' title="bbox 0 0 1474 4180">
    <p class='ocr_par' dir='ltr' id='par_1_6' title="bbox 0 0 1474 4180">
     <span class='ocr_line' id='line_1_33' title="bbox 0 0 1474 4180; baseline 0 1"><span class='ocrx_word' id='word_1_261' title='bbox 0 0 1474 4180; x_wconf 95' lang='lat' dir='ltr'><strong><em> </em></strong></span> 
     </span>
    </p>
   </div>
  </div>
 </body>
</html>
