2614 3904
171 187 237 254 386
467 189 578 242 xxxu.
602 188 881 242 ΔΗετοΣΘτΝοτΣ
1071 169 1075 178 ’

1285 275 1286 310 ὀ

171 352 430 434 συντεθηκότος,
467 359 527 415 τοῦ
561 343 831 434 Ἀριστοφῶντος.
877 349 922 427 ώς
953 350 1016 433 γάρ
1049 348 1086 414 ἐκ
1117 359 1196 414 τῶν
1285 361 1286 428 j

171 457 372 541 πραγμάτων
395 454 506 532 ἁπλῶς
529 452 630 521 οὐδὲν
653 453 767 538 ἐώρων
790 455 921 521 δίκαιον
945 453 1074 531 ἑαυτοῖς
1095 454 1193 538 ἐνόν,
1285 523 1286 526 ,

172 561 465 647 ἐπικηρυκεύονται
488 569 532 648 τῷ
553 563 681 649 Πρώτῳ
704 559 760 627 καὶ
782 565 941 626 πείθουσι
962 555 1021 626 τὸν
1042 561 1250 646 ἀνθρώ-889

171 689 237 734 πον
268 666 426 734 ἐνδοῦναι
453 668 493 733 τὰ
520 663 690 752 πράγμαθ’
722 665 866 750 ἑαυτοῖς,
898 667 1096 749 πράττοντες
1124 663 1193 750 μὲν

172 773 216 851 ώς
243 775 329 839 ἔοικε
355 771 411 838 καὶ
439 771 472 853 ἐξ
499 772 600 858 ἀρχῆς
626 781 741 854 τοῦτο,
769 772 814 849 ὡς
841 771 921 856 ἡμῖν
948 781 1012 838 νῦν
1036 775 1193 854 φανερὸν

131 895 158 938 τι
172 877 320 962 γέγονεν,
345 878 386 944 ού
409 879 591 962 δυνάμενοι
615 873 652 944 δέ
672 888 793 943 πεῖσαι.
829 877 930 962 ὁγὰρ
950 882 1099 963 Πρῶτος,
1124 879 1193 957 ἕως

171 979 233 1068 μὲν
252 982 334 1070 ᾤετο
353 985 412 1050 τὸν
431 995 525 1050 σῖτον
542 982 661 1068 κέρδος
680 981 823 1048 ἐλθόντα
836 985 1000 1067 ποιήσειν,
1018 983 1190 1069 ἀντείχετο

171 1089 303 1172 τούτου,
326 1087 382 1156 καὶ
404 1095 531 1174 μᾶλλον
554 1082 663 1175 ᾑρεῖθ’
686 1088 786 1165 αύτός
804 1111 838 1156 τε
856 1089 1013 1174 κερδᾶναι
1031 1088 1087 1156 καί
1106 1091 1190 1175 ἡμῖν

171 1196 212 1262 τὰ
227 1189 325 1260 δίκαι’
342 1194 538 1278 ἀποδοῦναι,
556 1194 576 1280 ἣ
590 1197 881 1278 κατακοινωνήσας
893 1196 1033 1278 τούτοις,
1052 1205 1109 1280 τῆς
1124 1193 1190 1281 μὲν
1285 1211 1286 1214 ’

173 1299 334 1384 ὠφελείας
355 1301 493 1378 τούτους
514 1309 650 1384 ποιησαι
672 1303 821 1388 μερίτας,
849 1301 934 1385 ἡμᾶς
957 1298 987 1367 δ’
1015 1301 1189 1384 ἀδικῆσαι·

172 1407 217 1483 ὡς
236 1403 272 1472 δὲ
292 1402 381 1491 δεῦρ’
400 1406 537 1489 ἥκοντος
555 1405 659 1470 αὐτοῦ
678 1402 734 1471 καὶ
751 1404 827 1489 περὶ
841 1415 944 1471 ταῦτα
957 1428 1188 1492 πραγματευο-

173 1510 286 1597 μένου,
311 1511 473 1595 ἐπανῆκεν
492 1509 511 1575 δ
530 1521 631 1594 σῖτος,
655 1512 759 1595 ἀλλην
778 1509 905 1589 εὐθέως
923 1515 1019 1596 ἔλαβε
1039 1515 1186 1596 γνώμην.

133 1637 160 1679 ιι
173 1615 228 1684 καὶ
242 1610 296 1700 ἀμ’
313 1615 492 1703 (εἰρήσεται
506 1616 569 1700 γὰρ
584 1617 703 1700 ἀνδρες
714 1611 887 1700 Ἀθηναῖοι
901 1627 991 1688 πᾶσα
1004 1621 1086 1704 πρὸς
1100 1619 1188 1702 ὑμᾶς

172 1722 193 1805 ἡ
221 1720 375 1809 ἀλήθεια)
402 1719 457 1788 καὶ
484 1720 577 1804 ἡμεῖς
604 1723 640 1787 οί
667 1722 892 1800 δεδανεικότες
914 1727 1186 1811 προσεκρούομεν

174 1828 262 1915 αὐτῷ
282 1826 337 1894 καὶ
355 1839 478 1911 πικρῶς
492 1833 634 1911 είχομεν,
653 1837 710 1912 της
724 1851 758 1893 τε
774 1831 887 1912 ζημίας
900 1827 952 1912 ἐφ’
971 1829 1055 1914 ἡμᾶς
1069 1832 1186 1915 ὀούσης

172 1942 229 2018 τῆς
256 1931 331 2019 περὶ
357 1935 417 1999 τὸν
445 1944 553 2014 σῖτον,
582 1931 637 1998 καὶ
664 1934 879 2018 συκοφάντην
906 1931 981 1999 ἀντὶ
1007 1937 1185 2019 χρημάτων

174 2041 362 2124 αἰτιώμενοι
384 2048 504 2105 τοῦτον
527 2038 607 2123 ἡμῖν
630 2038 845 2123 κεκομικέναι.
883 2039 919 2104 ἐκ
941 2041 1081 2124 τούτων,
1105 2040 1185 2108 οὐδὲ

173 2147 274 2230 φύσει
304 2147 444 2231 χρηστὸς
477 2145 525 2210 ὢν
554 2145 734 2229 ἅνθρωπος
761 2146 934 2228 δηλονότι,
966 2144 1018 2210 ἐπὶ
1046 2149 1186 2225 τούτους

173 2252 353 2334 ἀποκλίνει,
376 2249 432 2316 καὶ
454 2262 621 2336 συγχωρεῖ
640 2252 700 2335 την
725 2252 821 2334 δίκην
845 2254 969 2336 ἔρημον
990 2253 1118 2336 ὀφλεῖν,
1141 2239 1184 2338 ἣν

173 2353 270 2433 οὗτος
294 2357 380 2444 αὐτῷ
405 2357 560 2440 λαγχάνει
582 2359 671 2441 τότε,
699 2351 746 2422 ὅτ’
773 2357 866 2423 οὔπω
889 2356 980 2423 ταῦτ’
1007 2358 1183 2444 ἐφρόνουν.

132 2485 158 2527 ιτ
173 2465 204 2530 εί
225 2459 285 2548 μὲν
307 2465 370 2548 γάρ
394 2461 499 2546 ἀφῆκε
520 2464 579 2528 τδυ
599 2467 752 2546 Πρῶτον,
776 2461 975 2547 ἐξελήλεγκτ’
998 2463 1040 2530 ἀν
1059 2464 1185 2542 εὐθέως

171 2568 256 2654 ἡμᾶς
279 2579 513 2653 συκοφαντῶν·
537 2567 655 2653 ὀφλεῖν
678 2566 715 2633 δὲ
738 2570 853 2654 παρὼν
877 2568 1002 2646 ἐκεῖνος
1025 2569 1066 2636 ού
1089 2587 1184 2636 συνε-

171 2678 281 2762 χώρει,
306 2673 349 2742 ίν’
378 2675 436 2742 ἐάν
458 2671 520 2759 μέν
544 2674 631 2760 αύτῷ
655 2685 796 2739 ποιῶσιν
820 2673 840 2739 ἃ
864 2675 1128 2760 ὡμολογήκασιν·
1155 2661 1188 2742 εί

173 2780 209 2848 δὲ
233 2785 293 2868 μὴ,
322 2782 383 2866 τὴν
407 2785 530 2866 ἔρημον
553 2779 719 2865 άντιλάχη.
766 2780 849 2846 ἀλλὰ
871 2785 907 2846 τί
926 2790 1041 2859 ταύτας
1070 2783 1103 2846 εί
1123 2778 1183 2866 μέν

172 2891 234 2974 γάρ
254 2887 275 2954 δ
293 2887 460 2973 γέγραφεν
479 2880 581 2963 οὗτος
593 2889 640 2962 είς
653 2887 690 2952 τὸ
706 2884 838 2971 ἔγκλημ’
857 2887 971 2969 ἐποίει,
991 2887 1053 2950 οὐκ
1066 2886 1183 2970 ὀφλεῖν

173 2992 215 3058 ἀν
243 2995 339 3078 δίκην
367 2995 515 3074 δικαίως,
545 2986 616 3057 ἀλλ’
647 2993 834 3058 ἀποθανεῖν
862 2992 880 3058 ό
908 2997 1046 3078 Πρῶτος
1074 2995 1183 3076 ἔμοιγε

174 3099 272 3164 δοκεῖ.
317 3099 349 3164 εί
375 3099 438 3182 γάρ
466 3097 503 3162 ἐν
531 3109 644 3173 κακοῖς
668 3095 722 3162 καὶ
746 3085 882 3181 χἐιμώυι
905 3107 1066 3164 τοσοῦτον
1090 3095 1184 3165 οἶνον

173 3208 300 3286 ἔπινεν,
330 3201 415 3269 ὥσθ’
447 3203 564 3287 ὅμοιον
593 3199 679 3269 εἶναι
707 3207 822 3290 μανία,
851 3207 887 3268 τί
910 3203 972 3268 οὐκ
999 3205 1089 3282 άξιός
1116 3204 1182 3270 ἐστι

133 3331 159 3372 ιε
173 3317 310 3386 παθεῖνς
330 3309 350 3392 ἢ
370 3311 401 3374 εί
417 3306 580 3393 γράμματ’
601 3309 767 3388 ἐκλεπτευς
788 3309 808 3392 ἢ
828 3311 859 3374 εί
876 3307 1081 3397 ὑπανίφγενς
1103 3309 1183 3375 ἀλλὰ

173 3425 275 3479 ταῦτα
303 3412 363 3497 μὲν
392 3413 487 3479 αὐτοὶ
514 3416 598 3497 πρὸς
626 3414 763 3492 ἑαυτοὺς
790 3415 883 3498 ὑμεῖς
911 3414 998 3492 ὅπως
1020 3411 1094 3480 ποτ’
1119 3419 1183 3501 ἔχει

175 3520 413 3598 διακρινεῖσθε
438 3527 477 3603 τῇ
502 3518 532 3584 δ’
560 3521 619 3605 ἐμῇ
644 3522 719 3605 δίκη
742 3517 847 3604 μηδὲν
871 3519 998 3603 ἐκείνης
1020 3523 1229 3606 πρόσαγεῖῖο
