2616 3910
459 197 557 250 111202
576 197 843 252 Πεατεικατοα.
1088 197 1154 262 453

145 361 279 421 πείθεται
302 357 318 422 ό
342 360 530 442 Νικόβουλος
552 359 603 424 καί
624 355 677 422 ὑπ’
702 359 794 423 αὐτοῦ
819 360 1038 441 Πανταινέτου,
1064 360 1146 423 καθά
1155 369 1207 418 966

145 475 249 536 φησιν,
268 455 453 538 ἀξιούμενος,
471 457 509 520 ού
526 458 669 540 πρότερον
688 452 716 518 δ’
733 455 897 537 ἀνεδέξατο,
914 455 986 538 πρίν
1003 455 1055 519 τὸν
1069 459 1154 517 Παν-

103 565 117 606 5
144 555 277 616 ταίνετον
295 552 402 632 ἀφεσιν
421 555 501 642 αὐτῷ
519 553 631 627 παντὸς
648 553 827 635 ἐγκλήματος
845 553 960 616 δοῦναι.
987 550 1004 615 ό
1023 550 1055 614 δὲ
1069 556 1154 614 Παν-

144 651 275 723 ταίνετος
308 649 397 713 ἔδωκε
429 649 483 732 μὲν
512 650 567 730 τὴν
594 649 702 729 ἀφεσιν
729 649 780 711 καί
806 649 923 731 ἐπράθη
950 649 986 712 τά
1012 650 1154 730 κτήματα,

144 744 234 809 ούδέν
257 741 286 808 δ’
311 740 399 826 ὴττον
422 747 472 811 καί
495 749 588 835 τούτῳ
610 747 665 826 τὴν
689 746 783 826 αύτὴν
806 747 900 829 ήνπερ
918 745 1042 833 Εύέργω
1066 748 1153 826 δίκην

144 843 248 924 εῖληχε,
271 844 444 923 μεταλλικὴν
466 843 701 926 ἐπιγραφόμενος
723 844 777 924 τὴν
800 845 899 923 δίκην,
922 841 962 916 ὡς
985 843 1023 922 δὴ
1046 853 1104 905 τῶν
1122 866 1153 905 τε

143 939 179 1000 τά
208 935 322 1019 μέταλλ’
347 940 547 1022 ἐργαζομένων
574 935 616 1014 είς
644 939 686 1002 ὢν
712 940 762 1002 καλ
787 939 854 1022 περί
881 938 1021 1020 μέταλλον
1048 938 1153 1019 ὴδικη-

144 1035 241 1116 μένος.
278 1035 396 1118 ἐγκαλεῖ
413 1026 446 1099 ’δέ
469 1043 509 1124 τῷ
528 1039 706 1122 Νικοβούλη)
728 1036 779 1099 καί
799 1036 866 1118 περί
888 1046 940 1116 τῆς
962 1045 1021 1098 τῶν
1041 1037 1152 1118 χρημά-

143 1156 202 1194 των
225 1131 406 1213 ἀφαιρέσεως
427 1142 487 1196 τῶν
505 1132 564 1195 όπδ
583 1142 635 1196 τού
654 1131 769 1196 οἰκέτου
786 1133 996 1214 κομιζομένων,
1018 1131 1070 1194 καί
1086 1131 1153 1214 περί

143 1239 195 1308 τὴς
218 1239 270 1291 τού
294 1230 485 1311 ἐργαστηρίου
505 1229 554 1290 καί
572 1238 631 1290 τῶν
650 1227 845 1310 ἀνδραπόδων
863 1232 995 1311 πράσεως
1014 1227 1054 1303 ὡς
1071 1228 1151 1312 παρὰ

143 1325 195 1399 τάς
213 1326 370 1404 συνθήκας
387 1325 595 1408 γεγενημένης,
612 1324 662 1386 καί
680 1325 779 1405 μέντοι
792 1326 842 1388 καί
855 1326 922 1408 περί
935 1325 1040 1408 ἐτέρων
1053 1335 1152 1388 τινῶν.

117 1420 162 1482 οδ
194 1419 226 1483 δέ
254 1421 442 1503 Νικόβουλος
468 1421 691 1504 παραγράφεται
716 1422 768 1486 τόν
795 1422 895 1505 ἀγῶνα
922 1418 994 1484 καθ’
1019 1421 1072 1485 ένα
1098 1419 1152 1503 μέν

144 1517 258 1580 ἐκεῖνον
282 1519 375 1599 νόμον
397 1519 449 1581 τὸν
472 1519 639 1599 κελεύοντα,
660 1519 726 1601 περί
749 1513 791 1582 ὧν
813 1519 852 1582 ἀν
870 1518 975 1600 άφεσις
992 1519 1042 1582 καλ
1059 1518 1151 1581 ἀπαλ-

145 1615 218 1696 λαγὴ
240 1613 370 1698 γένηται,
392 1615 594 1697 περὶτούτων
617 1610 717 1696 μηκέτ’
741 1615 848 1692 ἐξεῖναι
871 1618 1052 1697 δικάζεσθαι,
1075 1611 1148 1678 καθ’

145 1709 243 1793 ἕτερον
262 1706 291 1772 δ’
307 1711 432 1793 ἐκεῖνον,
450 1709 484 1786 δς
503 1712 667 1794 διαρρήδην
684 1712 736 1775 καί
753 1723 855 1790 σαφῶς
875 1710 963 1795 ὁρίζει
979 1713 1046 1795 περί
1060 1715 1151 1776 τίνων

145 1810 193 1870 δεῖ
220 1808 272 1883 τάς
304 1809 474 1889 μεταλλικάς
507 1811 591 1882 δίκας
623 1809 763 1890 εἰσάγειν,
795 1802 838 1871 διν
865 1809 954 1873 ούδέν
980 1810 1151 1872 πεπονθότα

144 1908 348 1968 Πανταίνετον
369 1905 484 1980 ἀτόπως
502 1905 577 1985 φησί
595 1905 767 1986 μεταλλικὴν
786 1907 957 1980 δικάζεσθαι
974 1909 1070 1986 δίκην.
1101 1907 1151 1969 καί

145 2001 205 2081 μὴν
227 2003 278 2065 καλ
299 2005 397 2086 τρίτον
419 2001 572 2084 παρέχεται
592 2002 698 2082 νόμον,
720 1999 754 2077 ός
777 2005 887 2085 διαιρεῖ
903 2003 970 2084 περὶ
990 2004 1085 2066 ποίων
1103 2004 1117 2066 ἐ
1135 2041 1150 2051 -

144 2100 299 2178 κλημάτων
321 2108 393 2163 ποῖα
415 2101 469 2182 χρὴ
492 2102 604 2183 κρίνειν
623 2101 794 2183 δικαστήρια
811 2099 861 2162 καί
878 2103 966 2174 ποίας
984 2099 1073 2183 ἀρχάς
1092 2103 1150 2162 είσ-

144 2195 226 2278 άγειν
248 2195 301 2270 τάς
324 2197 420 2270 δίκας·
449 2199 651 2259 Πανταίνετον
675 2195 707 2258 δέ
729 2214 803 2276 φησι
824 2196 904 2278 παρὰ
926 2207 1032 2259 τοῦτον
1054 2202 1150 2259 ποιεῖν

145 2291 196 2354 τόν
223 2292 333 2373 νόμον,
358 2290 467 2357 ποικίλ’
491 2290 645 2376 ἐγκλήματ’
670 2295 712 2367 είς
738 2293 845 2355 ταύτὸν
868 2295 992 2374 μίξαντα
1013 2293 1063 2355 καί
1084 2293 1151 2374 περί

144 2391 264 2451 πάντων
286 2388 320 2451 ἐν
341 2396 381 2476 τῷ
404 2396 563 2477 μεταλλικῷ
584 2391 760 2476 δικαστηρίω
778 2389 833 2468 τὴν
850 2392 1029 2472 κατηγορίαν
1046 2391 1150 2453 ποιού-

118 2505 244 2566 τμενον.
279 2491 319 2571 τῷ
342 2484 396 2566 μέν
419 2478 476 2549 ούν
498 2487 564 2569 περί
585 2497 637 2566 τής
660 2485 790 2565 ἀφέσεως
811 2487 892 2574 νόμῳ
909 2482 974 2548 κατ’
994 2487 1084 2568 ἀρχάς
1101 2485 1149 2548 κέ-

143 2606 260 2665 χρηται,
283 2589 346 2657 τοῖς
369 2580 400 2644 δέ
423 2584 479 2645 δύο
500 2590 563 2657 τοῖς
585 2582 693 2663 ἑτέροις
714 2583 762 2645 ἐπί
783 2594 837 2646 τοῦ
859 2583 970 2663 τέλους,
992 2585 1042 2646 καί
1059 2583 1149 2667 ἀρχό-

144 2703 232 2761 μενος
259 2677 318 2740 ἀπδ
344 2689 397 2760 τῆς
423 2689 620 2763 παραγραφῆς
644 2679 694 2740 καλ
715 2680 813 2762 λήγων
835 2681 877 2754 είς
899 2682 1017 2760 ταύτην.
1061 2681 1094 2743 ἐν
1117 2679 1149 2743 δέ

145 2776 222 2863 μέσφ
244 2776 299 2856 τὴν
322 2775 500 2839 εύθυδικίαν
521 2779 693 2858 πεποίηκεν,
713 2770 751 2856 ής
773 2776 907 2858 μέγιστον
928 2778 979 2840 καλ
999 2779 1149 2860 ἰσχυρότα-

144 2873 196 2936 τόν
223 2874 317 2954 ἐστιν,
346 2873 390 2936 ότι
416 2870 487 2954 μηδ’
512 2874 663 2955 ἐπιδημῶν
689 2873 827 2956 ἐτύγχανε
853 2875 916 2938 τότε
943 2876 1140 2957 Νικόβουλος,
1149 2888 1201 2936 966

145 2971 191 3034 ὅτε
214 2973 413 3046 Πανταίνετος
440 2970 563 3052 έπασχεν
590 2971 701 3052 ἐκεῖνα,
728 2966 777 3050 ἐφ’
799 2966 844 3045 οἷς
870 2966 929 3034 τότ’
954 2970 1077 3059 Εὐέργῳ
1099 2970 1150 3033 καί

144 3079 202 3133 νύν
225 3071 403 3156 Νικοβούλφ
424 3069 480 3149 τὴν
503 3071 592 3150 δίκην
614 3065 735 3150 εἴληχεν.

1296 3143 1298 3186 ι

232 3313 438 3378 Δεδωκότων
461 3307 487 3376 ὦ
511 3312 630 3397 ἀνδρες
653 3309 804 3376 δικασταὶ
825 3322 893 3376 τῶν
915 3313 1028 3394 νόμων
1045 3332 1148 3395 παρα·
1295 3187 1298 3387 ὴ

144 3419 349 3502 γράψασθαι,
371 3412 447 3498 περί
471 3409 518 3479 ὧν
540 3417 583 3480 ἀν
603 3439 652 3492 τις
670 3413 765 3498 ἀφείς
782 3413 838 3480 καί
855 3414 1040 3492 ἀπαλλάξας
1059 3416 1148 3480 δικά-

146 3527 247 3606 {mh
270 3519 498 3606 ννίνννλίνὲννν
521 3519 716 3604 ἀμφοτέρων
739 3544 796 3605 μοι
817 3522 900 3604 πρὸς
923 3523 1149 3586 Πανταίνετον
1294 3497 1297 3594 ὴ
