2614 3904
469 164 568 216 ΠΡΟΣ
588 166 758 219 ONHTOPA
776 168 807 219 A;
1075 165 1139 230 367

93 342 120 382 ιε
220 317 301 405 Ἐγὼ
328 326 444 388 τοίνυν
468 323 740 409 ὁμολογουμένως
763 325 849 390 οὕτω
874 321 964 393 ταῦτ’
991 325 1144 411 ἐλέγχων,

134 427 178 504 ὡς
201 425 274 492 οὐδ’
296 429 437 514 ὕστερον
461 429 639 514 ἀπέδοσαν,
664 426 755 514 οἶμαι
776 431 899 516 ῥᾳδίως
918 431 1091 510 ἐπιδείξειν
1110 432 1143 511 ἐξ

134 533 244 598 αὐτῶν
271 547 338 601 τῶν
366 535 619 620 πεπραγμένων,
648 533 731 601 ὥσθ’
759 536 838 621 ὑμίν
861 535 1019 619 γενέσθαι
1042 562 1144 622 φανε-

134 642 210 723 ρόν,
238 639 287 704 ὅτι
315 639 377 706 κάν
400 642 432 706 εί
452 642 496 726 μὴ
520 640 573 707 ἐπὶ
595 642 741 724 τούτοις,
770 635 839 706 ἀλλ’
866 640 919 706 ἐπὶ
942 651 986 730 τῷ
1012 644 1067 708 διὰ
1089 667 1144 708 τα-

132 743 217 830 χέων
240 745 424 812 ἀποδοῦναι
447 747 629 832 τάργύριον
652 743 753 831 είχον,
778 747 838 812 οὐκ
862 748 903 811 ἀν
926 745 997 813 ποτ’
1025 747 1143 814 ἀπέδο-

133 867 196 915 σαν
219 846 291 917 ούδ’
318 850 360 916 ἀν
382 863 558 935 προεῖντο·
577 853 730 930 τοιαύτας
752 853 896 936 ἀνάγκας
919 849 1007 937 εἶχεν
1030 855 1143 931 αὐτοῖς

91 977 117 1018 ιε
132 957 169 1021 τὸ
201 965 341 1042 πρᾶγμα.
388 958 449 1022 δύο
481 955 542 1042 μὲν
573 959 636 1041 γάρ
669 957 759 1023 ἐστιν
787 960 841 1042 ἔτη
869 960 909 1024 τά
936 959 1056 1043 μεταξὺ
1082 968 1143 1026 τοῦ

132 1067 330 1146 συνοικῆσαί
353 1080 387 1130 τε
414 1065 476 1148 την
499 1075 640 1147 γυναῖκα
663 1061 718 1130 καί
741 1071 845 1148 φῆσαι
868 1065 1007 1142 τούτους
1029 1087 1142 1131 πεποι·

131 1173 235 1250 ἧσθαι
252 1169 313 1251 τὴν
332 1169 522 1246 ἀπόλειψιν·
541 1169 682 1254 ἐγήματο
701 1165 762 1254 μὲν
781 1171 843 1253 γάρ
862 1168 913 1234 ἐπὶ
935 1175 1132 1254 Πολυζήλου
1142 1192 1194 1242 868

131 1273 290 1356 άρχοντος
308 1287 572 1359 σκιροφοριῶνος
591 1278 705 1358 μηνός,
728 1275 748 1358 ἡ
768 1268 799 1340 δ’
821 1275 992 1354 ἀπόλειψις
1011 1277 1140 1363 ἐγράφη

130 1380 333 1456 ποσιδεῶνος
364 1382 467 1465 μηνὸς
499 1379 551 1446 ἐπὶ
582 1382 822 1472 Τιμοκράτους·
855 1381 918 1464 ἐγὼ
952 1380 982 1448 δ’
1014 1382 1141 1460 εὐθέως

132 1485 226 1566 [μετὰ
251 1487 330 1562 τοὺς
357 1487 494 1571 γάμους]
521 1485 737 1570 δοκιμασθεὶς
759 1486 938 1553 ἐνεκάλουν
960 1487 1014 1554 καὶ
1039 1492 1140 1573 λόγον

132 1588 291 1674 ἀπῄτουν,
314 1589 369 1657 καὶ
391 1592 525 1658 πάντων
548 1592 832 1678 ἀποστερούμενος
854 1595 911 1671 τάς
935 1596 1028 1672 δίκας
1046 1595 1140 1678 ἐλάγ-

88 1721 115 1762 ιε
129 1715 233 1780 χανον
266 1695 317 1762 ἐπὶ
348 1706 408 1762 τοῦ
436 1698 539 1763 αὐτοῦ
567 1699 735 1783 ἀρχοντος.
780 1699 798 1765 δ
827 1700 868 1782 δὴ
896 1703 1015 1785 χρόνος
1043 1696 1140 1778 οὗτος

129 1802 304 1886 ὀφειλῆσαι
327 1800 387 1889 μὲν
410 1803 576 1889 ἐνδέχεται
599 1807 681 1870 κακά
702 1806 760 1882 τάς
784 1805 973 1890 ὁμολογίας,
996 1807 1139 1872 ἀποδοῦ-

128 1932 185 1974 ναι
213 1907 243 1973 δ’
275 1909 336 1975 οὐκ
356 1912 429 1995 ’ἔχει
457 1914 576 1993 πίστιν.
623 1910 659 1989 ὃς
686 1913 749 1997 γάρ
779 1914 834 1977 διὰ
861 1911 949 1978 ταῦτ’
978 1913 1010 1993 ἐξ
1039 1913 1139 1997 ἀρχῆς

130 2013 277 2097 ὀφείλειν
305 2017 409 2082 είλετο
437 2015 490 2082 καὶ
518 2020 618 2082 τόκον
644 2016 774 2102 φέρειν,
802 2019 857 2085 ἴνα
881 2019 924 2103 μὴ
947 2019 1138 2084 κινδυνεύοι

129 2117 150 2200 ἡ
178 2119 274 2203 προίξ
302 2124 381 2206 μετά
408 2130 465 2206 τῆς
493 2124 593 2206 άλλης
621 2123 750 2206 οὐσίας,
778 2119 855 2201 πῶς
876 2118 973 2201 οὗτος
998 2123 1039 2190 ἀν
1063 2123 1138 2189 ἀπέ-

130 2226 236 2290 δωκεν
262 2227 325 2310 ἥδη
354 2229 414 2310 τὴν
441 2229 537 2312 δίκην
561 2230 758 2313 φεύγοντος,
788 2229 824 2308 ὃς
847 2233 878 2295 εί
899 2230 954 2297 καί
977 2225 1043 2296 τότ’
1071 2231 1138 2296 ἐπί-

130 2347 261 2414 στευσε,
288 2331 455 2416 τηνικαῦτ’
482 2332 524 2398 ἀν
548 2334 727 2418 ἀπολαβεῖν
751 2335 917 2420 ἐζητησεν;
945 2337 1008 2402 οὐκ
1031 2339 1138 2402 ἔνεστι

89 2461 114 2500 ιι
130 2438 303 2520 δήπουθεν
331 2433 356 2502 ὦ
385 2439 504 2522 ἀνδρες
530 2441 688 2506 δικασταί.
735 2441 818 2506 ἀλλὰ
841 2443 905 2527 μην
929 2443 973 2519 ὡς
996 2441 1136 2525 ἐγήματο

129 2539 190 2627 μὲν
216 2542 236 2625 ἡ
264 2543 349 2626 γυνη
378 2541 455 2609 καθ’
483 2544 522 2610 ὃν
551 2544 614 2628 ἐγὼ
643 2544 727 2629 λε’γοι
750 2549 888 2631 χρόνον,
917 2548 1079 2614 ἀντίδικοι
1103 2546 1133 2614 δ’

128 2647 221 2732 ἡμεῖς
248 2651 311 2734 ἤδη
339 2644 612 2733 πρὸςάλληλους
639 2650 675 2717 ἐν
702 2661 747 2740 τῷ
772 2653 891 2737 μεταξὺ
913 2658 1022 2742 χρόνῳ
1045 2653 1137 2720 κατί-

129 2771 261 2838 στημεν,
285 2755 426 2840 ὕστερον
450 2751 480 2820 δ’
503 2754 523 2838 ἣ
548 2756 611 2838 ἐγὼ
634 2758 694 2840 την
719 2759 815 2840 δίκην
838 2761 956 2842 ἔλαχον
978 2759 1039 2842 τὴν
1058 2759 1137 2826 ἀπό-

128 2864 238 2938 λειψιν
262 2855 354 2926 οὗτοι
376 2861 459 2944 πρὸς
481 2862 539 2926 τὸν
563 2859 694 2945 ἄρχοντ’
716 2862 959 2947 ἀπεγράψαντο,
983 2864 1066 2948 λαβέ
1081 2890 1137 2950 μοι

128 2962 205 3030 καθ’
232 2964 369 3032 ἕκαστον
392 2967 591 3045 ταύταςτὰς
614 2972 802 3053 μαρτυρίας.

535 3179 724 3244 ακεηνειε.

218 3287 312 3350 Μετὰ
340 3289 455 3351 τοίνυν
482 3294 602 3351 τοῦτον
629 3287 687 3351 τὸν
716 3288 859 3370 ἀρχοντα
883 3291 1136 3375 Κηφισόδωρος,

128 3394 229 3456 Χίων.
277 3390 329 3456 ἐπὶ
352 3392 479 3458 τούτων
502 3391 681 3457 ἐνεκάλουν
704 3394 933 3476 δοκιμασθείς,
958 3397 1075 3477 ἔλαχον
1099 3393 1135 3459 δὲ

128 3498 189 3579 τὴν
205 3497 301 3578 δίκην
316 3494 368 3560 ἐπὶ
382 3498 613 3579 Τιμοκράτους.
637 3493 715 3580 λαβέ
729 3498 852 3580 ταύτην
867 3499 927 3584 την
941 3501 1124 3582 μαρτυρίαν
