2596 3898
144 119 216 174 exn
279 120 566 174 COMMENTARIUS
585 119 746 176 οοιτοοοε
764 119 900 189 (xxxvl,
914 121 1020 188 ι-ιι).

143 277 236 332 locum
257 285 329 346 534,
351 278 400 333 ubi
420 279 572 349 opponiIur
591 278 734 347 Pasicles),
759 279 808 332 sed
829 274 910 340 οὗτος
930 279 1097 332 constanter.
1118 307 1150 315 -

143 357 362 427 (ἀσπιδοπήγιον
385 359 477 426 codd„
503 357 559 412 nisi
582 357 657 426 quod
682 359 903 427 ἀσπιδοπηγεῖον
925 374 981 425 mg.
1002 357 1033 410 B.
1070 355 1151 410 Simi-

144 435 209 491 liter
229 443 260 503 §§
282 444 323 492 11.
345 445 385 492 13.
404 445 448 494 23.
466 444 520 495 35.)
546 470 575 476 -
603 439 714 491 ὃίδιον
733 436 796 506 (br.)
821 436 874 491 del.
894 436 1012 504 Sandys.
1033 467 1063 475 -
1087 437 1152 504 post

145 512 175 571 έν
194 532 249 573 om.
268 534 330 570 cum
348 517 374 570 A
397 513 447 572 οὖν
470 525 528 580 τοῖς
551 515 725 583 πεντήκοντα
744 515 897 578 ταλάντοις.
930 515 1036 581 01:111,
1058 521 1098 570 10.
1118 545 1151 554 -

144 596 218 652 Fort.
239 591 269 650 έν
288 597 396 660 τούτοις
413 594 441 650 δ’
458 597 528 656 ἀπδ;
547 614 573 650 v.
588 599 684 649 Iamen
702 595 804 664 Hyper.
820 596 887 650 Eux.
902 612 925 652 ο.
941 600 983 663 28,
1003 601 1032 659 λς
1052 600 1093 661 29,
1111 601 1151 647 ll.

145 680 190 738 143
210 681 252 742 36,
275 681 313 728 15.
338 707 372 717 -—
395 676 414 730 6
437 675 525 744 αυτὴν
544 683 592 744 τῆς
611 675 629 729 S
649 675 748 743 (αὐτὴν
767 674 819 744 τὴν
836 681 885 743 τῆς
903 675 949 744 Α)ι
977 674 1082 743 ταύτην
1100 672 1152 742 τὴν

144 760 198 821 τῆς.
228 753 268 809 cf.
288 761 360 822 513„
382 786 413 796 -
434 755 499 809 secl.
518 753 669 826 λαμβάνων
689 754 752 811 coll.
771 759 843 820 ς13.
865 786 896 794 -
916 757 1106 824 (προειεμενος
1125 753 1151 819 S,

144 831 309 901 προιέμενος
323 834 367 902 aL,
382 833 548 903 προειμένος
557 834 653 904 Wolf.)
668 865 700 873 —
717 834 781 890 secl.
793 831 832 896 είς
840 833 892 902 τὴν
902 835 1040 904 μίσθωσιν
1049 833 1107 904 (h).
1119 864 1150 872 -

146 913 160 965 7
180 913 246 967 mal.
266 913 335 983 μετὰ
353 923 442 968 ταῦτα
460 921 497 987 τῷ
517 916 644 968 Πασίωνι
663 913 733 984 (br.)
755 945 786 954 -
813 912 952 985 (ταυτηνίΙ
971 913 1077 981 ταύτην
1096 912 1151 967 SA.

145 991 258 1062 0140.)
280 1023 315 1034 -
340 995 530 1064 (ΔΙΑΘΗΚΗ]
554 995 730 1064 ἀντίγραφον
749 993 816 1061 SA.)
838 1023 868 1032 -—
894 994 959 1061 post
977 1000 1079 1050 κοινῶν
1098 1008 1152 1046 om.

144 1070 233 1125 ὄντων
251 1089 315 1125 oum
332 1071 391 1137 FQ.
425 1073 465 1130 cf.
483 1073 569 1140 infra,
596 1072 627 1126 it.
648 1079 662 1138 ξ
684 1080 726 1128 39.
751 1105 783 1113 -
806 1073 915 1134 τούτοις
933 1090 972 1128 v.:
1000 1071 1152 1134 τοάτουςὸ

144 1150 196 1205 Dd.
218 1183 249 1190 -
274 1153 292 1205 9
310 1152 376 1208 mal.
396 1154 569 1207 ἀπεδίδοσαν
588 1153 676 1224 τούτῳ
694 1151 752 1222 (h.)
772 1183 806 1196 -
834 1147 1046 1221 ἐπιγιγνομένας
1065 1149 1153 1215 SFQ=

145 1225 353 1299 έπιγενομένας.
375 1264 405 1271 -
428 1233 465 1286 10
483 1231 616 1286 ἁπάντων
635 1235 701 1301 post
718 1239 773 1286 τῶν
792 1231 882 1286 ἄλλων
901 1246 955 1286 om.
970 1231 1003 1286 A.
1025 1263 1056 1270 --
1076 1233 1154 1298 (ταυ-

144 1310 220 1380 τηνὶ]
245 1311 349 1380 ταύτην
368 1328 409 1380 pr.
429 1311 447 1365 S
471 1311 494 1383 [ι
513 1311 577 1363 add.
598 1310 673 1382 οοδ]
692 1309 793 1377 Am.)
817 1341 850 1350 -
880 1310 914 1364 11
939 1309 999 1378 (καὶ
1016 1310 1109 1382 λαβὼν
1128 1351 1152 1366 ..

146 1389 367 1458 ἀσπιδοπηγεῖον
381 1407 434 1444 om.
451 1391 489 1458 S.)
509 1423 540 1431 -
561 1392 627 1448 mal.
639 1388 838 1458 Ἀπολλόδωρος
856 1391 965 1457 αἵρεσιν
981 1388 1028 1442 vel
1046 1390 1153 1456 αίρεσιν

146 1464 226 1530 οὗτος
244 1468 314 1540 (br).
333 1501 362 1508 -
383 1468 466 1540 (ίδία]
486 1470 535 1526 καὶ
550 1471 587 1537 S.)
607 1503 640 1512 -
661 1471 726 1526 secl.
740 1463 776 1538 ἦν
793 1472 860 1538 post
876 1467 1015 1537 πρόσοδος
1034 1468 1104 1536 (br).
1121 1499 1151 1506 -

145 1545 237 1617 (ἥδιον
256 1548 354 1603 Wolf.:
376 1548 473 1617 ἡδέῖον
491 1550 523 1617 Α,
544 1551 617 1604 ίδιον
638 1551 722 1620 Sal.)
749 1582 768 1588 —
795 1547 859 1602 secl.
879 1549 939 1601 ίδια
958 1548 1017 1616 (h).
1037 1579 1068 1586 -
1088 1550 1153 1615 post

145 1627 233 1681 είλετο
257 1627 288 1681 τὸ
312 1629 377 1684 ἀσπ,
401 1645 454 1682 om.
479 1631 576 1683 οὑτοσί
597 1626 688 1698 (οὗτος
711 1629 739 1700 S)
762 1645 825 1682 cum
843 1627 875 1680 A.
913 1625 952 1680 cf.
973 1633 1005 1680 13
1024 1628 1093 1682 extr.
1120 1660 1149 1666 --

147 1707 182 1762 12
200 1708 413 1778 (συκοφαντεῖν]
433 1707 615 1778 συκοφάντην
629 1709 647 1762 S
661 1711 714 1778 pr.)
734 1738 766 1748 -
782 1707 827 1774 (τὸ
842 1708 908 1760 οολο
922 1714 1021 1760 τοῦτον
1041 1701 1072 1760 έν
1090 1723 1153 1758 cum

146 1783 169 1850 Q
189 1802 242 1840 om.
261 1803 302 1854 pr.
323 1785 353 1854 S,
375 1787 441 1842 add.
460 1787 533 1858 ead.)
562 1819 593 1830 ·-
622 1786 733 1859 μηδὲν]
757 1783 827 1856 μηδὲ
847 1785 884 1855 S.)
909 1816 941 1824 -
964 1782 1080 1852 ὕστερον
1099 1801 1152 1837 om.

147 1863 205 1928 FQ.
238 1863 278 1918 Cf.
299 1871 313 1930 ξ
334 1872 380 1930 87ς
402 1872 443 1922 13.
467 1897 500 1906 —-·
525 1865 590 1919 secl.
610 1867 745 1936 ἀργυρίου
764 1866 826 1935 (h),
849 1880 899 1933 pro
923 1881 977 1933 quo
1000 1867 1153 1934 μαρτυρίου

146 1961 188 2012 pr.
207 1943 233 1998 S.
267 1943 321 1997 Sed
341 1943 427 1998 etiam
446 1951 495 1997 τοῦ
515 1945 576 1998 ἴσου
599 1947 709 2013 pugnat
728 1961 790 1998 eum
809 1950 823 2009 ς
843 1951 885 2010 37,
909 1960 999 2012 neque
1016 1943 1154 2013 repetitur

146 2029 161 2088 ξ
182 2029 222 2077 13.
249 2054 280 2063 -
311 2023 347 2076 13
373 2025 550 2090 ἀπεστερεῖτο
575 2023 593 2076 S
617 2040 642 2076 v.
665 2024 856 2093 (ἀποστεροῖτο
880 2022 954 2090 FQ):
983 2022 1153 2092 ἀπεστέρητο

146 2101 279 2156 Schaefer
296 2101 349 2156 Dd.
378 2100 418 2155 cf.
438 2109 485 2167 36;
512 2101 653 2169 XXXVII,
673 2110 720 2166 3ος
744 2102 898 2170 XXXVIII,
918 2109 951 2157 20
970 2103 1006 2158 al.
1031 2135 1061 2142 —
1089 2106 1154 2171 post

146 2188 286 2250 προσῆκεν
305 2179 387 2234 omisi
406 2177 524 2244 έκείνοις
543 2197 606 2234 cum
620 2179 679 2245 FQ.
700 2212 732 2221 -
753 2181 789 2235 14
808 2179 859 2250 μέν
877 2182 985 2256 τοίνυν]
1005 2180 1100 2250 μέντοι
1113 2182 1152 2246 A;

146 2259 211 2315 mal.
227 2257 286 2329 μέν.
305 2291 334 2300 -
355 2260 540 2314 delendumne
556 2257 632 2314 ἰδίαν
646 2260 727 2330 (br.)?
746 2277 782 2314 an
797 2256 952 2330 ἐμίσθωσεν
966 2264 996 2315 et
1009 2259 1150 2329 παρέδωκ’

147 2343 179 2393 αλ
197 2345 212 2405 ἓ
234 2345 282 2394 13?
310 2340 362 2393 Pro
381 2339 468 2394 fratre
486 2338 540 2394 hoo
557 2339 664 2392 fecerat
682 2339 881 2408 Apollodorum
904 2341 953 2394 sed
971 2339 1153 2396 manumissio

146 2419 183 2474 ab
198 2421 316 2487 utroque
330 2421 416 2472 fratre
431 2420 509 2472 facta
523 2421 567 2472 est
584 2420 736 2489 (ἀφεῖσαν).
758 2449 789 2459 -
810 2417 835 2474 τ’
852 2422 974 2489 ἀφεῖσαν
988 2418 1052 2484 FQ:
1071 2421 1154 2488 ἀφεῖ-

148 2518 208 2554 σαν.
225 2530 255 2536 --
275 2497 368 2552 πάντα
382 2495 475 2552 ταῦτ’
491 2497 543 2553 Dd.
559 2515 620 2551 cum
636 2498 672 2562 A3
693 2499 742 2552 sed
760 2507 848 2553 ταῦτα
862 2498 892 2551 iu
906 2499 924 2553 S
939 2502 983 2554 est
995 2501 1062 2567 post
1074 2499 1154 2567 ἀκρι-

147 2580 209 2651 βῶς,
229 2580 294 2646 post
307 2577 400 2632 εἰδυῖα
414 2597 448 2647 v.,
467 2594 557 2645 neque
577 2576 734 2631 sententiae
753 2577 891 2632 convenit.
905 2610 940 2620 -
956 2575 1153 2648 Ἀπολλόδωρος

148 2657 176 2710 in
195 2677 227 2727 γρ
251 2656 357 2710 habent
375 2656 434 2722 FQ.
454 2689 486 2697 —
512 2660 664 2727 (δισχιλίας
683 2657 720 2725 S.)
746 2689 774 2696 -
801 2658 838 2710 15
861 2658 947 2712 αὐτὸν
965 2660 1031 2726 post
1049 2653 1153 2727 ἐχθρὸν

147 2739 211 2792 add.
231 2737 284 2793 Dd.
299 2755 362 2791 cum
381 2737 399 2791 S
417 2739 493 2807 (post
512 2734 585 2790 εἶναι
605 2737 695 2790 estin
714 2737 764 2804 Ar,
783 2737 835 2790 rell
858 2741 931 2805 om.)
950 2769 984 2777 -
1004 2738 1040 2790 16
1059 2738 1154 2806 (ἀφίει

148 2819 166 2871 S
184 2817 245 2873 rell.
264 2819 376 2886 praeter
395 2832 463 2869 corr.
482 2816 525 2885 F.)
553 2847 587 2858 -
616 2817 653 2871 18
676 2817 746 2886 πρὸς
765 2813 967 2886 Ἀπολλόδωρον
991 2816 1066 2887 (οι.]]
1089 2817 1153 2872 fort.

147 2897 216 2966 πρὸς
239 2905 352 2959 τοῦτον;
377 2895 411 2950 cf.
431 2901 473 2949 22.
496 2926 530 2936 -
555 2897 592 2950 19
612 2892 734 2965 ένείματ’
756 2894 792 2950 ἀν
811 2913 875 2950 εοεαε
899 2894 935 2950 ἀν
955 2892 1083 2964 ένείματο
1101 2896 1152 2966 (br.

148 2976 210 3046 bis).
233 3007 261 3016 -
289 2975 328 3029 20
347 2977 488 3042 Πασικλῆς
505 2974 569 3040 FQ:
598 2974 613 3029 ὁ
634 2980 668 3028 II.
688 3007 721 3015 -
744 2974 919 3046 (κατέλειπεν
939 2975 976 3041 S.)
997 3007 1028 3014 —-
1053 2976 1088 3029 21
1110 2975 1154 3043 (τὰ

147 3054 307 3127 γράμματα]
331 3053 362 3108 τὸ
381 3052 494 3123 γράμμα
514 3054 548 3122 S.)
570 3085 605 3094 —
628 3053 749 3108 alterum
768 3055 834 3123 ὑμῖν
854 3057 930 3122 (post
948 3055 1059 3125 ἀναγν.)
1077 3055 1154 3110 dele-

148 3134 243 3190 verim.
262 3166 297 3176 -
316 3134 508 3204 (ΜΑΡἹὝΡΙΑ
523 3133 562 3203 S.)
576 3165 608 3174 -
628 3134 666 3186 ‘23
684 3132 739 3203 ἤδη
753 3150 807 3188 om.
822 3133 873 3198 PQ
887 3132 952 3204 (ἥδη
967 3135 1015 3187 καλ
1028 3134 1095 3191 hab.
1108 3135 1153 3204 A).

149 3245 179 3253 —
200 3214 237 3267 24
252 3209 373 3283 (είδῆθΊ
389 3213 465 3280 ἴδητε
486 3229 553 3268 corr.
568 3213 595 3280 S,
615 3215 700 3282 ηδητε
715 3231 756 3281 pr.
772 3213 811 3281 S.)
827 3244 858 3253 -
878 3214 927 3268 τὸν
941 3213 1028 3284 νόμον
1042 3211 1076 3268 θ’
1089 3232 1153 3271 sen:

147 3293 196 3347 τὸν
214 3291 301 3360 νόμον
315 3310 336 3356 r,
356 3289 404 3345 τόν
418 3311 447 3345 τε
461 3290 549 3360 νόμον
564 3309 590 3348 v.
605 3292 676 3362 (br.)
695 3325 723 3332 -
742 3293 833 3360 (ἀφίει
847 3292 894 3348 hio
909 3309 1019 3361 quoque
1034 3293 1102 3365 SA.)
1121 3325 1153 3334 —-

149 3373 213 3437 post
227 3368 363 3426 Ἀπολλόδ.
384 3387 438 3428 om.
458 3373 606 3440 Φορμίωνα
629 3389 693 3426 cum
712 3372 769 3427 SA.
796 3405 827 3412 —
851 3373 887 3426 25
913 3374 972 3442 (καί
995 3371 1047 3428 ὅσα
1065 3394 1107 3437 τις
1126 3417 1154 3430 ..

147 3447 185 3516 μὴ
200 3445 273 3502 εἷναι
288 3451 369 3511 δίκας
383 3466 436 3504 om.
449 3469 490 3520 pr.
502 3450 540 3520 S.)
559 3482 591 3491 -
610 3450 715 3522 (αἰτίαν
730 3449 939 3523 αἰτιασάμενος]
955 3473 1156 3524 αιτιαναμευος
