2590 3900
141 215 207 282 258
447 219 543 272 XXIV.
567 216 846 271 ΔΗΜΟΣΘΕΝΟΤΣ

88 375 161 444 ¹⁸⁴6
189 385 339 454 τοιοῦτος
365 379 551 462 ἅνθρωπος.
597 377 680 443 ἀλλὰ
707 371 782 462 μετ’
802 377 988 460 Εὐκλείδην
1017 371 1149 460 ἄρχοντ’

142 477 169 550 δ
188 484 308 569 ἄνδρες
327 483 488 567 δικασταί,
506 495 639 569 πρῶτον
657 479 719 568 μὲν
734 485 975 566 Θρασύβουλον
993 483 1052 547 τὸν
1066 484 1153 547 Κολ-
1284 488 1285 506 ³

143 588 241 654 λυτέα
265 589 385 666 πάντες
408 587 578 675 μέμνησθε
602 587 654 666 δὶς
677 587 818 655 δεθέντα
840 586 897 654 καὶ
919 584 1067 672 κριθέντ’
1094 585 1153 670 ἀμ-

143 691 286 778 φοτέρας
307 696 365 771 τὰς
387 698 511 781 κρίσεις
533 694 570 760 έν
592 703 638 782 τῷ
662 696 769 783 δήμῳ·
797 698 905 760 καίτοι
926 704 993 759 τῶν
1016 692 1052 760 ἐκ
1076 698 1154 760 Πει·

143 810 245 884 ραιῶς
276 799 361 865 κάπὸ
392 803 504 883 Φυλῆς
536 795 634 878 οὗτος
665 795 716 884 ἦν.
766 802 876 866 ἔπειτα
907 798 1069 877 Φιλέψιον
1094 801 1155 865 τὸν

143 904 331 990 Λαμπτρέα.
386 900 500 971 ἔπειτ’·
521 901 697 990 Ἀγύρριον
733 905 792 971 τὸν
824 904 1011 989 Κολλυτέα,
1047 905 1154 989 ἄνδρα

142 1012 288 1096 χρηστὸν
313 1008 368 1076 καί
392 1012 573 1095 δημοτικὸν
595 1009 650 1077 καὶ
672 1008 748 1097 περὶ
770 1012 807 1077 τδ
831 1015 961 1094 πλῆθος
982 1011 1020 1077 τὸ
1042 1009 1155 1094 ὑμέτε-

91 1130 132 1174 ῑτῦ
145 1139 207 1202 ρον
228 1117 336 1182 πολλὰ
358 1117 607 1183 σπουδάσαντα·
633 1114 705 1183 ἀλλ’
728 1118 816 1202 ὅμως
834 1119 912 1193 τοὺς
929 1119 1055 1201 νόμους
1073 1115 1155 1205 ᾤετο

7 1291 8 1300 ,
145 1222 217 1287 δεῖν
239 1220 294 1287 καί
317 1221 416 1300 αύτδς
438 1223 563 1300 ἐκεῖνος
586 1222 718 1307 ὁμοίως,
742 1223 851 1308 ὥσπερ
872 1220 925 1288 έπλ
943 1232 1014 1300 τοϊς
1032 1221 1156 1288 άδυνά-

143 1350 227 1411 τοις,
255 1327 343 1393 ούτω
370 1325 426 1394 καὶ
454 1325 507 1413 ἐφ’
533 1328 623 1416 αύτῷ
650 1329 792 1413 ἰσχύειν,
820 1325 875 1394 καὶ
898 1326 1028 1410 ἐγένετο
1051 1327 1088 1393 έν
1109 1335 1155 1415 τῷ

145 1435 297 1517 οίκηματι
319 1435 425 1522 τούτῳ
449 1435 555 1500 πολλὰ
578 1436 645 1517 έτη,
668 1433 730 1511 ἕως
751 1435 792 1499 τδ
814 1437 963 1518 χρήματα
986 1431 1156 1498 ἀπέτεισεν

145 1537 166 1605 δ
188 1538 281 1618 ἔδοξε
304 1548 362 1622 της
384 1542 510 1616 πόλεως
532 1535 601 1605 ὄντ’
626 1541 726 1624 ἔχειν·
749 1536 805 1605 καὶ
827 1537 877 1605 ἐπ’
900 1537 1014 1628 ἐκείνω
1034 1542 1156 1604 Καλλί·

145 1664 284 1732 στρατος
303 1645 489 1730 δυνάμενος
506 1641 561 1710 καλ
579 1643 782 1729 ἀδελφιδοῦς
796 1643 843 1710 ὢν
858 1643 962 1710 αὐτοῦ
976 1644 1038 1711 οὐκ
1052 1644 1157 1710 ἐτίθει

143 1755 278 1837 νόμους.
322 1749 378 1816 καλ
401 1750 606 1836 Μυρωνίδης
633 1749 651 1816 ὁ
677 1747 831 1835 Ἀρχίνου
856 1751 944 1833 υίός,
971 1760 1033 1817 τοῦ
1059 1774 1156 1816 κατα-

145 1860 306 1941 λαβόντος
331 1857 447 1940 Φυλην
473 1853 530 1921 καὶ
557 1857 638 1940 μετά
664 1878 702 1940 γε
729 1858 808 1932 τοὺς
834 1859 935 1933 θεοὺς
960 1857 1156 1922 αίτιωτάτου

146 1965 243 2040 ὄντος
265 1971 322 2046 της
339 1963 492 2028 καθόδου
509 1969 555 2050 τῷ
574 1962 678 2050 δήμςο,
701 1959 756 2027 καὶ
774 1963 858 2027 ἄλλα
876 1963 982 2028 πολλὰ
1000 1959 1055 2027 καὶ
1073 1963 1157 2027 καλδ

145 2066 438 2153 πεπολιτευμένου,
471 2064 526 2132 καὶ
558 2065 836 2151 ἐστρατηγηκότος
865 2067 1031 2144 πολλάκις.
1081 2063 1152 2133 ἀλλ’

94 2191 134 2233 ²⁸⁸
147 2175 235 2259 ὅμως
266 2174 407 2250 ἅπαντες
434 2167 524 2237 οὗτοι
554 2170 719 2257 ὑπέμενον
745 2174 823 2249 τοὺς
850 2174 982 2256 νόμους.
1027 2169 1082 2237 καὶ
1110 2172 1146 2237 οί
1158 2185 1209 2234 743

145 2284 258 2365 ταμίαι
282 2278 334 2364 ἐφ’
359 2273 407 2344 ὧν
431 2277 448 2343 δ
468 2273 709 2362 Ὀπισθόδομος
732 2277 934 2361 ἐνεπρήσθη,
956 2274 1011 2342 καὶ
1034 2277 1070 2342 οί
1090 2288 1156 2341 τῶν

146 2395 204 2469 τῆς
234 2390 320 2451 θεοῦ
351 2382 406 2449 καί
438 2383 474 2448 οί
500 2393 567 2474 τῶν
594 2384 705 2449 ἄλλων
731 2388 837 2466 θεῶν,
870 2382 907 2448 έν
933 2390 978 2470 τῷ
1007 2384 1157 2466 οίκήματι

146 2492 252 2580 τούτῳ
275 2484 370 2574 ἦσαν,
394 2488 456 2566 ἕως
477 2487 498 2572 ἡ
521 2491 629 2572 κρίσις
652 2487 763 2565 αὐτοῖς
784 2487 921 2570 ἐγένετο.
958 2484 1013 2554 καί
1032 2488 1067 2552 οί
1081 2485 1157 2572 περὶ

147 2599 207 2664 τὸν
226 2607 320 2662 σῖτον
339 2596 467 2660 ἀδικεῖν
486 2595 649 2677 δόξαντες,
673 2592 728 2660 καλ
747 2595 842 2660 ἄλλοι
860 2592 977 2660 πολλοὶ
996 2589 1022 2659 ὦ
1039 2594 1158 2677 ἄνδρες

95 2719 134 2762 ¹³⁷
149 2705 315 2785 δικασταί,
347 2701 466 2777 πάντες
497 2702 648 2783 βελτίους
677 2694 913 2785 Ἀνδροτίωνος
941 2701 1042 2777 ὄντες.
1088 2695 1158 2764 εἶτα

147 2810 279 2885 τούτοις
301 2802 363 2892 μέν
385 2807 453 2871 ἔδει
475 2809 612 2890 κυρίους
630 2808 709 2883 τοὺς
726 2807 827 2871 πύλαι
845 2804 1017 2889 κειμένους
1033 2808 1159 2889 νόμους

149 2911 250 2998 εἶναι,
278 2910 334 2979 καλ
362 2910 541 2978 δεδωκέναι
570 2913 667 2996 δίκην
695 2912 816 2989 αύτούς
842 2914 924 2977 κατὰ
951 2913 1029 2988 τοὺς
1056 2910 1158 2994 ὑπάρ-

148 3043 268 3107 χοντας
290 3023 425 3104 νόμους·
450 3015 494 3083 δι’
517 3015 740 3101 Ἀνδροτίωνα
764 3012 800 3083 δέ
823 3014 878 3083 καὶ
898 3016 1086 3100 Γλαυκέτην
1104 3016 1159 3082 καλ

149 3127 361 3194 Μελάνωπον
383 3125 500 3190 καινὸν
524 3124 575 3189 δελ
596 3123 755 3206 γενέσθαι
777 3125 898 3208 νόμον,
929 3123 984 3187 διὰ
1006 3124 1085 3200 τούς
1108 3121 1159 3189 ἕα-

150 3234 296 3308 λωκότας
322 3228 377 3295 καλ
404 3233 505 3317 ψήφῳ
533 3227 746 3313 κεκριμένους
768 3230 850 3294 κατὰ
871 3229 949 3305 τούς
971 3229 1072 3293 πάλαι
1095 3252 1159 3294 κει·

151 3336 272 3421 μένους
299 3337 436 3419 νόμους,
464 3332 519 3400 καὶ
547 3334 706 3412 δόξαντας
719 3336 815 3419 ’ἔχειν
840 3335 912 3420 ίερδ
934 3336 1083 3419 χρήματα
1105 3332 1159 3400 καὶ

152 3440 241 3517 ὅσιος
266 3434 324 3504 εἶτ’
337 3440 387 3506 οὐ
409 3439 647 3522 καταγέλαστος
666 3439 754 3518 δόξει
772 3438 793 3523 ἡ
811 3443 905 3516 πόλις
924 3434 1019 3521 εἶναι,
1043 3442 1075 3506 εί
1091 3451 1159 3517 τοῖς

155 3543 348 3623 ἱεροσύλοις,
363 3545 451 3621 ὅπως
465 3548 687 3628 σωθήσονται,
700 3547 806 3631 νόμον
820 3556 972 3627 φανεῖται
986 3544 1157 3628 τιθεμένης
