2602 3910
136 68 205 143 vni
531 87 755 150 Parasino„

161 249 163 255 ⁸
225 251 281 315 Ex·
293 251 350 316 illa
369 256 477 316 autem
497 274 593 335 quam
612 249 677 313 dixi
696 248 868 314 collatione
887 245 1054 330 archetypi
1068 266 1141 308 cum

138 355 209 420 aliis
227 357 319 421 libris
337 357 425 422 facta
443 357 541 421 etiam
559 361 655 419 notae
675 355 804 420 criticae
822 351 1038 438 provenerint,
1062 371 1140 434 quas

137 483 222 526 nunc
250 484 376 547 quoque
402 462 440 526 ine
463 459 611 542 Parisino
641 459 677 544 S,
709 461 835 524 Veneto
863 457 900 541 F,
930 455 1086 521 Bavarico
1114 454 1142 518 B

140 568 288 634 crationi.
304 567 469 632 Midianae
493 567 614 651 passim
642 567 787 650 appictas
810 564 969 645 videmus,
998 583 1142 645 quasque

139 673 237 738 etiam
260 674 435 738 scholiasta
456 671 492 737 in
514 694 573 737 suo
597 672 743 756 exemplo
768 693 800 734 se
823 669 983 733 invenisse
1007 667 1142 732 subinde

139 761 286 844 testatur.
336 780 380 843 Et
408 777 568 842 Christius
602 779 729 862 quidem
757 775 972 859 Weiliusque‚
1004 795 1141 857 quorum

139 882 294 948 laudabili
316 883 427 948 studio·
447 884 484 946 de
508 883 554 946 eis
575 883 717 968 primum
740 881 846 947 edocti
869 877 1026 963 sumusl),
1053 879 1143 942 scho-

139 989 253 1054 liastae
271 989 465 1054 sententiam
479 989 582 1054 secuti
596 988 880 1075 grammaticorum
894 990 1038 1050 veterum
1054 1006 1144 1070 saga-

140 1094 271 1158 citatem
288 1094 385 1158 huius
404 1093 559 1158 orationis
577 1093 763 1158 vulneribus
783 1092 876 1157 obelo
895 1090 1008 1156 critico
1023 1090 1142 1155 mederi

141 1201 301 1284 studuisse
327 1204 458 1286 putant,
485 1200 641 1282 multique
670 1205 745 1262 sunt
771 1198 806 1262 in
832 1198 1012 1263 rationibus
1037 1197 1144 1261 cuius-

141 1306 407 1390 quesso’coaqceag
430 1305 643 1388 acquirendis.
681 1303 745 1368 Sed
767 1324 828 1388 ego
851 1307 1025 1388 postquam
1045 1301 1144 1366 incidi

140 1412 175 1475 in
193 1434 293 1475 unum
309 1411 426 1494 locum,
445 1431 540 1494 quem
557 1411 593 1473 in
611 1409 736 1474 Veneto
756 1410 864 1475 codice
884 1409 976 1474 obelo
995 1413 1144 1472 notatum

142 1539 211 1581 esse
238 1521 377 1581 testatur
399 1513 669 1600 Buermarmus²)‚
697 1515 783 1579 aliud
808 1537 941 1601 prorsus
968 1514 1048 1578 mihi
1075 1536 1145 1599 per-

142 1622 237 1687 suasi.
283 1622 407 1706 Nempe
433 1623 468 1686 in
495 1624 598 1702 §210
626 1622 738 1691 obelus
766 1621 933 1706 appositus
961 1626 1011 1685 est
1037 1621 1145 1685 verbis

142 1730 185 1810 μὴ
208 1731 323 1792 τοίνυν
347 1723 372 1790 ὦ
396 1729 424 1791 ἄ.
444 1725 488 1790 Ἀ.
577 1725 688 1802 οὐδεὶς
709 1728 829 1790 κωλύει
852 1732 1039 1809 κεκτῆσθαι,
1064 1749 1146 1811 quae

143 1834 254 1897 abesse
276 1832 366 1898 mdlo
390 1833 485 1896 modo
508 1836 652 1916 possunt.
698 1831 744 1896 At
767 1831 913 1915 sequitur
939 1833 985 1914 μὴ
1009 1836 1145 1896 τοίνυν

143 1933 219 2022 μηθ’
246 1932 337 2003 οὗτοι
362 1986 414 2020 ...,
438 1943 475 2001 ut
497 1938 563 2002 iam
582 1944 735 2022 appareat
751 1938 785 2001 id
808 1935 943 2002 rationis
966 1937 1066 2002 fuisse
1089 1960 1146 2002 cur

144 2043 372 2126 appingeretur
391 2043 512 2127 obelus,
535 2043 620 2127 quod
639 2043 674 2107 in
697 2043 781 2107 libro
805 2043 922 2108 collato
945 2043 1025 2109 haec
1048 2045 1147 2109 verba

144 2151 288 2233 deerant,
315 2147 435 2212 omissa
457 2147 580 2214 scilicet
603 2171 679 2213 casu
701 2153 833 2234 propter
861 2148 1148 2232 duocoudcuqxrcv.

144 2256 257 2338 ltaque
280 2253 465 2338 videndum,
493 2277 571 2318 num
598 2259 722 2319 ceterae
745 2275 872 2338 quoque
894 2260 990 2319 notae
1013 2255 1146 2320 eandem

144 2359 390 2444 explicationem
408 2360 590 2443 admittant,
612 2359 810 2444 itascilicet,
832 2364 956 2424 utnon
978 2361 1017 2425 dc
1039 2383 1147 2427 errore

145 2464 280 2528 alicuius
299 2463 419 2528 vetusti
439 2464 574 2548 librarii,
596 2465 652 2528 scd
670 2465 708 2528 de
728 2463 954 2529 additamentis
977 2467 1148 2552 cogitetur,

145 2592 226 2653 quae
248 2569 284 2632 in
305 2573 397 2652 parte
420 2569 639 2652 exemplorum
656 2591 723 2634 non
741 2569 810 2634 sine
828 2592 924 2634 causa
947 2572 1091 2637 deerant:
1114 2574 1147 2637 id

146 2675 230 2759 quod
252 2674 288 2738 in
304 2672 485 2758 Philippica
507 2675 606 2740 tertia
627 2698 712 2741 nunc
736 2696 861 2759 quoque
885 2697 944 2739 usu
968 2677 1064 2742 venit.
1103 2679 1148 2743 Et

145 2804 219 2846 cum
243 2779 413 2862 aliquoties
441 2785 519 2845 nota
547 2781 632 2845 obeli
660 2804 733 2846 oum
756 2780 871 2863 altera,
899 2783 997 2868 διπλῇ
1025 2784 1148 2849 scilicet

147 2885 363 2968 ὠβελισμένῃ,
395 2884 430 2948 in
456 2884 616 2949 Midianae
648 2885 741 2949 libris
770 2887 942 2952 coniuncta
973 2887 1031 2973 sit,
1061 2896 1148 2954 recte

147 2990 305 3055 Christius
329 2989 529 3075 Weiliusque
553 2991 701 3056 viderimt
722 2991 756 3055 id
784 2991 973 3076 significari,
1001 3015 1039 3058 ea
1066 3016 1148 3078 quae

147 3097 248 3162 obelis
275 3101 389 3161 notata
415 3102 492 3160 sunt
518 3097 609 3160 iuxta
636 3119 674 3160 ea
697 3097 823 3181 quibus
843 3099 957 3162 διπλαῖ
982 3101 1148 3184 appositae

220 3255 245 3323 1)
263 3251 308 3307 W.
323 3251 423 3320 Christ,
440 3251 492 3306 Die
506 3250 747 3320 Attikusausgabe
761 3253 811 3306 des
825 3253 911 3321 Dem,
925 3253 997 3308 Abh.
1013 3255 1038 3309 d.
1053 3256 1147 3324 boyer.

147 3341 198 3395 Ak.
214 3341 287 3408 XVI,
303 3341 341 3393 111
359 3343 458 3410 (1882),
477 3357 503 3409 p.
521 3345 570 3395 177
581 3358 641 3410 sqq.
678 3340 765 3408 Weil,
784 3340 945 3409 Plaidoyere
964 3341 1043 3411 polit.
1062 3343 1097 3397 de
1115 3344 1147 3400 D.

147 3429 173 3480 1²
191 3447 217 3498 p.
233 3428 272 3480 ΙΙΙ
282 3444 341 3496 sqq.
414 3433 441 3494 2)
460 3428 618 3482 Buermann
635 3428 665 3482 in
682 3429 775 3484 Herm.
794 3429 848 3484 vol.
863 3429 926 3482 XXI
943 3447 970 3500 p.
985 3434 1027 3484 38.
