2614 3904
446 175 545 226 ΠΡΟΣ
564 175 788 226 ΖΗΝΟΘΕΜΙΝ.
1059 169 1122 233 381

112 328 157 399 ἵν’
184 333 443 418 ἀποστερήσαιεν
470 337 548 410 τοὺς
574 334 805 415 δανείσαντας,
834 333 896 414 τήν
919 341 1006 397 ναῦν
1028 353 1125 396 κατα-

11 451 13 458 ’
113 440 214 504 δῦσαι
236 439 487 522 ἐβουλεύσαντο.
532 435 635 523 ὁμὲν
660 433 721 504 οὖν
739 435 969 523 Ἡγέστρατος,
993 437 1038 512 ὡς
1060 434 1124 500 ἀπὸ

11 533 13 540 ’
112 553 170 628 τῆς
197 554 267 630 γῆςΙ
280 544 412 628 ἀπῆραν
436 546 533 610 δυοῖν
556 544 576 628 ἢ
599 557 702 630 τριῶν
723 543 856 628 ἡμερῶν
879 547 1001 624 πλοῦν,
1029 565 1125 607 κατα-

111 652 173 734 βάς
195 659 253 734 της
274 638 394 727 νυκτδς
416 652 463 727 είς
486 655 602 735 κοίλην
624 660 726 733 ναῦν,
751 649 901 715 διέκοπτε
922 659 983 714 τοῦ
1006 652 1126 713 πλοίου

111 758 289 842 τούδαφος.
333 755 448 823 οὑτοσὶ
471 754 517 839 δ’,
541 758 586 834 ὡς
608 753 710 822 οὐδὲν
733 757 839 837 εἰδὼς,
864 757 932 821 ἀνω
956 757 1036 840 μετὰ
1058 765 1126 818 τῶν

113 864 223 928 ἀλλων
246 862 410 946 ἐπιβατῶν
435 861 607 945 διέτριβεν.
653 866 769 947 ῦόφου
794 859 830 926 δὲ
853 861 1053 945 γενομένου,
1076 863 1126 926 αί-

113 971 298 1034 σθάνονται
322 970 358 1035 οί
377 969 414 1035 ἐν
437 977 482 1056 τῷ
506 973 623 1057 πλοίῳ,
647 969 697 1033 ότι
720 971 823 1033 κακόν
846 990 877 1032 τι
901 968 938 1033 έν
955 972 1051 1052 κοίλη
1070 963 1126 1050 νηὶ

84 1079 271 1158 ογίγνεται,
294 1073 350 1140 καὶ
373 1078 541 1158 βοηθοῦσι
563 1075 660 1139 κάτω.
697 1074 742 1150 ὡς
765 1071 795 1138 δ’
820 1070 970 1157 ἡλίσκεθ’
994 1074 1011 1138 ὁ
1031 1072 1126 1156 Ἡγέ·

57 1166 64 1178 ’
113 1199 251 1266 στρατος
273 1179 328 1245 καὶ
352 1183 448 1265 δίκην
472 1182 594 1246 δώσειν
615 1180 838 1264 ὑπελάμβανε,
861 1181 978 1263 φεύγει
1001 1178 1056 1244 καὶ
1076 1181 1126 1244 ἐκ·

113 1290 316 1371 διωκόμενος
339 1287 446 1372 ῥίπτει
465 1285 568 1352 αὑτὸν
586 1289 634 1363 είς
651 1287 712 1368 τὴν
730 1286 911 1368 θάλατταν,
935 1287 1125 1370 διαμαρτὼν

113 1391 150 1458 δέ
172 1403 233 1457 τοῦ
257 1391 382 1476 λέμβου
405 1393 461 1457 διά
484 1393 521 1456 τὸ
544 1389 637 1456 νύκτ’
664 1387 760 1472 εἶναι,
785 1390 958 1475 ἀπεπνίγη.
1001 1392 1126 1468 ἐκεῖνος

112 1496 174 1582 μέν
201 1492 264 1563 οὖν
291 1497 411 1576 οὕτως,
440 1497 550 1581 ὥσπερ
578 1498 669 1576 ἀξιος
690 1493 747 1580 ἦν,
776 1499 875 1573 κακὸς
897 1509 1004 1574 κακῶς
1029 1499 1176 1562 ἀπό-884

112 1610 198 1687 λετο,
217 1601 238 1668 δ
255 1605 334 1679 τοὺς
352 1604 475 1680 ἀλλους
489 1603 707 1686 ἐπεβούλευσε
721 1613 868 1685 ποιήσαι,
887 1614 990 1668 ταῦτα
1004 1606 1125 1668 παθὼν

85 1710 220 1787 καύτός.
264 1707 379 1774 οὑτοσὶ
402 1704 434 1774 δ’
460 1709 479 1775 δ
502 1711 663 1786 κοινωνὸς
687 1709 791 1775 αύτοῦ
814 1707 869 1775 καὶ
892 1712 1063 1794 συνεργός,
1087 1712 1139 1781 τὸ,

112 1814 173 1901 μὲν
195 1826 328 1900 πρῶτον
350 1815 455 1891 εὐθὺς
477 1814 514 1880 ἐν
537 1825 582 1903 τῳ
605 1818 710 1903 πλοίῳ
733 1816 822 1899 παρὰ
844 1815 1058 1898 τάδικήματα,
1081 1815 1126 1891 ὡς

113 1921 214 1988 οὐδὲν
232 1921 339 2004 είδὼς,
359 1919 430 1986 ἀλλ’
451 1921 716 2005 ἐκπεπληγμένος
734 1919 788 1987 καὶ
808 1921 918 2003 αὐτός,
937 1924 1048 1985 ἔπειθε
1066 1922 1125 1985 τὸν

112 2027 246 2116 πρῳρέα
268 2024 324 2092 καὶ
346 2031 425 2104 τούς
447 2027 571 2104 ναύτας
594 2029 642 2104 είς
663 2030 723 2092 τὸν
746 2027 869 2112 λέμβον
887 2026 1053 2109 ἐκβαίνειν
1070 2024 1126 2091 καὶ

114 2135 276 2200 ἐκλείπειν
302 2135 363 2216 τὴν
387 2142 474 2199 ναῦν
496 2135 559 2216 τήν
580 2135 752 2217 ταχίστην,
780 2135 825 2211 ὡς
847 2134 1045 2200 ἀνελπίστου
1068 2142 1126 2216 τῆς

114 2243 277 2324 σωτηρίας
308 2239 412 2320 οὔσης
437 2236 494 2304 καὶ
521 2238 790 2324 καταδυσομένης
816 2249 873 2323 τῆς
900 2240 982 2316 νεὼς
1009 2238 1125 2304 αὐτίκα

114 2347 215 2430 μάλα,
243 2339 302 2428 ἵν’,
331 2345 411 2428 ὅπερ
437 2346 679 2430 διενοήθησαν,
707 2343 796 2411 τοῦτ’
824 2346 1048 2430 ἐπιτελεσθείη
1071 2344 1126 2411 καὶ

87 2452 135 2535 εή
154 2460 237 2528 ναῦς
256 2449 412 2516 ἀπόλοιτο
431 2449 486 2516 καὶ
504 2452 544 2516 τά
558 2448 733 2535 συμβόλαι’
751 2451 1018 2536 ἀποστερήσαιεν.
1046 2451 1126 2517 ἀπο-

113 2559 223 2643 τυχὼν
243 2553 280 2622 δέ
297 2557 430 2638 τούτου,
452 2554 586 2622 καὶτοῦ
604 2555 681 2640 παρ’
703 2556 797 2639 ήμῶν
816 2557 1013 2641 ἐμπλέοντος
1031 2558 1126 2623 ἐναν-

112 2661 308 2744 τιωθέντος,
338 2660 392 2728 καὶ
419 2671 489 2738 τοῖς
516 2662 654 2739 ναύταις
681 2666 840 2746 μισθούς,
853 2665 899 2727 ·εί
925 2664 1126 2730 διασώσαιεν

113 2771 174 2853 τήν
195 2778 292 2850 ναῦν,
316 2767 479 2851 μεγάλους
498 2764 789 2852 ἐπαγγειλαμένου,
813 2772 978 2853 σωθείσης
997 2773 1044 2847 είς
1063 2774 1126 2837 Κε-

113 2878 303 2960 φαλληνίαν
325 2882 383 2956 τῆς
406 2873 489 2950 νεὼς
512 2873 568 2937 διά
591 2877 670 2950 τοὺς
691 2876 794 2951 θεοὺς
817 2875 957 2958 μάλιστά
979 2899 1032 2959 γε,
1056 2873 1125 2942 εἶτα

112 2980 168 3047 καὶ
201 2982 257 3047 διὰ
287 2982 349 3064 τήν
380 2990 448 3045 τῶν
480 2990 612 3046 ναυτῶν
644 2979 782 3064 ἀρετήν,
814 2981 914 3047 πάλιν
946 2983 1027 3066 μετὰ
1057 2995 1125 3048 τῶν

113 3091 367 3153 Μασσαλιωτῶν
389 3097 457 3151 τῶν
478 3095 539 3150 τοῦ
557 3081 780 3169 Ἡγεστράτου
802 3094 947 3153 πολιτῶν
966 3089 1009 3172 μή
1029 3113 1125 3154 κατα-

113 3198 209 3258 πλεῖν
229 3190 388 3276 Ἀθήναζε
411 3193 448 3258 τὸ
471 3197 591 3257 πλοῖον
614 3195 761 3275 ἔπραττε,
785 3192 891 3275 λέγων
910 3193 955 3269 ὡς
973 3193 1072 3270 αὐτός
1090 3219 1124 3261 τε

112 3297 168 3366 καὶ
190 3299 231 3363 τὰ
253 3296 388 3384 χρήματ’
414 3297 544 3364 ἐκεῖθέν
567 3297 647 3379 ἐστι,
670 3295 725 3363 καί
749 3298 766 3363 ὁ
790 3301 977 3383 ναύκληρος
999 3307 1049 3383 είη
1069 3299 1125 3366 καί

86 3424 99 3464 ⁹
114 3406 150 3471 οί
165 3406 391 3481 δεδανεικότες
404 3407 651 3469 Μασσαλιῶται.
680 3404 854 3487 ἀποτυχὼν
872 3401 908 3470 δέ
922 3403 976 3469 καὶ
990 3406 1124 3488 τούτου,

113 3509 168 3576 καὶ
199 3521 266 3575 τῶν
299 3510 470 3594 ἀρχόντων
501 3520 568 3574 τῶν
598 3509 634 3574 ἐν
662 3519 701 3592 τῇ
730 3513 946 3594 Κεφαλληνίᾳ
973 3512 1124 3591 γνόντων
