2614 3904
181 165 247 231 350
483 169 581 223 XXIX.
604 169 884 222 ΔΗΜΟΣΘΕΝΟΤΣ

180 326 242 393 ούκ
269 325 445 406 ἐθέλοντος
471 329 593 395 τούτου
619 330 837 413 παραλαβεῐν;
866 327 908 394 ού
934 329 997 413 γὰρ
1026 328 1067 412 δὴ
1091 332 1197 396 τοῦτό

179 430 211 517 γ’
237 435 366 500 ἔνεστιν
393 435 512 516 εέπείν,
540 434 584 511 ὡς
611 432 686 519 περὶ
711 431 772 518 μὲν
794 444 896 500 τινῶν
919 429 967 500 ὧν
990 433 1089 512 αὐτὸς
1111 435 1196 516 βού-

180 543 271 606 λεται
297 540 407 624 σαφὴς
429 538 450 624 ἡ
473 540 633 623 βάσανος,
660 538 736 624 περὶ
760 533 790 606 δ’
817 533 860 605 αύ
881 552 984 606 τινῶν
1006 539 1048 607 ού
1071 543 1194 625 σαφής.

142 661 167 703 1⁵
259 643 333 711 Ἔτι
358 648 476 712 τοίνυν
503 640 528 710 ὦ
552 646 672 730 ἀνδρες
696 643 846 711 δικασταὶ
869 647 993 730 ταύτην
1014 645 1076 730 την
1098 670 1183 731 μαρ-
1196 660 1251 710 849

179 755 297 836 τυρίον
320 751 545 836 ἐμαρτύρησεν
568 750 712 835 ἀδελφὸς
735 751 753 818 δ
775 752 896 817 τούτου
914 762 1043 836 πρῶτος
1061 757 1194 836 Αίσιος,

180 856 218 935 ὃς
240 866 305 922 νῦν
328 855 389 943 μὲν
412 854 548 942 ἔξαρνός
566 855 635 923 ἐστι
653 857 760 946 τούτῳ
779 859 1095 942 συναγωνιζόμενος,
1116 860 1194 924 τότε

182 959 212 1028 δ’
238 963 443 1048 ἐμαρτύρησε
466 971 569 1029 ταῦτα
591 964 672 1047 μετὰ
694 973 761 1028 τῶν
783 963 905 1045 ἄλλων,
929 959 999 1029 οὔτ’
1025 961 1194 1048 ἐπιορκεῖν

181 1063 251 1132 οὔτ’
274 1067 379 1146 εὐθὺς
400 1077 597 1154 παραχρῆμα
621 1071 718 1153 δίκην
741 1068 957 1154 ὀφλισκάνειν
979 1070 1193 1152 βουλόμενος.

181 1172 221 1240 δν
240 1173 302 1240 ούιι
319 1172 362 1240 ἀν
380 1176 499 1259 δήπου,
518 1176 625 1258 ψευδῆ
644 1177 830 1260 μαρτυρίαν
847 1176 880 1241 εί
890 1176 1192 1259 παρεσκευαζόμην,

181 1276 345 1363 ἐνέγραψα
362 1278 404 1346 ἀν
422 1281 469 1358 είς
486 1283 565 1358 τοὺς
583 1281 761 1365 μάρτυρας,
780 1279 869 1364 δρῶν
886 1277 946 1364 μὲν
960 1277 1092 1368 Ἀφόβηο
1106 1281 1193 1364 χρώ·

181 1407 282 1469 μενον
314 1379 442 1470 μάλιστ’
475 1385 665 1471 ἀνθρώπων
697 1385 867 1469 ἁπάντων,
899 1387 996 1463 εἰδὼς
1026 1382 1064 1451 δὲ
1095 1403 1192 1452 συνε-

182 1485 294 1575 ροῦντ’
320 1491 409 1581 αὐτῷ
428 1492 489 1576 τὴν
508 1493 616 1576 δίκην,
635 1495 683 1557 ἔτι
702 1489 732 1557 δ’
755 1490 899 1576 ἐμαυτοῦ
917 1488 986 1556 ὄντ’
1008 1491 1193 1558 ἀντίδικον·

182 1595 222 1662 οὐ
247 1597 311 1682 γάρ
334 1600 399 1683 ἔχει
423 1600 525 1681 λόγον
547 1598 607 1663 τὸν
629 1595 750 1664 ἑαυτοῦ
773 1598 938 1682 διάφορον
960 1597 1004 1681 μη
1028 1597 1193 1682 ἀληθινῆς

143 1721 167 1763 ιε
181 1705 363 1788 μαρτυρίας
386 1703 547 1788 ἐγγράψαι
570 1703 729 1788 μάρτυρα.
765 1703 894 1768 τούτων
911 1704 1029 1769 τοίνυν
1047 1701 1111 1769 εέσλ
1131 1700 1193 1788 μὲν

180 1806 299 1874 πολλοὶ
330 1809 509 1893 μάρτυρες,
542 1811 590 1874 ἔτι
622 1803 653 1874 δ’
689 1807 750 1875 ούκ
782 1807 903 1874 ἐλάττω
935 1811 1091 1893 τεκμήρια
1124 1819 1193 1874 τῶν

180 1915 366 2000 μαρτύρων.
411 1925 545 1999 πρῶτον
568 1909 628 1996 μὲν
651 1915 726 1998 γὰρ,
750 1919 840 1998 είπερ
864 1914 909 1990 όις
932 1911 1066 1996 ἀληθῶς
1087 1923 1192 1980 ταῦτα

181 2021 225 2105 μη
253 2019 494 2105 ἐμαρτύρησεν,
523 2019 584 2086 ούκ
611 2017 653 2084 ἀν
680 2028 744 2085 νῦν
772 2019 907 2104 ἔξαρνος
929 2014 987 2102 ἦν,
1015 2017 1098 2084 ἀλλά
1120 2017 1188 2086 τότ’

181 2127 286 2204 εὐθὺς
313 2124 366 2192 ἐπὶ
392 2134 453 2191 τοῦ
482 2127 697 2210 δικαστηρίου
723 2135 781 2209 τῆς
804 2128 985 2210 μαρτυρίας
1007 2124 1193 2209 ἀναγιγνω·

182 2230 353 2316 σκομένης,
377 2231 475 2315 ἡνίκα
497 2234 624 2315 μᾶλλον
647 2229 689 2296 ἀν
708 2231 811 2296 αὐτὸν
829 2230 850 2314 ἢ
868 2241 932 2297 νῦν
951 2229 1079 2314 ὠφέλει.
1116 2232 1193 2297 δεύ-

180 2361 278 2422 τερον
310 2335 341 2403 δ’
373 2337 434 2402 ούκ
465 2334 508 2401 ἀν
535 2336 677 2422 ἡσυχίαν
704 2331 798 2420 ἦγεν,
832 2337 916 2402 ἀλλά
943 2337 1039 2420 δίκην
1066 2337 1107 2401 άν
1134 2361 1193 2422 μοι

180 2445 306 2528 βλάβης
338 2446 470 2529 ἔλαχεν,
507 2445 539 2508 εί
568 2443 867 2527 ψευδομαρτυριῶν
898 2442 1059 2508 ὑπόδικον
1088 2443 1192 2508 αὐτὸν

182 2550 319 2615 ἐποίουν
343 2550 438 2630 [κατὰ
461 2548 642 2633 τάδελφοῦ]
668 2549 708 2614 ού
731 2557 913 2633 προσῆκον,
935 2547 973 2613 ἐν
996 2538 1017 2633 ᾗ
1039 2546 1094 2613 καλ
1116 2546 1192 2634 περὶ

181 2656 358 2742 χρημάτων
385 2652 440 2720 καλ
467 2652 542 2739 περὶ
569 2654 698 2737 ἀτιμίας
725 2656 902 2736 ἅνθρωποι
925 2655 1192 2722 κινδυνεύουσιν.

144 2782 167 2822 ιτ
182 2765 230 2827 ἔτι
253 2757 290 2827 δέ
312 2760 349 2826 τὸ
373 2756 495 2845 πρᾶγμ’
520 2758 562 2824 ἀν
585 2758 746 2843 ἐξελέγξαι
770 2763 884 2844 ζητῶν,
908 2755 1063 2844 ἐξῄτησεν
1086 2760 1128 2825 ἀν
1150 2783 1191 2843 με

181 2869 240 2934 τὸν
272 2868 374 2933 παῖδα
406 2867 465 2932 τὸν
497 2865 669 2950 γράφοντα
700 2867 758 2941 τδις
787 2868 982 2950 μαρτυρίας,
1014 2859 1059 2930 ἵν’
1089 2867 1121 2930 εί
1145 2866 1189 2950 μὴ

181 2974 400 3058 παρεδίδουν,
432 2969 537 3057 μηδὲν
569 2972 699 3038 δίκαιον
732 2969 840 3054 λέγειν
867 2969 1015 3036 ἐδόκουν.
1059 2979 1125 3035 νῦν
1152 2968 1190 3036 δὲ

181 3080 343 3146 τοσούτου
366 3081 503 3164 ποιῆσαί
522 3101 555 3143 τι
577 3078 705 3144 τούτων
728 3075 877 3160 ἐδέησεν,
905 3073 980 3142 ὥστ’
1008 3074 1081 3142 οὐδ’
1108 3074 1190 3160 ἐμοῦ

181 3187 439 3268 παραδιδόντος,
476 3184 589 3268 ἐπειδὴ
620 3181 710 3249 ταῦτ’
747 3181 883 3265 ἔξαρνος
915 3175 1057 3265 ἐγένεθ’,
1094 3176 1190 3260 οὗτος

182 3294 386 3374 παραλαβεῖν
409 3290 585 3375 ἠθέλησεν,
609 3287 679 3355 ἀλλ’
702 3289 824 3375 δμοίως
847 3290 1024 3373 φαίνονται
1041 3285 1096 3353 καλ
1114 3286 1189 3370 περὶ

145 3411 169 3451 1⁸
183 3395 310 3460 τούτων
331 3397 511 3480 φεύγοντες
528 3398 585 3472 τάς
603 3396 778 3479 βασάνους.
814 3391 869 3460 καὶ
886 3389 983 3458 ταῦθ’
1006 3393 1050 3470 ὡς
1069 3392 1179 3478 ἀληθῆ
1190 3407 1242 3459 860

184 3497 284 3578 λέγω,
311 3498 365 3565 καλ
391 3502 428 3565 ἔν
454 3524 489 3568 τε
516 3513 586 3580 τοῖς
611 3501 773 3588 μάρτυσιν
794 3499 1048 3586 μεμαρτυρηκὼς
1070 3503 1189 3576 Αίσιος
