2644 4182
186 139 231 206 22
511 145 570 199 XX.
593 143 874 198 ΔΗΜΟΣΘΕΝΟΤΣ

186 302 326 386 δωρειάς
348 311 450 370 ταῦτα
473 305 639 388 λεγόντων
662 303 856 372 ἀκούσεσθε.
893 303 975 392 φέρε
997 305 1039 389 δή
1057 303 1191 372 κάκεῖνο

144 422 173 468 τε
186 407 395 494 ἐξετάσωμεν.
425 409 461 477 οί
476 412 657 497 προδόντες
669 411 731 495 τήν
746 410 889 478 Πύδναν
901 409 957 478 καὶ
970 411 1073 478 τάλλα
1086 413 1191 498 χωρία
1200 424 1252 473 476

185 521 231 602 τῷ
261 517 430 605 Φιλίππῳ,
461 523 507 605 τῷ
539 513 612 583 ποτ’
643 515 843 601 ἐπαρθέντες
875 516 960 602 ἡμᾶς
989 516 1145 602 ήδίκουνς
1178 515 1199 602 ή
1309 569 1310 604 ,

130 663 132 670 ·
186 626 267 686 πᾶσι
289 621 460 707 πρόδηλον
482 615 594 706 τοῦθ’,
617 621 669 689 ότι
690 633 763 700 ταῖς
784 617 862 709 παρ’
884 621 1014 690 ἐκείνου
1035 621 1198 709 δωρειαῖς,

165 722 225 804 ιδλς
257 725 313 792 διὰ
345 723 435 794 ταῦτ’
472 730 609 794 ἔσεσθαι
641 731 758 814 σφίσιν
790 727 950 813 ήγοῦντος
989 726 1099 815 πότερ’
1136 723 1199 796 οὖν

185 833 312 915 μᾶλλον
335 827 457 898 λδεισ’
483 826 510 898 δι
533 836 679 918 Λεπτίνη
702 835 782 911 τούς
804 833 964 920 ἐχθρούς,
992 835 1024 900 εί
1044 834 1199 919 δύνασαι,

184 947 312 1021 πεῖσαι,
342 937 422 1014 τούς
453 935 507 1004 έπλ
539 949 608 1016 τοῖς
637 940 720 1023 πρὸς
746 937 833 1024 ἡμᾶς
860 938 1060 1024 ἀδικήμασιν
1086 962 1199 1024 γιγνο-

185 1040 308 1127 μένους
335 1041 471 1110 ἐκείνων
498 1042 672 1130 εὐεργέτας
698 1042 743 1130 μή
771 1053 886 1129 τιμᾶν,
914 1043 935 1130 ή
957 1051 1071 1112 θεῖναι
1093 1047 1200 1128 νόμον

184 1145 281 1232 ἡμῖν,
313 1146 350 1226 δς
378 1159 447 1215 τῶν
472 1160 542 1226 τοῖς
567 1148 738 1234 ἡμετέροις
765 1149 951 1238 εὐεργέταις
976 1149 1199 1237 ὑπαρχουσῶν

184 1253 335 1339 δωρειῶν
362 1253 554 1341 ἀφαιρεῖταί
577 1277 623 1334 τις
657 1256 721 1340 ἐγὼ
753 1253 815 1342 μὲν
842 1256 949 1324 έκεῖνο
978 1251 1077 1341 οίμαι.
1122 1253 1195 1322 ἀλλ’
1309 1319 1310 1348 ,

184 1357 241 1426 ἵνα
268 1359 313 1446 μή
335 1363 449 1447 πόρρω
471 1370 532 1428 τοῦ
554 1364 719 1448 παρόντος
740 1361 902 1448 γένωμαι,
930 1358 1011 1447 λαβέ
1032 1363 1073 1427 τὰ
1094 1364 1199 1448 ψηφί-

184 1459 288 1550 σμαθ’
313 1464 335 1532 ἀ
355 1477 426 1546 τοῖς
449 1469 585 1544 Θασίοις
607 1466 662 1534 καί
684 1469 879 1548 Βυζαντίοις
901 1467 1040 1554 ἐγράφη.
1070 1466 1153 1552 λέγε.

573 1678 803 1732 mmmm.

145 1801 172 1843 α
271 1781 452 1850 Ἠκούσατε
479 1780 541 1869 μὲν
568 1795 635 1850 τῶν
661 1785 886 1870 ψηφισμάτων
914 1779 940 1852 ὦ
964 1785 1084 1871 ἀνδρες
1107 1787 1199 1851 δικα-

185 1892 269 1954 σταί.
304 1886 487 1956 τούτωνδ’
514 1895 594 1967 ῖσως
616 1892 700 1956 ἔνιοι
722 1901 790 1956 τῶν
813 1891 947 1977 ἀνδρῶν
971 1887 1077 1957 οὐκέτ’
1104 1892 1198 1956 είσίν.

183 1993 270 2060 ἀλλά
300 1995 341 2061 τά
371 1997 452 2079 ἔργα
482 1995 523 2060 τὰ
554 1989 735 2099 πραχθέυί
768 1999 875 2082 ἐστιν,
906 1995 1081 2082 ἐπειδήπερ
1105 1996 1199 2076 ιάπαξ

185 2099 345 2185 ἐπράχθη.
389 2104 548 2187 προσήκει
574 2105 692 2167 τοίνυν
710 2102 774 2180 τὰς
797 2105 917 2186 στήλας
939 2104 1059 2180 ταύτας
1081 2107 1199 2186 κυρίας

185 2205 244 2274 ἐᾶν
270 2207 330 2272 τόν
356 2206 464 2272 πάντα
490 2209 629 2292 χρόνον,
657 2202 717 2293 ἵν’,
747 2207 810 2286 ἕως
836 2205 898 2293 μέν
924 2209 967 2274 άν
993 2229 1081 2284 τινες
1109 2211 1197 2291 ζῶσι,

184 2308 290 2398 μηδὲν
311 2308 371 2398 ὑφ’
397 2312 492 2398 ὑμῶν
515 2311 705 2397 ἀδικῶνται,
729 2313 864 2380 ἐπειδὰν
887 2310 925 2380 δέ
946 2317 1197 2399 τελευτήσωσιν,

185 2417 308 2487 ἐκεῖναι
324 2428 386 2487 τοῦ
403 2429 461 2504 τῆς
478 2422 605 2496 πόλεως
623 2420 731 2503 ήθους
749 2431 912 2505 μνημείου
931 2416 1003 2504 ὦσι,
1021 2419 1077 2488 καί
1095 2443 1196 2504 παρα-

175 2519 340 2612 δείγμαθ’
362 2523 480 2592 ἑστῶσι
502 2537 573 2603 τοῖς
594 2524 812 2611 βουλομένοις
833 2549 866 2593 τι
887 2538 997 2593 ποιεῖν
1015 2527 1100 2611 ὑμᾶς
1118 2524 1199 2610 ἀγα-

184 2635 262 2716 θόν,
286 2633 387 2709 ὅσους
409 2626 448 2698 εὖ
470 2635 672 2717 ποιήσαντας
694 2631 715 2716 ή
737 2635 833 2709 πόλις
855 2629 926 2699 ἀντ’
948 2627 987 2699 εὖ
1009 2637 1198 2718 πεποίηκεν.

145 2736 240 2804 τεκαὶ
262 2738 328 2823 μήν
351 2736 427 2823 μηδ’
454 2735 553 2804 ἐκεῖν’
578 2737 664 2821 ὑμᾶς
687 2733 712 2802 ὦ
736 2739 855 2824 ἀνδρες
874 2736 1050 2823 Ἀθηναῖοι
1072 2743 1198 2805 λανθα-

178 2843 281 2927 νέτω,
318 2842 369 2909 ότι
404 2853 472 2909 τῶν
506 2846 685 2927 αἰσχίστων
717 2841 809 2909 ἐστίν
840 2843 965 2920 πάντας
996 2842 1198 2931 ἀνθρώπους

186 2952 270 3016 ίδεῖν
296 2946 352 3015 καί
376 2947 535 3032 ἀκοῦσαι,
566 2949 625 3025 τὰς
651 2944 712 3033 μὲν
740 2950 929 3035 συμφορὰς,
958 2940 1011 3026 αἷς
1037 2947 1082 3018 δι’
1111 2949 1198 3035 ὑμᾶς

176 3053 366 3143 ,ἐχρήσανθ’
394 3056 430 3122 oc
449 3057 570 3142 ἄνδρες
592 3049 701 3139 οὗτοι,
723 3055 831 3120 πάντα
852 3055 912 3120 τὸν
935 3057 1058 3141 χρόνον
1080 3061 1198 3143 κυρίας

185 3161 299 3240 αὐτοῖς
324 3160 560 3248 γεγενημένας,
587 3163 645 3239 τάς
668 3157 705 3228 δέ
728 3160 883 3247 δωρειὰς,
911 3158 950 3238 ἀς
972 3158 1046 3226 ἀντὶ
1069 3161 1198 3228 τούτων

144 3273 308 3353 εεέλαβον
329 3265 407 3356 παρ’
427 3268 533 3353 ὑμῶν,
556 3265 612 3334 καὶ
635 3269 676 3351 δή
699 3265 889 3352 λελυμένας.
925 3269 1011 3333 πολὺ
1034 3268 1097 3353 γὰρ
1116 3271 1198 3352 μᾶλ-

186 3379 247 3442 λον
281 3375 443 3460 ήρμοττεν
477 3375 517 3439 τύ
554 3367 689 3440 δοθέντ’
723 3373 846 3452 ἐῶντας
881 3383 948 3439 τῶν
980 3373 1198 3458 ἀτυχημάτων

186 3480 353 3563 ἀφαιρεῖν,
371 3477 392 3564 ή
410 3481 538 3546 τούτων
556 3481 726 3565 μενόντων
744 3481 802 3556 τὰς
816 3479 954 3564 δωρειὰς
968 3477 1197 3564 ἀφαιρεῖσθαι.
