2612 3918
164 133 207 198 72
476 137 549 192 XXI.
571 135 850 189 ΔΗΜΟΣΘΕΝΟΤΣ

161 295 202 360 τά
224 296 356 381 πάτρια,
378 297 460 382 πρὸς
478 294 619 373 ἀπάσαις
636 306 707 372 ταῖς
724 293 985 379 ἀφικνουμέναις
1002 295 1173 379 μαντείαις

119 416 148 458 ⁶5
161 411 446 488 προσαναιροῦσιν
472 401 561 488 ὑμῖν.
607 403 644 468 οί
667 404 784 468 τοίνυν
806 399 901 487 χοροὶ
922 400 1043 478 πάντες
1065 399 1101 466 οί
1120 424 1172 483 γι-

161 511 318 593 γνόμενοι
350 505 404 574 καὶ
437 509 474 574 οί
501 505 638 593 χορηγοὶ
669 509 773 592 δῆλον
799 508 850 574 δτι
876 509 934 585 τὰς
960 503 1021 592 μὲν
1047 505 1174 591 ἡμέρας
1293 537 1294 544 ¹

162 611 298 696 ἐκείνας,
323 613 361 692 ἃς
384 609 603 699 συνερχόμεθ’
625 614 672 691 είς
691 614 751 679 τὸν
769 611 892 697 ἀγῶνα,
914 612 996 678 κατά
1014 612 1071 689 τὰς
1089 635 1172 697 μαν-

161 721 250 796 τείας
276 720 396 797 ταῦτας
422 715 505 803 ὑπὲρ
531 719 626 803 ὑμῶν
648 717 921 803 ἐστεφανώμεθα,
949 716 1072 802 δμοίως
1094 717 1112 783 δ
1135 739 1173 784 τε

162 823 292 910 μέλλων
314 834 412 891 νικᾶν
432 822 489 890 καὶ
512 823 530 890 δ
552 825 686 890 πάντων
708 823 849 901 ῦστατος
870 827 1086 916 γενησεσθαι,
1108 824 1172 907 τὴν

163 927 200 996 δέ
222 942 290 997 τῶν
312 930 482 997 ἐπινικίων
503 925 587 1010 ὑπὲρ
610 929 715 995 αὑτοῦ
736 926 804 995 τότ’
824 929 889 1012 ἤδη
911 937 1134 1011 στεφανοῦται
1151 927 1172 992 δ

35 1089 37 1094 .
162 1048 273 1103 νικῶν.
309 1038 370 1102 τὸν
393 1030 455 1102 οῦν
477 1040 524 1113 είς
546 1057 621 1100 τινα
643 1035 771 1100 τούτων
793 1045 861 1100 τῶν
878 1044 1046 1119 χορευτῶν
1063 1032 1084 1118 ἢ
1102 1046 1172 1101 τῶν

162 1152 315 1227 χορηγῶν
341 1136 506 1225 ὑβρίζοντ’
533 1133 583 1206 ἐπ’
609 1141 729 1226 ἔχθρα,
756 1137 811 1206 καλ
835 1137 926 1204 ταῦτ’
953 1138 990 1205 ἐν
1012 1140 1101 1228 αὐτῷ
1124 1150 1172 1229 τῷ

163 1246 266 1331 ἀγῶνι
288 1245 344 1314 καὶ
366 1246 404 1313 ἐν
424 1255 470 1336 τφ
493 1253 554 1311 τοῦ
575 1251 661 1312 θεοῦ
685 1246 772 1336 ίερῷ,
795 1253 916 1312 τοῦτον
935 1245 1016 1311 ἀλλο
1034 1270 1067 1312 τι
1083 1248 1172 1330 πλὴν

162 1352 295 1437 ἀσεβεῖν
317 1356 481 1438 φήσομε·ν;

122 1477 149 1516 ⁶⁶
251 1457 318 1524 Καὶ
349 1461 415 1545 μὴν
446 1464 514 1525 ίστε
545 1482 583 1543 γε
614 1453 716 1533 τοῦθ’1
743 1459 794 1538 δτι
825 1461 1023 1544 βουλόμενοι
1052 1457 1167 1544 μηδέν’

163 1562 382 1648 ἀγωνίζεσθαι
405 1562 515 1648 ξένον,
541 1564 604 1630 οῦκ
627 1559 769 1632 ἐδώκαθ’
796 1563 906 1641 ἁπλῶς
928 1575 995 1630 τῶν
1017 1576 1171 1649 χορηγῶν

163 1663 277 1736 οὐδενὶ
296 1669 558 1756 προσκαλέσαντι
575 1673 654 1746 τοὺς
672 1671 830 1756 χορευτὰς
848 1680 994 1752 σκοπεῖν,
1018 1665 1090 1735 ἀλλ’
1111 1670 1171 1738 ἐάν

162 1773 223 1861 μὲν
249 1775 387 1861 καλέση,
414 1778 617 1860 πεντήκοντα
641 1777 801 1861 δραχμάς,
830 1774 888 1841 ἐδιν
911 1771 948 1841 δέ
970 1779 1171 1857 καθέζεσθαι

162 1883 310 1967 κελεόση,
334 1883 441 1967 χιλίας
463 1881 632 1947 ἀποτίνειν
652 1881 790 1960 έτάξατε.
826 1884 918 1958 τίνος
935 1881 1057 1960 εἵνεκας
1082 1883 1171 1962 ὅπως

162 1989 206 2072 μὴ
230 1989 289 2054 τὸν
312 1985 584 2072 ἐστεφανωμένον
602 1985 658 2054 καὶ
675 1992 923 2074 λῃτουργοῦντα
940 1997 986 2078 τῷ
1004 1994 1074 2074 θεῷ
1092 1991 1170 2054 ταύ-

60 2149 64 2156 .
161 2117 224 2178 την
245 2094 307 2177 τὴν
328 2092 454 2179 ἡμέραν
476 2097 558 2178 καλλι
582 2088 659 2178 μηδ’
684 2093 843 2180 ἐπιειάζυ
867 2092 945 2179 μηδ’
971 2094 1087 2180 ὑβοίίιι
1111 2118 1170 2180 μι-
1293 2159 1294 2162 ¹

122 2217 147 2256 ⁵⁷
163 2197 231 2276 δεὶς
253 2198 446 2282 ἐξεπίτηδες.
487 2194 557 2265 εἶτα
579 2201 639 2265 τὸν
660 2195 722 2285 μέν
744 2201 906 2286 χορευτὴν
928 2193 1002 2266 οὐδ’
1028 2199 1046 2266 δ
1068 2218 1170 2287 προσ-

161 2303 301 2382 καλέσας
328 2304 461 2390 ἀζήμιος
484 2308 576 2370 έσται
597 2307 680 2371 κατὰ
701 2307 761 2371 τὸν
782 2309 902 2392 νόμον,
930 2307 989 2372 τὸν
1012 2303 1050 2371 δέ
1072 2331 1170 2393 χορη-

162 2412 224 2494 γὸν
247 2410 319 2476 οὐδ’
344 2409 362 2476 δ
385 2413 554 2494 συγκόψας
576 2412 665 2497 παρὰ
688 2413 813 2489 πάντας
834 2414 913 2488 τοῦς
935 2415 1060 2497 νόμους
1082 2413 1169 2479 οὕτω

162 2528 315 2602 φανερῶς
344 2517 444 2582 δώσει
472 2517 582 2599 δίκηνς
620 2516 704 2581 ἀλλά
730 2518 796 2600 μὴν
825 2515 926 2582 οὐδέν
953 2510 1019 2582 ἐστ’
1049 2518 1170 2600 όφελος

162 2626 269 2699 καλῶς
286 2619 341 2687 καὶ
359 2620 607 2707 φιλανθρώπως
624 2623 702 2697 τοὺς
720 2623 844 2706 νόμους
859 2616 942 2706 ὑπὲρ
956 2632 1023 2687 τῶν
1037 2627 1170 2688 πολλῶν

161 2734 309 2809 κεῖσθαι,
337 2729 369 2792 εί
392 2737 462 2804 τοῖς
489 2727 666 2792 ἀπειθοῦσι
688 2725 743 2792 καὶ
764 2726 971 2811 βιαζομένοις
995 2727 1116 2804 αὐτοὺς
1138 2727 1220 2812 ἡοεε

162 2833 237 2919 παρ’
264 2833 358 2918 ὑμῶν
382 2833 464 2916 ὀργὴ
487 2844 554 2898 τῶν
577 2831 629 2898 ἀεὶ
650 2836 776 2917 κυρίων
799 2834 842 2917 μὴ
865 2836 1054 2917 γενήσεται,

122 2957 148 2998 ιε
254 2938 338 3025 Φέρε
371 2940 412 3023 δὴ
444 2940 526 3022 πρὸς
556 2945 647 3004 θεῶν
674 2937 806 3004 κάκεῖνο
833 2936 1008 3017 σκέψασθε.
1052 2963 1170 3025 παραι-

161 3047 302 3131 τήσομαι
326 3042 356 3110 δ’
378 3044 464 3129 ὑμᾶς
486 3041 590 3128 μηδὲν
613 3044 826 3128 ἀχθεσθῆναί
844 3068 910 3130 μοι,
935 3044 994 3111 ἐὰν
1016 3043 1069 3111 ἐπὶ
1087 3063 1169 3130 συμ-

163 3160 271 3236 φορᾶς
300 3161 402 3216 τινῶν
433 3152 620 3233 γεγονότων
652 3148 811 3235 ὀνομαστὶ
842 3156 996 3234 μνησθῶ·
1032 3151 1074 3217 οὐ
1105 3154 1168 3234 γὰρ

163 3256 325 3331 ὀνειδίσαι
346 3255 391 3338 μά
408 3257 487 3330 τοὺς
504 3256 607 3330 θεοὺς
625 3253 738 3319 οὐδενὶ
758 3251 913 3339 δυσχερές
932 3253 1032 3322 οὐδὲν
1049 3259 1168 3340 βουλό-

163 3383 262 3443 μενος
279 3367 376 3424 τοῦτο
396 3363 534 3444 ποιήσω,
552 3359 635 3425 ἀλλά
654 3360 757 3439 δεῖξαι
770 3361 807 3424 τὸ
821 3362 993 3442 βιάζεσθαι
1007 3361 1061 3428 καὶ
1075 3363 1168 3448 ῦβρί

165 3468 237 3543 ζειν.
254 3462 309 3529 καὶ
330 3464 370 3529 τά
392 3473 528 3530 τοιαῦτα
549 3475 658 3530 ποιεῖν
680 3465 725 3542 ώς
746 3465 886 3542 ἀπαντες
907 3467 1000 3552 ὑμεῖς
1022 3467 1059 3533 οί
1073 3470 1168 3535 ἄλλοι
