2622 3938
155 103 194 157 IV
555 101 767 159 PRAEFATIO.

155 263 233 330 οὕτε
266 267 347 348 καλὴ
381 262 449 332 οὔτ’
482 267 608 350 αἰσχρά.
660 263 837 330 Offensioni
868 268 918 328 est
949 260 1167 346 πραττομένη,

155 369 243 454 quod
262 393 335 436 cnm
350 369 515 456 Stephano
533 370 652 436 delevit
671 371 815 454 Iahnius,
834 375 867 434 et
886 369 1011 435 omittit
1024 365 1168 452 Proclus,

157 474 213 560 qui
236 476 360 562 etipse
383 477 491 542 locum
513 477 599 541 hunc
623 475 802 562 exscripsit.
847 475 965 540 Iamsi
987 472 1168 539 versionem

156 579 254 645 Gellii
275 580 464 668 inspexeris,
487 582 610 647 videbis
634 605 675 645 ne
698 581 791 647 illum
811 580 939 665 quidem
961 578 1166 664 πραττομένη

155 685 322 773 habuisse
350 692 400 752 est
423 687 508 752 enim
531 687 623 752 haec:
653 711 764 770 „cirene
786 690 910 752 manino
931 687 1049 767 factum
1072 687 1169 750 sicae
1299 745 1301 760 ,

156 794 259 858 turbet:
289 815 383 875 neque
406 801 492 876 turpe
514 801 570 878 est,
597 787 748 876 ηαααααα
771 795 807 858 να
828 815 861 858 eo
884 799 940 874 eet,
963 813 1058 873 αοηαο
1080 791 1168 856 heac—

154 900 264 962 stnmf‘

191 1031 194 1038 ·
244 1005 359 1091 Itaque
383 1006 421 1070 de
444 1005 525 1072 locis
549 1005 671 1089 allatis,
700 1003 829 1070 etiamsi
851 1026 937 1068 nunc
960 1025 1033 1067 cum
1055 1007 1168 1067 nostra

155 1106 294 1176 lectione
309 1115 499 1196 congruant,
518 1109 666 1175 dubitare
681 1111 808 1194 semper
821 1109 898 1174 licet
913 1131 992 1173 num
1009 1109 1073 1194 ipsi
1092 1129 1169 1192 quo

157 1220 386 1299 que'auctores
403 1216 453 1280 ita
469 1216 616 1302 legerint.
649 1216 699 1280 Ex
719 1216 821 1280 altera
839 1219 948 1280 autem
966 1219 1058 1300 parte
1076 1235 1117 1279 ne
1133 1213 1168 1277 id

157 1322 286 1406 quidem
309 1321 443 1386 dubium
462 1325 521 1406 est,
544 1321 648 1386 multa
666 1322 733 1386 iam
751 1327 875 1386 veteres
895 1325 1049 1405 corrupta
1071 1324 1167 1402 atquc

155 1427 353 1513 interpolata
381 1427 508 1513 legisse.
554 1425 646 1503 Quod
675 1450 750 1492 cum
776 1431 904 1513 praeter
932 1427 995 1490 alia
1022 1425 1168 1512 exempla

156 1533 229 1597 loco
251 1533 472 1599 'limocrateae
496 1532 630 1618 (XXIV,
650 1535 730 1618 208)
754 1532 1045 1618 comprobaverim,
1073 1555 1168 1616 quem

155 1638 338 1703 imitatione
368 1661 426 1704 sua
448 1638 605 1705 Libanius
634 1643 775 1705 testatur
798 1639 1015 1704 adulteratum
1042 1659 1076 1702 se
1098 1660 1168 1722 rep·

156 1745 278 1830 p'erisse
297 1743 339 1830 (v.
353 1746 452 1830 praei.
466 1769 497 1831 p.
511 1744 602 1832 XII),
619 1767 705 1810 nunc
718 1745 856 1810 ulterius
874 1766 1066 1830 progressus
1082 1745 1167 1829 apud

157 1849 336 1916 Aristidem
355 1851 487 1915 alterius
507 1851 627 1916 saeculi
646 1855 811 1916 auctorem
834 1851 931 1915 huius
949 1850 1052 1935 ipsius
1070 1850 1167 1915 inter-

155 1956 331 2042 polationis
347 1957 487 2043 vestigia
499 1956 586 2020 hand
601 1957 739 2021 obseura
752 1956 951 2022 monstrabo.
979 1959 1035 2032 Τίς
1051 1957 1166 2036 οὕτως,

155 2062 263 2146 inquit
290 2063 346 2128 ille
370 2063 413 2148 (I,
433 2064 509 2145 789)
538 2074 615 2139 παῖς
642 2063 732 2127 ἐστιν
758 2062 778 2145 ἢ
807 2063 992 2145 πρεσβύτης
1020 2062 1080 2140 ἔξω
1107 2073 1167 2127 τοῦ

157 2179 309 2254 φρονοίη
340 2168 516 2234 secundum
541 2167 621 2233 haec
644 2167 1024 2252 pseudodemosthenica:
1056 2167 1168 2245 οὐδεὶς

157 2274 233 2338 οὔτε
255 2273 331 2350 νέος
354 2274 428 2340 οὔτε
452 2269 561 2355 γέρων
584 2273 744 2356 ὀλίγωρος
767 2274 873 2350 οὕτως
896 2275 994 2353 ἐστίν,
1024 2295 1098 2338 oum
1120 2275 1168 2340 ita

157 2379 341 2464 scripsisset
363 2378 613 2466 Demosthenes:
642 2375 753 2453 οὐδεὶς
776 2379 851 2444 οὔτε
874 2379 982 2466 γέρων
1005 2375 1074 2443 οὔτ’
1100 2381 1167 2446 ὀλί-

158 2509 265 2570 γωρος
283 2483 401 2560 οὕτως’
435 2482 567 2550 Scilicet
585 2490 661 2570 post
680 2485 819 2550 alterum
833 2485 908 2548 οὔτε
920 2467 1168 2572 'adscripserunt

157 2591 243 2673 νέος,
267 2613 344 2656 casn
362 2579 617 2656 id'intercidisse
640 2590 716 2655 rati:
740 2612 803 2674 quo
826 2591 899 2655 loco
917 2613 1003 2656 nunc
1025 2591 1061 2656 in
1082 2593 1166 2678 libro

157 2695 232 2780 περὶ
245 2697 353 2774 ὕψους
366 2696 499 2782 legitur3
521 2696 595 2762 inde
610 2697 710 2760 etiam
723 2695 823 2760 latins
842 2696 963 2760 malum
984 2683 1109 2784 serpsit.
1129 2738 1162 2746 —

158 2800 208 2870 De
223 2802 295 2868 ¹alio
315 2807 424 2868 autem
443 2800 539 2888 quem
560 2803 681 2868 ibidem
704 2801 842 2866 tractavi
865 2801 937 2866 loco
957 2803 1093 2889 (XVIII,
1109 2805 1166 2886 87)

157 2932 243 2976 nuno
265 2909 335 2994 ipse
359 2908 498 2993 ambigo.
546 2909 679 2990 Χοίρακοι
703 2910 885 2990 βαλόμενος
908 2911 990 2990 πρὸς
1012 2919 1051 2995 τῇ
1074 2913 1167 2976 πόλει

84 3057 99 3061 =-
148 3015 184 3082 ¹-S‘
203 3012 491 3100 'etHarp'ocratio3
511 3015 694 3099 χαράκωμα
716 3016 788 3095 par.
812 3012 874 3078 ατὲ.
898 3013 953 3078 alii
982 3017 1167 3082 codicest
1134 3022 1167 3082 et

123 3179 125 3182 .
158 3120 324 3220 Libanius
348 3117 616 3209 Harpocrationis
632 3120 754 3206 glossa.
777 3144 902 3240 χαρακα
916 3128 1002 3205 Δημ.
1017 3123 1054 3186 τὸ
1068 3117 1166 3205 χαρά-

159 3215 262 3332 αορα,
280 3221 349 3316 rem
360 3220 544 3294 confectam
557 3230 724 3318 putamus3
747 3221 802 3291 sed
816 3226 949 3291 minime
962 3233 1012 3292 est
1030 3229 1166 3330 simplex

160 3325 343 3420 qaeestio.
365 3333 427 3397 Est
455 3329 540 3398 enim
571 3357 749 3418 χαρακωμα
775 3327 968 3398 vocabulum
997 3335 1165 3420 antiquum

158 3441 360 3527 probumque
388 3444 421 3504 et
448 3443 576 3525 praeter
603 3438 851 3524 Xenophontem
879 3439 977 3504 etiam
1003 3464 1024 3505 a
1050 3441 1165 3508 Demo·
