2614 3904
143 169 209 243 326
440 172 552 226 xxm
574 170 855 225 εευοεοευονε
1288 217 1289 264 ae

1288 283 1289 326 λ

1288 343 1289 384 λ

547 436 751 490 Μεεενεω.
1156 444 1222 496 ,εεε

103 563 130 606 ιι
224 539 296 610 ’Ότι
318 546 435 610 τοίνυν
457 541 521 610 οὐκ
543 544 667 625 ἄπορος
693 538 736 627 ἧν
757 542 775 608 ὁ
794 543 995 627 Μοιριάδης,
1019 537 1093 609 οὐδ’
1114 537 1160 626 ἧν
1288 517 1289 610 ss

143 658 189 737 τῷ
210 647 311 734 πατρὶ
329 658 427 715 τοῦτο
445 650 483 715 τὸ
503 652 709 734 συμβόλαιον
727 650 775 726 είς
792 645 995 729 τάνδράποδ’
1017 649 1161 733 ηλυθίιυς

144 743 433 840 συμβεβλημένον,
463 758 606 842 μεγίστῳ
633 757 797 842 τεκμηρίῳ
825 755 1012 838 γνώσεσθε·
1044 756 1161 836 λαβὼν

144 861 207 946 γάρ
226 860 271 938 ὡς
289 858 408 927 ἑαυτὸν
418 859 566 945 ’Ἄφοβος
582 869 683 927 τοῦτο
700 861 738 925 τὸ
755 859 985 946 ἐργαστήριον,
1003 861 1048 937 ὡς
1062 858 1160 925 αὐτοὶ

143 977 211 1032 τῶν
238 967 416 1051 μαρτύριον
443 967 621 1050 ἠκούσατε,
647 963 704 1032 καὶ
732 964 810 1032 δέου
833 966 952 1050 αὐτὸν,
980 968 1011 1032 εί
1031 969 1090 1032 καί
1108 989 1160 1043 τις

145 1072 244 1148 ἄλλος
259 1069 417 1161 ,ἐβούλετ’
444 1074 492 1148 είς
517 1081 620 1138 ταῦτα
649 1075 846 1157 συμβαλεῖν,
874 1081 995 1139 τοῦτον
1016 1073 1160 1138 κωλύειν

145 1176 323 1264 ἐπίτροπόν
342 1175 372 1262 γ’
396 1179 487 1261 ὄντα,
511 1178 610 1256 αὐτὸς
628 1176 681 1244 ἐπί
699 1179 831 1256 τούτοις
847 1188 917 1254 τοῖς
934 1177 1161 1263 ἀνδραπόδοις

144 1292 190 1372 τρλ
205 1285 379 1371 Μοιριάδη
397 1287 615 1362 πεντακοσίας
634 1284 781 1368 δραχμὰς
795 1284 977 1368 ἐδάνεισεν,
995 1283 1034 1362 δς
1047 1285 1161 1370 ὀρθῶς

106 1409 132 1450 ιε
144 1388 200 1455 καὶ
219 1391 355 1467 δικαίως
372 1385 451 1474 παρ’
472 1388 602 1455 ἐκείνου
619 1392 818 1473 κεκομίσθαι
835 1389 1057 1474 ὡμολόγηκεν.
1088 1393 1160 1456 καί·

144 1518 197 1563 τοι
223 1507 294 1574 πῶς
320 1495 361 1562 οῦ
390 1496 518 1577 δεινόν,
548 1495 579 1562 εί
602 1494 683 1580 ἡμῖν
711 1491 772 1580 μὲν
798 1497 881 1580 πρὸς
905 1503 951 1583 τῷ
975 1492 1073 1580 λῆμμ’
1101 1491 1157 1562 ἀπ’

146 1601 257 1668 αὐτῶν
283 1597 388 1686 μηδὲν
416 1599 591 1685 γεγονέναι
612 1598 667 1666 καὶ
691 1601 774 1666 αὐτὰ
796 1601 836 1666 τὰ
858 1595 1053 1666 ὑποτεθέντ’
1080 1599 1161 1667 άπό-

147 1712 263 1791 λωλεν,
286 1711 322 1774 οἳ
336 1710 499 1790 πρότερον
517 1708 755 1791 συνεβάλομεν,
777 1715 822 1794 τςῦ
842 1700 874 1772 δ’
895 1709 942 1782 είς
959 1707 1000 1772 τὰ
1018 1705 1161 1791 ἡμέτερα

148 1814 338 1881 δανείσαντι
360 1811 416 1880 καὶ
438 1814 586 1901 τοσοότφ
609 1816 719 1900 χρόνῳ
741 1811 912 1897 πράξαντι,
935 1810 991 1878 καὶ
1015 1813 1051 1878 οί
1068 1815 1161 1878 τόκοι

146 1917 202 1985 καί
228 1915 357 2005 τάρχαῖ’
385 1916 421 1984 ἐκ
445 1929 513 1984 τῶν
535 1917 703 2004 ἡμετέρων
726 1916 925 1983 ἀποδέδοται
947 1915 1002 1983 καὶ
1026 1917 1157 2003 οὐδεμί’

147 2024 268 2111 ίιπορία
290 2023 443 2110 γέγονεν;
472 2024 555 2090 άλλδ
578 2025 643 2108 μὴν
667 2023 711 2101 ὡς
734 2022 844 2108 ἀληθῆ
868 2021 968 2108 λέγω,
996 2020 1076 2107 λαβέ
1098 2025 1162 2108 την

146 2134 332 2218 μαρτυρίαν
355 2128 410 2197 καὶ
434 2129 617 2214 ἀνάγνωθι.

443 2395 446 2400 ,
556 2342 746 2394 MAPTTPIA.

108 2471 135 2514 ιε
236 2449 417 2529 Σκέῦασθε
434 2451 557 2516 ,τοίνυν
579 2449 661 2514 ὅσον
682 2447 845 2534 άργόριον
864 2441 958 2514 οὗτοι
976 2448 1065 2533 παρά
1082 2451 1161 2526 τοῦς

147 2559 360 2633 κλινοποιοὺς
379 2552 568 2637 κλέπτουσι,
586 2555 827 2639 τετταράκοντα
846 2550 907 2639 μὲν
926 2563 1009 2638 μνᾶς
1028 2553 1108 2618 αὐτὸ
1122 2555 1160 2619 τὸ

148 2663 301 2750 άρχαίον,
331 2660 410 2726 δέκα
434 2657 465 2724 δ’
493 2659 575 2725 ἐτῶν
597 2661 636 2725 τό
660 2663 760 2746 ἔργον
783 2659 894 2726 αὐτῶν
918 2660 980 2724 δύο
1002 2660 1161 2726 τάλαντα·

148 2771 277 2836 δώδεκα
308 2769 372 2852 γάρ
404 2775 489 2850 μνᾶς
515 2765 655 2832 ἑκάστου
680 2774 742 2832 τοῦ
770 2766 926 2832 ἐνιαυτοῦ
951 2765 1013 2848 την
1040 2768 1160 2850 πρόσο-
1287 2813 1289 2828 .

148 2876 211 2941 δον
233 2874 344 2940 αὐτῶν
368 2873 563 2957 ἐλάμβανον.
602 2867 665 2957 άρα
688 2874 807 2957 μικρόν
829 2895 862 2937 τι
883 2869 939 2938 καὶ
958 2871 991 2950 ἐξ
1010 2871 1160 2955 ἀφανοῦς

148 2988 255 3049 ποθεν
282 2978 337 3046 καί
364 2982 655 3064 παραλογίσασθαι
684 2977 818 3067 ῥᾴδιον,
847 2972 917 3043 ἀλλ’
944 2978 986 3043 οῦ
1009 2990 1160 3063 φανερῶς

149 3084 272 3155 οὑτωσὶ
294 3094 413 3171 μικροῦ
439 3086 511 3150 δεῖν
533 3088 609 3170 τρία
631 3085 775 3151 τάλαντα
798 3082 889 3150 ταῦτ’
916 3083 1158 3169 άνηρπάκασιν;

149 3187 196 3259 ὧν
213 3201 309 3277 κοινῇ
329 3189 628 3276 διαπεφορημένων
645 3193 683 3256 τὸ
702 3195 815 3276 τρίτον
833 3192 942 3274 δήπου
959 3189 1059 3276 μέρος
1073 3190 1160 3270 παρά

147 3298 271 3363 τούτου
293 3321 349 3381 μοι
372 3299 531 3382 προσήκει
553 3298 761 3380 κεκομίσθαι.

110 3418 138 3458 ³⁰
239 3401 305 3467 Καὶ
329 3402 396 3484 μὴν
418 3396 444 3467 ὦ
468 3403 588 3487 άνδρες
610 3399 762 3468 δικασταὶ
783 3399 837 3467 καλ
856 3402 896 3467 τά
913 3400 989 3485 περὶ
1006 3411 1067 3468 τοῦ
1085 3399 1207 3468 ἑλέ-823

151 3528 276 3586 φαντος
303 3503 358 3572 καὶ
385 3508 528 3590 σιδήρου
555 3516 615 3573 τοῦ
643 3507 924 3592 καταλειφθέντος
952 3508 1161 3593 παραπλήσιά

755 3674 886 3870 ἐκ,
