2612 3918
491 128 587 179 ΚΑΤΑ
603 126 764 179 mm
1065 122 1127 188 101

176 310 224 363 .ο;
248 287 429 375 τραγῳδοῖς
445 285 646 372 κεχορήγηκέ
660 283 741 351 ποθ’
766 279 873 368 οὗτος,
895 284 958 368 έχὼ
978 281 1009 351 δ’
1031 284 1132 366 αὐλη-

164 405 197 467 ΐς
224 391 371 475 άνδράσι.
406 390 460 456 καὶ
483 390 532 456 ότι
553 401 650 458 τοῦτο
668 389 832 476 τάνάλωμ’
855 389 981 475 ἐκείνης
998 399 1056 474 τῆς
1074 392 1131 455 δα-

161 523 236 580 ·νης
256 495 357 563 πλέον
378 495 446 562 έστλ
468 503 593 584 πολλῷ,
616 497 728 575 οὐδεὶς
750 497 866 581 ἀγνοεῖ
887 497 1004 580 δήπου.
1040 495 1131 579 κάγὼ

165 630 186 668 ν
214 603 388 687 ἐθελοντής
408 613 488 686 νῦν,
515 597 613 680 οὗτος
635 601 672 670 δέ
694 605 855 681 καταστὰς
877 602 911 682 ἐξ
934 602 1132 679 ἀντιδόσεως

162 735 218 793 τε,
245 705 286 776 οὗ
312 711 407 795 χάριν
435 709 593 794 οὐδεμίαν
620 710 729 794 δήπου
757 711 892 786 δικαίως
918 710 961 774 άν
982 730 1032 786 τις
1053 710 1130 793 ἔχοι.

179 820 245 894 ἔτις
269 818 413 882 εἱστίακα
434 817 495 898 τήν
517 818 629 901 φυλήν
652 817 715 900 έχὼ
736 815 792 884 καὶ
812 817 1063 897 Παναθηναίοις
1080 837 1132 880 κε-

156 952 173 984 ι.
192 925 308 1007 ήχηκα,
330 917 427 999 οὗτος
447 917 477 987 δ’
498 921 664 1008 οὐδέτερα.
700 924 833 1010 ἡγεμὼν
851 924 1035 1007 συμμορίας
1052 920 1133 1005 ὑμῖν

152 1031 291 1113 ιενόμην
323 1026 413 1110 [έμδι]
446 1029 500 1111 ἔτη
530 1025 612 1110 δέκ’,
644 1034 720 1094 ίσου
750 1032 921 1114 Φορμίωνι
947 1023 1003 1092 καὶ
1028 1029 1132 1091 Λυσι-

151 1137 229 1220 είδη
250 1131 305 1198 καλ
325 1136 539 1220 Καλλαίσχρῳ
562 1130 617 1198 καὶ
638 1143 709 1210 τοῖς
730 1133 1000 1214 πλουσιωτάτοις,
1023 1129 1132 1216 εἰσφέ-

147 1266 200 1308 ων
226 1239 288 1305 οὐκ
313 1235 372 1323 ἀφ’
397 1238 608 1322 ὑπαρχούσης
634 1239 750 1317 οὐσίας
778 1238 858 1327 (ὑπὸ
884 1240 948 1322 γάρ
975 1248 1043 1302 τῶν
1065 1236 1132 1302 έπι-

144 1351 263 1432 ρόπων
281 1343 531 1428 ἀπεστερήμην),
554 1342 626 1409 ἀλλ’
648 1345 712 1412 ἀπὸ
730 1353 790 1429 τῆς
807 1345 905 1428 δόξης
923 1338 971 1409 ὧν
989 1343 1007 1409 δ
1025 1345 1132 1427 πατήρ

134 1479 185 1520 ιοι
217 1450 387 1516 κατέλιπεν
417 1447 472 1514 καλ
503 1444 551 1515 ὧν
583 1452 713 1518 δίκαιον
744 1448 787 1535 ήυ
818 1475 858 1536 με
888 1448 1132 1535 δοκιμασθέντα

128 1560 339 1642 κομίσασθαι
375 1550 522 1638 ἐγὼμὲν
546 1549 608 1620 οὐν
631 1555 737 1634 οὕτως
757 1556 840 1641 ὑμῖν
858 1559 1133 1640 προσενήνεγμαι,

126 1664 272 1739 Μειδιέις
295 1659 331 1727 δὲ
352 1672 434 1738 πῶςς
460 1659 588 1726 οὐδέπω
610 1659 665 1726 κοιλ
692 1665 835 1748 τήμερον
858 1666 1043 1746 συμμορίας
1059 1661 1130 1746 ἡμε-

125 1773 202 1836 οὼν
226 1768 377 1852 γέγονεν,
404 1762 504 1832 οὐδὲν
530 1777 597 1832 τῶν
623 1765 786 1857 πατρῴων
813 1766 1052 1852 ἀποστερηθεὶς
1074 1763 1130 1833 ὑπ’

126 1877 279 1958 οὐδενός,
302 1873 384 1939 ἀλλὰ
405 1872 494 1955 παρά
514 1881 575 1937 τοῦ
597 1875 720 1958 πατρὸς
741 1876 869 1958 πολλήν
892 1874 1011 1941 οὐσίαν
1030 1897 1132 1957 παρα-

126 1983 251 2066 λαβών.
294 1982 344 2055 τίς
370 1972 432 2043 οὐν
458 1977 479 2060 ἡ
502 1981 703 2063 λαμπρότης,
730 1978 750 2063 ή
774 1983 862 2057 τίνες
883 1979 922 2044 αλ
941 1983 1133 2065 λητουρνίαι

125 2088 185 2154 καλ
211 2089 251 2153 τά
277 2082 367 2168 σέμν’
398 2083 595 2167 ἀναλώματα
620 2086 756 2165 τούτους
788 2085 851 2168 ἐγὼ
879 2081 940 2170 μὲν
967 2086 1028 2171 οὐχ
1055 2086 1134 2172 δρῶ,

124 2195 217 2276 πλὴν
244 2193 276 2256 εί
299 2190 401 2255 ταῦτά
426 2213 476 2265 τις
496 2194 633 2272 δεωρεῑ·
664 2192 773 2256 οἰκίαν
795 2187 1007 2278 ᾠκοδόμηκεν
1026 2189 1133 2257 Ἐλευ-

126 2311 199 2366 σῖνι
215 2297 390 2380 τοσαύτην,
409 2295 491 2359 ὥστε
509 2304 610 2360 πᾶσιν
628 2295 813 2362 έπισκοτείυ
830 2307 900 2373 τοῖς
918 2296 955 2361 έν
971 2305 1017 2385 τῷ
1032 2299 1133 2386 τόπφ,

125 2404 186 2472 καλ
212 2405 260 2480 είς
285 2404 448 2487 μυστήρια
474 2402 536 2485 τήν
561 2397 691 2484 γυναῖκ’
722 2403 809 2485 άγει,
840 2400 904 2468 κδιν
930 2400 1054 2467 άλλοσέ
1076 2424 1133 2467 ποι

124 2511 304 2595 βούληται,
330 2504 383 2573 έπλ
408 2515 469 2571 τοῦ
495 2511 615 2572 λευκοῦ
643 2508 779 2590 ζεύγους
804 2515 865 2572 τοῦ
891 2507 928 2572 ἐκ
950 2512 1133 2590 Σικυῶνος,

123 2615 185 2683 καὶ
210 2625 299 2696 τρεῖς
321 2613 530 2687 ἀκολούθως
551 2610 572 2694 ή
595 2610 750 2698 τέτταρας
772 2612 872 2689 αὐτὸς
893 2616 978 2698 ἔχων
1000 2614 1057 2679 διὰ
1077 2624 1136 2699 τῆς

123 2723 253 2806 ἀγορᾶς
279 2722 387 2802 σοβεῖ,
414 2717 497 2802 ῥυτά
520 2715 576 2782 καλ
597 2721 720 2801 κυμβία
743 2716 798 2784 καλ
820 2720 941 2802 φιάλας
964 2720 1135 2805 ὀνομάζων

88 2847 110 2886 »ο
125 2827 237 2903 οὕτως
258 2825 341 2889 ὥστε
363 2825 441 2899 τούς
462 2825 641 2907 παριόντας
664 2822 807 2888 ἀκούειν.
844 2823 909 2906 ίχῖο
932 2821 963 2889 δ’
985 2827 1047 2892 ὅσα
1064 2823 1185 2911 μὲνσοσ

123 2943 187 3018 τῆς
214 2933 301 3008 ίδίας
321 2938 450 3012 τρυφῆς
471 2929 581 2993 εἵνεκα
604 2929 746 3006 Μειδίας
768 2927 824 2995 καὶ
846 2934 1039 3012 περιουσίας
1059 2943 1134 2998 κτᾶ-

123 3064 198 3104 ται.
227 3037 287 3102 οὐκ
315 3029 379 3100 οἶδ’
405 3033 424 3098 ὅ
449 3056 482 3097 τι
507 3035 586 3110 τοὺς
607 3037 751 3112 πολλοὺς
772 3035 867 3119 ὑμῶν
890 3036 1023 3120 ὠφελεῖ·
1055 3036 1077 3102 ἃ
1100 3036 1130 3102 δ’

230 3145 346 3226 άμενος
375 3139 505 3216 τούτοις
535 3139 676 3224 ὐβριζει,
712 3138 765 3206 έπλ
796 3145 941 3218 πολλοὺς
971 3140 1026 3208 καλ
1056 3146 1134 3220 τούς

275 3272 288 3290 ν
306 3246 400 3329 ὑμῶν
417 3243 632 3329 ἀφικνούμεν’
649 3245 725 3331 δρῶ.
757 3246 799 3312 οὐ
817 3247 871 3312 δελ
887 3247 929 3328 δή
944 3248 986 3312 τὰ
998 3247 1129 3313 τοιαῦθ’

315 3361 403 3435 ἰμᾶν
425 3347 505 3416 οὐδὲ
526 3353 709 3436 θαυμάζειν
731 3353 833 3436 ὑμᾶς,
854 3349 934 3418 οὐδὲ
955 3354 1017 3436 τήν
1039 3359 1134 3438 φιλο

355 3457 450 3522 αὐτων
471 3460 608 3548 κρίνειν,
631 3463 665 3523 εί
682 3481 733 3542 τις
754 3458 926 3552 οἰκοδομεῖ
940 3460 1133 3554 λαμπρῶςή
