2938 4180
240 143 304 210 146
546 145 633 198 xxn.
655 142 935 197 ΔΗΜΟΣΘΕΝΟΤΣ

199 324 225 367 τε
239 329 332 391 ματα.
371 314 473 371 ταῦτα
496 299 557 390 μὲν
580 308 706 386 τοίνυν,
730 303 750 369 ά
775 307 871 388 ζῆλον
894 307 1001 370 πολὺν
1024 299 1089 389 εἶχε
1112 301 1168 370 καὶ
1190 327 1242 377 φι·

239 415 390 497 λοτιμιάν
416 411 510 496 ὑμῖν,
538 411 716 495 ἠφάνισται
741 409 1013 495 καθαιρεθέντων
1035 421 1103 477 τῶν
1126 410 1246 494 στεφά-

238 537 321 584 νων·
351 516 403 584 ἐπὶ
429 528 500 594 ταῖς
528 518 662 602 φιάλαις
690 511 719 582 δ’
746 515 785 593 ἃς
812 509 882 582 ἀντ’
908 515 1043 584 ἐκείνων
1067 513 1242 601 ἐποιήσαθ’

238 624 319 708 ὑμῖν
346 623 364 689 ὁ
390 626 514 708 πόρνος
542 617 653 705 οὗτος,
681 617 937 706 ,Ἀνδροτίωνος
962 623 1246 708 ἐπιμελουμένου“

239 729 430 813 γέγραπται·
460 727 513 796 καὶ
537 723 577 795 οὗ
600 731 637 795 τὸ
661 727 742 813 σῶμ’
769 728 983 813 ἡταιρηκότος
1006 730 1068 796 οὐκ
1090 729 1190 796 ἐῶσιν
1212 731 1250 796 οί

238 839 337 921 νόμοι
365 838 425 918 [είς
450 835 490 901 τὰ
519 835 590 920 ίερά
618 833 784 918 είσιέναι],
811 836 933 901 τούτου
958 834 1092 922 τοῦνομ’
1119 835 1155 902 έν
1177 847 1246 915 τοῖς

240 943 341 1028 ίεροῑς
363 941 416 1008 ἐπὶ
438 952 506 1008 τῶν
528 945 659 1026 φιαλῶν
681 938 909 1026 γεγραμμένον
930 941 1028 1007 ἐστίν.
1065 943 1181 1027 ὅμοιόν
1198 940 1244 1026 γ’,

239 1048 280 1114 οὐ
307 1049 386 1135 γδρ;
413 1059 512 1116 τοῦτο
539 1058 610 1126 τοῖς
635 1046 808 1134 προτέροις
829 1047 1081 1132 ἐπιγράμμασιν,
1105 1049 1126 1134 ἢ
1150 1056 1245 1134 φιλο-

201 1173 226 1214 τι
238 1158 351 1240 τιμίαν
379 1162 455 1241 ίσην
482 1158 559 1242 ἔχον
583 1155 671 1240 ὑμίν.
719 1157 797 1240 [τρία
819 1159 923 1222 τοίνυν
944 1157 977 1222 ἐκ
999 1160 1106 1222 τούτου
1127 1159 1163 1221 τὰ
1186 1160 1245 1222 δει-

239 1252 336 1319 νότατ’
360 1254 399 1320 άν
425 1281 469 1332 τις
496 1257 556 1320 λ’δοι
581 1251 760 1338 πεπραγμέν’
785 1255 894 1331 αὐτοῖς.
938 1256 993 1336 τὴν
1016 1253 1070 1338 μέν
1091 1257 1147 1341 γδιρ
1169 1258 1245 1321 θεὸν

238 1355 308 1429 τοὺς
330 1355 495 1434 στεφάνους
518 1352 704 1432 σεσυλήκασι·
727 1363 779 1434 της
801 1353 912 1429 πόλεως
935 1351 967 1416 δέ
989 1353 1041 1417 τὸν
1060 1355 1147 1436 ζῆλον
1165 1354 1245 1436 ἠφα-

240 1452 337 1514 νίκασι
359 1450 412 1515 τὸν
433 1451 467 1515 έκ
488 1460 548 1512 τῶν
571 1449 674 1533 έργοιν,
695 1442 738 1514 ὧν
760 1445 913 1533 ὑπόμνημ’
932 1445 1010 1534 ἦσαν
1033 1449 1116 1528 ὄντες
1135 1454 1168 1517 ολ
1182 1454 1245 1517 στέ-

240 1564 345 1628 φανοι·
367 1549 436 1622 τοὺς
459 1542 487 1610 δ’
512 1545 679 1623 ἀναθέντας
702 1549 791 1626 δόξαν
814 1547 851 1612 οδ
874 1547 983 1631 μικράν
1005 1545 1189 1636 ἀφῄρηνται,
1211 1551 1244 1614 τὸ

240 1647 338 1709 δοκεῖν
365 1637 408 1707 ὧν
435 1643 474 1706 όν
496 1638 530 1708 εὖ
552 1641 671 1709 πάθωσ’
696 1645 809 1708 ἐθέλειν
832 1652 1009 1727 μεμνῆσθαι.
1053 1647 1104 1709 καλ
1124 1660 1246 1712 τοιαῦτα

238 1743 288 1806 καλ
306 1753 432 1806 τοσαῦτα
449 1743 481 1806 τὸ
499 1749 616 1824 πλῆθος
634 1739 700 1806 κάκ’
716 1741 909 1826 εἰργασμένοι,
927 1745 970 1818 εἰς
987 1740 1075 1808 τοῦθ’
1092 1739 1144 1826 ἅμ’
1160 1745 1245 1809 ἀναι-

240 1841 367 1921 σθησίας
389 1840 439 1902 καί
462 1841 569 1922 τόλμης
590 1843 838 1923 προεληλύθασιν,
861 1841 932 1904 ὥστε
952 1840 1115 1922 μέμνηνται
1132 1844 1245 1906 τούτων

239 1937 279 2012 ὡς
301 1943 396 2012 καλῶς
414 1936 517 2012 αὐτοῖς
535 1938 736 2026 διφκημένων,
758 1933 834 2002 ὥσθ’
855 1936 871 2000 ὃ
890 1936 945 2019 μὲν
963 1939 1053 2002 οίεται
1071 1935 1111 2002 δι’
1130 1939 1245 2005 ἐκεῖνον

239 2031 294 2116 ὑφ’
315 2035 399 2116 ὑμῶν
422 2035 624 2116 σωθήσεσθαι,
647 2034 663 2098 δ
687 2034 720 2099 δέ
741 2037 951 2119 παρακάθηται
972 2035 1022 2100 καλ
1045 2036 1081 2100 οό
1103 2039 1245 2102 καταδύε-

200 2146 286 2197 ιῠται
307 2140 368 2207 τοῖς
390 2131 627 2216 πεπραγμένοις]
673 2130 760 2197 οὕτω
786 2128 817 2196 δ’
844 2130 885 2195 οὐ
907 2131 1013 2214 μόνον
1036 2133 1083 2208 εἰς
1104 2132 1242 2217 χρήματ’

239 2237 386 2320 ἀναιδὴς,
410 2235 493 2301 ἀλλὰ
512 2234 566 2301 καὶ
585 2238 697 2313 σκαιός
715 2236 815 2320 ἐστιν,
836 2233 913 2302 ὥστ’
936 2235 997 2302 οὐκ
1016 2231 1108 2302 οἶδεν
1126 2237 1244 2324 έκεῖνο,

239 2345 290 2410 ότι
312 2342 471 2426 στέφανοι
494 2341 555 2427 μέν
578 2336 640 2408 είσ’
666 2341 783 2427 ἀρετῆς
806 2351 958 2427 σημεῖον,
982 2345 1099 2427 φιάλαι
1122 2340 1159 2412 δὲ
1181 2344 1301 2412 uatem

238 2452 436 2516 τὰτοιαῦτα
459 2449 620 2533 πλούτου,
642 2446 699 2514 καὶ
722 2446 886 2533 στέφανος
907 2444 968 2532 μέν
991 2449 1089 2532 ἅπας,
1112 2449 1183 2517 κάν
1196 2477 1244 2536 μι-

239 2558 318 2643 κρὸς
343 2547 380 2644 ᾗ,
407 2556 469 2640 τὴν
498 2561 575 2640 ίσην
599 2558 792 2640 φιλοτιμίαν
814 2557 879 2640 ἔχει
902 2563 947 2642 τῷ
970 2557 1116 2644 μεγάλῳ,
1144 2558 1245 2624 ἐκπώ-

239 2687 323 2748 ματα
348 2659 378 2727 δ’
401 2662 420 2746 ἣ
443 2659 651 2748 θυμιατήρί,
675 2661 732 2727 ἐάν
755 2657 816 2746 μέν
839 2661 1028 2748 ὑπερβάλλῃ
1048 2671 1094 2750 τῷ
1112 2668 1245 2750 πλήθει,

238 2771 385 2836 πλούτου
416 2770 490 2834 τινά
523 2767 624 2847 δόξαν
655 2770 896 2853 προσετρίψατο
928 2779 998 2845 τοῖς
1026 2770 1246 2855 κεκτημένοις,

239 2876 298 2943 έδιν
321 2871 351 2942 δ’
372 2873 426 2942 ἐπὶ
448 2885 577 2962 μικροῖς
599 2899 648 2952 τις
671 2874 883 2958 σεμνύνηται,
905 2870 1036 2939 τοσοῦτ’
1057 2875 1167 2961 ἀπέχει
1185 2887 1246 2944 τοῦ

238 2978 333 3068 τιμῆς
355 2982 445 3058 τινὸς
469 2982 524 3047 διὰ
538 2989 648 3047 ’ταῦτα
670 2990 798 3066 τυχεῖν,
824 2977 900 3045 ὥστ’
927 2979 1142 3065 ἀπειρόκαλος
1163 2985 1246 3068 πρὸς

239 3086 325 3168 ἔδοξ’
352 3084 446 3154 εἶναι.
488 3081 585 3164 οὗτος
606 3090 724 3153 τοίνυν
746 3086 874 3152 ιἰνελὼν
897 3087 1017 3171 τάπης
1040 3088 1148 3173 δόξης,
1170 3095 1246 3175 κτη-

239 3219 324 3282 ματα
345 3203 407 3261 τοῦ
424 3196 571 3260 πλούτου
589 3197 763 3278 πεποίηται
781 3193 881 3277 μικρὰ
898 3190 953 3258 καὶ
971 3193 1032 3279 οὐχ
1051 3195 1144 3280 ὑμῶν
1163 3195 1246 3276 άξια.

199 3320 226 3362 τι
239 3300 294 3368 καὶ
317 3298 390 3368 οὐδ’
417 3297 513 3366 ἐκεῖν’
541 3296 644 3383 εἶδεν,
672 3299 723 3365 ὅτι
746 3301 828 3384 πρὸς
851 3295 911 3384 μέν
933 3302 1109 3386 χρημάτων
1131 3313 1247 3388 κτῆσιν

241 3404 451 3473 οὐδεπώποθ’
470 3405 487 3472 ὁ
508 3407 611 3491 δῆμος
629 3406 824 3488 ἐσπούδασε,
843 3406 925 3489 πρὸς
945 3403 981 3472 δέ
996 3407 1094 3492 δόξης
1108 3409 1152 3486 ὡς
1166 3407 1246 3476 οὐδὲ

134 3553 138 3562 ·
240 3513 321 3598 πρὸς
344 3513 381 3577 ἓν
403 3523 469 3577 τῶν
488 3513 606 3578 άλλων.
641 3515 818 3597 τεκμήριον
837 3510 886 3577 δέ·
909 3516 1058 3598 χρήματα
1075 3516 1138 3601 γὰρ
1157 3521 1245 3581 πλεί-
