<?xml version="1.0" encoding="UTF-8"?>
<!DOCTYPE html PUBLIC "-//W3C//DTD XHTML 1.0 Transitional//EN"
    "http://www.w3.org/TR/xhtml1/DTD/xhtml1-transitional.dtd">
<html xmlns="http://www.w3.org/1999/xhtml" xml:lang="en" lang="en">
 <head>
  <title>
</title>
<meta http-equiv="Content-Type" content="text/html;charset=utf-8" />
  <meta name='ocr-system' content='tesseract 3.04.00' />
  <meta name='ocr-capabilities' content='ocr_page ocr_carea ocr_par ocr_line ocrx_word'/>
</head>
<body>
  <div class='ocr_page' id='page_1' title='image "./orationes00demogoog_0500.png"; bbox 0 0 2614 3904; ppageno 0'>
   <div class='ocr_carea' id='block_1_1' title="bbox 484 135 1120 227">
    <p class='ocr_par' dir='ltr' id='par_1_1' title="bbox 484 135 1120 227">
     <span class='ocr_line' id='line_1_1' title="bbox 484 135 1120 227; baseline 0.002 -11"><span class='ocrx_word' id='word_1_1' title='bbox 484 166 583 218; x_wconf 72' lang='grc' dir='ltr'><em>Πεοα</em></span> <span class='ocrx_word' id='word_1_2' title='bbox 601 135 759 219; x_wconf 73' lang='grc' dir='ltr'><em>εοόεοα.</em></span> <span class='ocrx_word' id='word_1_3' title='bbox 1056 161 1120 227; x_wconf 78' lang='lat'><em>347</em></span> 
     </span>
    </p>
   </div>
   <div class='ocr_carea' id='block_1_2' title="bbox 51 320 1206 1468">
    <p class='ocr_par' dir='ltr' id='par_1_2' title="bbox 51 320 1206 1468">
     <span class='ocr_line' id='line_1_2' title="bbox 113 320 1122 408; baseline 0.002 -20"><span class='ocrx_word' id='word_1_4' title='bbox 113 323 239 405; x_wconf 85' lang='grc' dir='ltr'><em>[αὐτὸς]</em></span> <span class='ocrx_word' id='word_1_5' title='bbox 262 326 302 390; x_wconf 91' lang='grc' dir='ltr'><em>τά</em></span> <span class='ocrx_word' id='word_1_6' title='bbox 325 326 425 408; x_wconf 88' lang='grc' dir='ltr'><em>σκεύη</em></span> <span class='ocrx_word' id='word_1_7' title='bbox 450 325 562 408; x_wconf 80' lang='grc' dir='ltr'><em>λαβὼν</em></span> <span class='ocrx_word' id='word_1_8' title='bbox 582 323 637 390; x_wconf 80' lang='grc' dir='ltr'><em>καὶ</em></span> <span class='ocrx_word' id='word_1_9' title='bbox 655 321 857 407; x_wconf 88' lang='grc' dir='ltr'><em>τάνδράποδ’</em></span> <span class='ocrx_word' id='word_1_10' title='bbox 880 323 1049 408; x_wconf 84' lang='grc' dir='ltr'><em>ἐξαγαγὼν</em></span> <span class='ocrx_word' id='word_1_11' title='bbox 1066 320 1122 390; x_wconf 80' lang='grc' dir='ltr'><em>καὶ</em></span> 
     </span>
     <span class='ocr_line' id='line_1_3' title="bbox 111 416 1135 515; baseline 0.001 -21"><span class='ocrx_word' id='word_1_12' title='bbox 111 431 172 495; x_wconf 90' lang='grc' dir='ltr'><em>τὸν</em></span> <span class='ocrx_word' id='word_1_13' title='bbox 192 431 315 497; x_wconf 79' lang='grc' dir='ltr'><em>λάκκον</em></span> <span class='ocrx_word' id='word_1_14' title='bbox 334 433 514 515; x_wconf 82' lang='grc' dir='ltr'><strong><em>συντρίψας</em></strong></span> <span class='ocrx_word' id='word_1_15' title='bbox 532 428 587 495; x_wconf 77' lang='grc' dir='ltr'><em>καὶ</em></span> <span class='ocrx_word' id='word_1_16' title='bbox 605 432 645 496; x_wconf 88' lang='grc' dir='ltr'><em>τά</em></span> <span class='ocrx_word' id='word_1_17' title='bbox 662 427 832 514; x_wconf 77' lang='grc' dir='ltr'><strong>θυρώματ’</strong></span> <span class='ocrx_word' id='word_1_18' title='bbox 857 429 1048 508; x_wconf 81' lang='grc' dir='ltr'><em>ἀποσπάσας</em></span> <span class='ocrx_word' id='word_1_19' title='bbox 1066 416 1135 495; x_wconf 82' lang='grc' dir='ltr'><em>καλ</em></span> 
     </span>
     <span class='ocr_line' id='line_1_4' title="bbox 111 530 1122 623; baseline 0 -23"><span class='ocrx_word' id='word_1_20' title='bbox 111 538 218 620; x_wconf 91' lang='grc' dir='ltr'><em>μόνου</em></span> <span class='ocrx_word' id='word_1_21' title='bbox 240 537 303 602; x_wconf 83' lang='grc' dir='ltr'><em>οὐκ</em></span> <span class='ocrx_word' id='word_1_22' title='bbox 320 535 424 621; x_wconf 82' lang='grc' dir='ltr'><em>αὐτήν</em></span> <span class='ocrx_word' id='word_1_23' title='bbox 442 537 503 620; x_wconf 83' lang='grc' dir='ltr'><em>τήν</em></span> <span class='ocrx_word' id='word_1_24' title='bbox 522 539 631 602; x_wconf 85' lang='grc' dir='ltr'><em>οἰκίαν</em></span> <span class='ocrx_word' id='word_1_25' title='bbox 649 536 828 621; x_wconf 89' lang='grc' dir='ltr'><em>ἐμπρήσας,</em></span> <span class='ocrx_word' id='word_1_26' title='bbox 850 530 1023 619; x_wconf 75' lang='grc' dir='ltr'><em>Μέγαράδ’</em></span> <span class='ocrx_word' id='word_1_27' title='bbox 1046 533 1122 623; x_wconf 81' lang='grc' dir='ltr'><em>έξρί-</em></span> 
     </span>
     <span class='ocr_line' id='line_1_5' title="bbox 111 641 1120 728; baseline -0.001 -21"><span class='ocrx_word' id='word_1_28' title='bbox 111 665 190 725; x_wconf 87' lang='grc' dir='ltr'><em>κηκε</em></span> <span class='ocrx_word' id='word_1_29' title='bbox 217 642 311 708; x_wconf 89' lang='grc' dir='ltr'><em>κάκεῖ</em></span> <span class='ocrx_word' id='word_1_30' title='bbox 336 646 501 727; x_wconf 83' lang='grc' dir='ltr'><em>μετοίκιον</em></span> <span class='ocrx_word' id='word_1_31' title='bbox 523 642 672 728; x_wconf 80' lang='grc' dir='ltr'><em>τέθηκεν.</em></span> <span class='ocrx_word' id='word_1_32' title='bbox 717 644 800 708; x_wconf 84' lang='grc' dir='ltr'><em>ὥστε</em></span> <span class='ocrx_word' id='word_1_33' title='bbox 822 645 908 708; x_wconf 86' lang='grc' dir='ltr'><em>πολὺ</em></span> <span class='ocrx_word' id='word_1_34' title='bbox 932 641 974 706; x_wconf 85' lang='grc' dir='ltr'><em>ἀν</em></span> <span class='ocrx_word' id='word_1_35' title='bbox 998 642 1120 707; x_wconf 83' lang='grc' dir='ltr'><em>δικαιό·</em></span> 
     </span>
     <span class='ocr_line' id='line_1_6' title="bbox 111 746 1122 834; baseline 0 -21"><span class='ocrx_word' id='word_1_36' title='bbox 111 771 209 833; x_wconf 84' lang='grc' dir='ltr'><em>τερον</em></span> <span class='ocrx_word' id='word_1_37' title='bbox 239 749 295 814; x_wconf 83' lang='grc' dir='ltr'><em>διὰ</em></span> <span class='ocrx_word' id='word_1_38' title='bbox 320 758 423 814; x_wconf 88' lang='grc' dir='ltr'><em>ταῦτα</em></span> <span class='ocrx_word' id='word_1_39' title='bbox 449 750 490 814; x_wconf 91' lang='grc' dir='ltr'><em>τά</em></span> <span class='ocrx_word' id='word_1_40' title='bbox 517 750 598 832; x_wconf 83' lang='grc' dir='ltr'><em>ἔργα</em></span> <span class='ocrx_word' id='word_1_41' title='bbox 624 758 744 815; x_wconf 88' lang='grc' dir='ltr'><em>τοῦτον</em></span> <span class='ocrx_word' id='word_1_42' title='bbox 771 751 959 834; x_wconf 71' lang='grc' dir='ltr'><em>μισήσαιτε,</em></span> <span class='ocrx_word' id='word_1_43' title='bbox 990 746 1011 832; x_wconf 83' lang='grc' dir='ltr'><em>ή</em></span> <span class='ocrx_word' id='word_1_44' title='bbox 1040 747 1122 831; x_wconf 84' lang='grc' dir='ltr'><em>ἐμοῦ</em></span> 
     </span>
     <span class='ocr_line' id='line_1_7' title="bbox 110 847 664 938; baseline 0.004 -21"><span class='ocrx_word' id='word_1_45' title='bbox 110 847 173 918; x_wconf 89' lang='grc' dir='ltr'><em>τιν’</em></span> <span class='ocrx_word' id='word_1_46' title='bbox 200 853 419 921; x_wconf 89' lang='grc' dir='ltr'><em>ἀνεπιείκειαν</em></span> <span class='ocrx_word' id='word_1_47' title='bbox 441 856 664 938; x_wconf 76' lang='grc' dir='ltr'><em>καταγνοίητε.</em></span> 
     </span>
     <span class='ocr_line' id='line_1_8' title="bbox 82 955 1206 1046; baseline 0 -22"><span class='ocrx_word' id='word_1_48' title='bbox 82 977 97 1016; x_wconf 78' lang='lat'>4</span> <span class='ocrx_word' id='word_1_49' title='bbox 202 958 287 1045; x_wconf 80' lang='grc' dir='ltr'><em>Περὶ</em></span> <span class='ocrx_word' id='word_1_50' title='bbox 309 956 370 1044; x_wconf 74' lang='grc' dir='ltr'><em>μὲν</em></span> <span class='ocrx_word' id='word_1_51' title='bbox 393 955 456 1026; x_wconf 80' lang='grc' dir='ltr'><em>οὖν</em></span> <span class='ocrx_word' id='word_1_52' title='bbox 478 969 535 1043; x_wconf 78' lang='grc' dir='ltr'><em>τῆς</em></span> <span class='ocrx_word' id='word_1_53' title='bbox 558 962 825 1046; x_wconf 78' lang='grc' dir='ltr'><em>αἰσχροκερδείας</em></span> <span class='ocrx_word' id='word_1_54' title='bbox 847 968 906 1044; x_wconf 83' lang='grc' dir='ltr'><em>τής</em></span> <span class='ocrx_word' id='word_1_55' title='bbox 927 961 1049 1026; x_wconf 87' lang='grc' dir='ltr'><em>τούτου</em></span> <span class='ocrx_word' id='word_1_56' title='bbox 1067 956 1122 1026; x_wconf 81' lang='grc' dir='ltr'><em>καὶ</em></span> <span class='ocrx_word' id='word_1_57' title='bbox 1203 964 1206 969; x_wconf 81' lang='grc'><em>’</em></span> 
     </span>
     <span class='ocr_line' id='line_1_9' title="bbox 112 1063 1122 1152; baseline 0.002 -23"><span class='ocrx_word' id='word_1_58' title='bbox 112 1068 245 1151; x_wconf 83' lang='grc' dir='ltr'><em>μιαρίας</em></span> <span class='ocrx_word' id='word_1_59' title='bbox 271 1065 413 1152; x_wconf 82' lang='grc' dir='ltr'><em>ὕστερόν</em></span> <span class='ocrx_word' id='word_1_60' title='bbox 438 1090 494 1151; x_wconf 95' lang='grc' dir='ltr'><em>μοι</em></span> <span class='ocrx_word' id='word_1_61' title='bbox 518 1067 612 1132; x_wconf 90' lang='grc' dir='ltr'><em>δοκεῖ</em></span> <span class='ocrx_word' id='word_1_62' title='bbox 632 1066 815 1146; x_wconf 75' lang='grc' dir='ltr'><em>διεξελθεῖν</em></span> <span class='ocrx_word' id='word_1_63' title='bbox 837 1067 920 1151; x_wconf 86' lang='grc' dir='ltr'><em>πρὸς</em></span> <span class='ocrx_word' id='word_1_64' title='bbox 942 1066 1038 1151; x_wconf 80' lang='grc' dir='ltr'><em>ὑμᾶς·</em></span> <span class='ocrx_word' id='word_1_65' title='bbox 1066 1063 1122 1132; x_wconf 81' lang='grc' dir='ltr'><em>καὶ</em></span> 
     </span>
     <span class='ocr_line' id='line_1_10' title="bbox 51 1167 1122 1257; baseline 0.002 -21"><span class='ocrx_word' id='word_1_66' title='bbox 51 1180 53 1184; x_wconf 81' lang='grc'><em>’</em></span> <span class='ocrx_word' id='word_1_67' title='bbox 111 1180 176 1236; x_wconf 88' lang='grc' dir='ltr'><em>νῦν</em></span> <span class='ocrx_word' id='word_1_68' title='bbox 204 1167 235 1236; x_wconf 86' lang='grc' dir='ltr'><em>δ’</em></span> <span class='ocrx_word' id='word_1_69' title='bbox 262 1172 306 1248; x_wconf 80' lang='grc' dir='ltr'><em>ὡς</em></span> <span class='ocrx_word' id='word_1_70' title='bbox 333 1171 370 1237; x_wconf 91' lang='grc' dir='ltr'><em>ἐν</em></span> <span class='ocrx_word' id='word_1_71' title='bbox 396 1175 588 1257; x_wconf 78' lang='grc' dir='ltr'><em>κεφαλαίοις</em></span> <span class='ocrx_word' id='word_1_72' title='bbox 615 1172 787 1256; x_wconf 90' lang='grc' dir='ltr'><em>ἀκηκόατε·</em></span> <span class='ocrx_word' id='word_1_73' title='bbox 814 1169 891 1256; x_wconf 77' lang='grc' dir='ltr'><em>περὶ</em></span> <span class='ocrx_word' id='word_1_74' title='bbox 918 1169 955 1237; x_wconf 76' lang='grc' dir='ltr'><em>δέ</em></span> <span class='ocrx_word' id='word_1_75' title='bbox 977 1183 1044 1238; x_wconf 88' lang='grc' dir='ltr'><em>τῶν</em></span> <span class='ocrx_word' id='word_1_76' title='bbox 1067 1195 1122 1256; x_wconf 85' lang='grc' dir='ltr'><em>με·</em></span> 
     </span>
     <span class='ocr_line' id='line_1_11' title="bbox 112 1271 1121 1363; baseline 0.003 -22"><span class='ocrx_word' id='word_1_77' title='bbox 112 1275 388 1362; x_wconf 86' lang='grc' dir='ltr'><em>μαρτυρημένων,</em></span> <span class='ocrx_word' id='word_1_78' title='bbox 420 1277 465 1354; x_wconf 84' lang='grc' dir='ltr'><em>ὠς</em></span> <span class='ocrx_word' id='word_1_79' title='bbox 496 1279 586 1342; x_wconf 83' lang='grc' dir='ltr'><em>ἔστιν</em></span> <span class='ocrx_word' id='word_1_80' title='bbox 618 1276 745 1362; x_wconf 80' lang='grc' dir='ltr'><em>ἀληθῆ,</em></span> <span class='ocrx_word' id='word_1_81' title='bbox 776 1275 852 1363; x_wconf 77' lang='grc' dir='ltr'><em>περὶ</em></span> <span class='ocrx_word' id='word_1_82' title='bbox 879 1271 988 1363; x_wconf 80' lang='grc' dir='ltr'><em>ὧνπερ</em></span> <span class='ocrx_word' id='word_1_83' title='bbox 1016 1285 1121 1344; x_wconf 88' lang='grc' dir='ltr'><em>οίσετε</em></span> 
     </span>
     <span class='ocr_line' id='line_1_12' title="bbox 112 1382 1122 1468; baseline -0.001 -18"><span class='ocrx_word' id='word_1_84' title='bbox 112 1385 173 1468; x_wconf 88' lang='grc' dir='ltr'><em>τήν</em></span> <span class='ocrx_word' id='word_1_85' title='bbox 199 1394 329 1468; x_wconf 75' lang='grc' dir='ltr'><em>ψῆφον,</em></span> <span class='ocrx_word' id='word_1_86' title='bbox 357 1383 422 1467; x_wconf 87' lang='grc' dir='ltr'><em>ήδη</em></span> <span class='ocrx_word' id='word_1_87' title='bbox 448 1382 646 1467; x_wconf 91' lang='grc' dir='ltr'><em>πειράσομαι</em></span> <span class='ocrx_word' id='word_1_88' title='bbox 673 1383 843 1449; x_wconf 89' lang='grc' dir='ltr'><em>διδάσκειν</em></span> <span class='ocrx_word' id='word_1_89' title='bbox 866 1382 958 1468; x_wconf 85' lang='grc' dir='ltr'><em>ὑμᾶς.</em></span> <span class='ocrx_word' id='word_1_90' title='bbox 1005 1383 1122 1468; x_wconf 92' lang='grc' dir='ltr'><em>δέομαι</em></span> 
     </span>
    </p>
   </div>
   <div class='ocr_carea' id='block_1_3' title="bbox 14 1484 1173 1895">
    <p class='ocr_par' dir='ltr' id='par_1_3' title="bbox 110 1484 1173 1788">
     <span class='ocr_line' id='line_1_13' title="bbox 113 1484 1122 1574; baseline -0.002 -18"><span class='ocrx_word' id='word_1_91' title='bbox 113 1487 142 1556; x_wconf 90' lang='grc' dir='ltr'><em>δ’</em></span> <span class='ocrx_word' id='word_1_92' title='bbox 170 1489 265 1574; x_wconf 82' lang='grc' dir='ltr'><em>ὑμῶν</em></span> <span class='ocrx_word' id='word_1_93' title='bbox 292 1484 318 1554; x_wconf 82' lang='grc' dir='ltr'><em>ἀ</em></span> <span class='ocrx_word' id='word_1_94' title='bbox 345 1489 465 1572; x_wconf 84' lang='grc' dir='ltr'><em>ἀνδρες</em></span> <span class='ocrx_word' id='word_1_95' title='bbox 492 1486 644 1555; x_wconf 81' lang='grc' dir='ltr'><em>δικασταὶ</em></span> <span class='ocrx_word' id='word_1_96' title='bbox 672 1489 805 1554; x_wconf 89' lang='grc' dir='ltr'><em>δικαίαν</em></span> <span class='ocrx_word' id='word_1_97' title='bbox 830 1487 961 1571; x_wconf 86' lang='grc' dir='ltr'><em>δέησιν,</em></span> <span class='ocrx_word' id='word_1_98' title='bbox 988 1487 1021 1568; x_wconf 82' lang='grc' dir='ltr'><em>ἐξ</em></span> <span class='ocrx_word' id='word_1_99' title='bbox 1045 1497 1122 1555; x_wconf 84' lang='grc' dir='ltr'><em>ίσου</em></span> 
     </span>
     <span class='ocr_line' id='line_1_14' title="bbox 110 1589 1173 1681; baseline -0.005 -20"><span class='ocrx_word' id='word_1_100' title='bbox 110 1595 206 1680; x_wconf 87' lang='grc' dir='ltr'><em>ήμῶν</em></span> <span class='ocrx_word' id='word_1_101' title='bbox 238 1593 434 1680; x_wconf 85' lang='grc' dir='ltr'><em>ἀμφοτέρων</em></span> <span class='ocrx_word' id='word_1_102' title='bbox 465 1593 613 1661; x_wconf 88' lang='grc' dir='ltr'><em>ἀκοῦσαι.</em></span> <span class='ocrx_word' id='word_1_103' title='bbox 661 1603 761 1660; x_wconf 78' lang='grc' dir='ltr'><em>τοῦτο</em></span> <span class='ocrx_word' id='word_1_104' title='bbox 790 1589 820 1659; x_wconf 87' lang='grc' dir='ltr'><em>δ’</em></span> <span class='ocrx_word' id='word_1_105' title='bbox 852 1591 920 1659; x_wconf 81' lang='grc' dir='ltr'><em>ἐστὶ</em></span> <span class='ocrx_word' id='word_1_106' title='bbox 947 1592 1002 1660; x_wconf 77' lang='grc' dir='ltr'><em>καὶ</em></span> <span class='ocrx_word' id='word_1_107' title='bbox 1029 1592 1173 1681; x_wconf 71' lang='grc' dir='ltr'><em>ὑπὲρελσ</em></span> 
     </span>
     <span class='ocr_line' id='line_1_15' title="bbox 111 1697 1121 1788; baseline -0.002 -18"><span class='ocrx_word' id='word_1_108' title='bbox 111 1703 206 1787; x_wconf 83' lang='grc' dir='ltr'><em>ὑμῶν</em></span> <span class='ocrx_word' id='word_1_109' title='bbox 238 1701 372 1786; x_wconf 83' lang='grc' dir='ltr'><em>ὁμοίως·</em></span> <span class='ocrx_word' id='word_1_110' title='bbox 404 1701 471 1788; x_wconf 84' lang='grc' dir='ltr'><em>ὅσφ</em></span> <span class='ocrx_word' id='word_1_111' title='bbox 502 1701 566 1785; x_wconf 85' lang='grc' dir='ltr'><em>γάρ</em></span> <span class='ocrx_word' id='word_1_112' title='bbox 599 1699 641 1766; x_wconf 87' lang='grc' dir='ltr'><em>ἀν</em></span> <span class='ocrx_word' id='word_1_113' title='bbox 672 1697 906 1783; x_wconf 80' lang='grc' dir='ltr'><em>ἀκριβέστερον</em></span> <span class='ocrx_word' id='word_1_114' title='bbox 932 1701 972 1766; x_wconf 82' lang='grc' dir='ltr'><em>τά</em></span> <span class='ocrx_word' id='word_1_115' title='bbox 999 1722 1121 1786; x_wconf 92' lang='grc' dir='ltr'><em>πεπρα-</em></span> 
     </span>
    </p>

    <p class='ocr_par' dir='ltr' id='par_1_4' title="bbox 14 1803 1122 1895">
     <span class='ocr_line' id='line_1_16' title="bbox 14 1803 1122 1895; baseline -0.002 -20"><span class='ocrx_word' id='word_1_116' title='bbox 14 1845 17 1854; x_wconf 92' lang='grc'><em>·</em></span> <span class='ocrx_word' id='word_1_117' title='bbox 110 1807 215 1894; x_wconf 84' lang='grc' dir='ltr'><em>γμένα</em></span> <span class='ocrx_word' id='word_1_118' title='bbox 241 1807 385 1893; x_wconf 85' lang='grc' dir='ltr'><em>μάθητε,</em></span> <span class='ocrx_word' id='word_1_119' title='bbox 412 1807 560 1895; x_wconf 82' lang='grc' dir='ltr'><em>τοσοότφ</em></span> <span class='ocrx_word' id='word_1_120' title='bbox 587 1805 797 1891; x_wconf 79' lang='grc' dir='ltr'><em>δικαιοτέραν</em></span> <span class='ocrx_word' id='word_1_121' title='bbox 823 1803 879 1872; x_wconf 83' lang='grc' dir='ltr'><em>καὶ</em></span> <span class='ocrx_word' id='word_1_122' title='bbox 902 1805 1122 1892; x_wconf 81' lang='grc' dir='ltr'><em>εὐορκοτέραν</em></span> 
     </span>
    </p>
   </div>
   <div class='ocr_carea' id='block_1_4' title="bbox 70 1910 1123 3588">
    <p class='ocr_par' dir='ltr' id='par_1_5' title="bbox 70 1910 1123 3165">
     <span class='ocr_line' id='line_1_17' title="bbox 70 1910 1122 1999; baseline 0.005 -24"><span class='ocrx_word' id='word_1_123' title='bbox 70 1935 84 1975; x_wconf 81' lang='grc' dir='ltr'><em>ι</em></span> <span class='ocrx_word' id='word_1_124' title='bbox 112 1917 262 1999; x_wconf 83' lang='grc' dir='ltr'><em>θήσεσθε</em></span> <span class='ocrx_word' id='word_1_125' title='bbox 283 1914 345 1997; x_wconf 87' lang='grc' dir='ltr'><em>τήν</em></span> <span class='ocrx_word' id='word_1_126' title='bbox 367 1922 483 1997; x_wconf 76' lang='grc' dir='ltr'><em>ψῆφον</em></span> <span class='ocrx_word' id='word_1_127' title='bbox 505 1911 581 1998; x_wconf 81' lang='grc' dir='ltr'><em>περὶ</em></span> <span class='ocrx_word' id='word_1_128' title='bbox 604 1913 722 1979; x_wconf 89' lang='grc' dir='ltr'><em>αάτῶν.</em></span> <span class='ocrx_word' id='word_1_129' title='bbox 769 1911 918 1992; x_wconf 78' lang='grc' dir='ltr'><em>ἐπιδείξω</em></span> <span class='ocrx_word' id='word_1_130' title='bbox 942 1910 979 1978; x_wconf 76' lang='grc' dir='ltr'><em>δὲ</em></span> <span class='ocrx_word' id='word_1_131' title='bbox 1002 1924 1122 1980; x_wconf 89' lang='grc' dir='ltr'><em>τοῦτον</em></span> 
     </span>
     <span class='ocr_line' id='line_1_18' title="bbox 112 2015 1121 2105; baseline 0.002 -20"><span class='ocrx_word' id='word_1_132' title='bbox 112 2022 153 2086; x_wconf 90' lang='grc' dir='ltr'><em>οὐ</em></span> <span class='ocrx_word' id='word_1_133' title='bbox 180 2022 285 2103; x_wconf 90' lang='grc' dir='ltr'><em>μόνον</em></span> <span class='ocrx_word' id='word_1_134' title='bbox 312 2019 534 2104; x_wconf 77' lang='grc' dir='ltr'><em>ὡμολογηκότ’</em></span> <span class='ocrx_word' id='word_1_135' title='bbox 566 2015 652 2086; x_wconf 79' lang='grc' dir='ltr'><em>εἶναι</em></span> <span class='ocrx_word' id='word_1_136' title='bbox 678 2021 737 2087; x_wconf 86' lang='grc' dir='ltr'><em>τὸν</em></span> <span class='ocrx_word' id='word_1_137' title='bbox 764 2021 902 2086; x_wconf 85' lang='grc' dir='ltr'><em>Μιλύαν</em></span> <span class='ocrx_word' id='word_1_138' title='bbox 929 2018 1121 2105; x_wconf 83' lang='grc' dir='ltr'><em>ἐλεύθερον,</em></span> 
     </span>
     <span class='ocr_line' id='line_1_19' title="bbox 112 2123 1122 2214; baseline 0.002 -24"><span class='ocrx_word' id='word_1_139' title='bbox 112 2126 195 2190; x_wconf 86' lang='grc' dir='ltr'><em>ἀλλὰ</em></span> <span class='ocrx_word' id='word_1_140' title='bbox 221 2124 277 2192; x_wconf 77' lang='grc' dir='ltr'><em>καὶ</em></span> <span class='ocrx_word' id='word_1_141' title='bbox 304 2127 452 2211; x_wconf 87' lang='grc' dir='ltr'><em>φανερὸν</em></span> <span class='ocrx_word' id='word_1_142' title='bbox 478 2123 568 2191; x_wconf 87' lang='grc' dir='ltr'><em>τοῦτ’</em></span> <span class='ocrx_word' id='word_1_143' title='bbox 600 2128 685 2214; x_wconf 82' lang='grc' dir='ltr'><em>ἐργφ</em></span> <span class='ocrx_word' id='word_1_144' title='bbox 713 2129 928 2210; x_wconf 87' lang='grc' dir='ltr'><em>πεποιηκότα,</em></span> <span class='ocrx_word' id='word_1_145' title='bbox 958 2124 1013 2191; x_wconf 83' lang='grc' dir='ltr'><em>καὶ</em></span> <span class='ocrx_word' id='word_1_146' title='bbox 1039 2128 1122 2206; x_wconf 91' lang='grc' dir='ltr'><em>πρὸς</em></span> 
     </span>
     <span class='ocr_line' id='line_1_20' title="bbox 111 2230 1122 2318; baseline 0.001 -20"><span class='ocrx_word' id='word_1_147' title='bbox 111 2233 242 2308; x_wconf 89' lang='grc' dir='ltr'><em>τούτοις</em></span> <span class='ocrx_word' id='word_1_148' title='bbox 260 2231 295 2296; x_wconf 89' lang='grc' dir='ltr'><em>ἐκ</em></span> <span class='ocrx_word' id='word_1_149' title='bbox 313 2233 463 2314; x_wconf 84' lang='grc' dir='ltr'><em>βασάνου</em></span> <span class='ocrx_word' id='word_1_150' title='bbox 481 2230 556 2318; x_wconf 80' lang='grc' dir='ltr'><em>περὶ</em></span> <span class='ocrx_word' id='word_1_151' title='bbox 575 2232 685 2298; x_wconf 81' lang='grc' dir='ltr'><em>αὐτῶν</em></span> <span class='ocrx_word' id='word_1_152' title='bbox 702 2234 891 2316; x_wconf 79' lang='grc' dir='ltr'><em>πεφευγότα</em></span> <span class='ocrx_word' id='word_1_153' title='bbox 909 2241 1029 2297; x_wconf 83' lang='grc' dir='ltr'><em>τοῦτον</em></span> <span class='ocrx_word' id='word_1_154' title='bbox 1044 2236 1122 2311; x_wconf 89' lang='grc' dir='ltr'><em>τοὺς</em></span> 
     </span>
     <span class='ocr_line' id='line_1_21' title="bbox 112 2332 1121 2423; baseline 0.003 -21"><span class='ocrx_word' id='word_1_155' title='bbox 112 2337 366 2422; x_wconf 84' lang='grc' dir='ltr'><em>ἀκριβεστάτους</em></span> <span class='ocrx_word' id='word_1_156' title='bbox 394 2336 562 2423; x_wconf 89' lang='grc' dir='ltr'><em>ἐλέγχους,</em></span> <span class='ocrx_word' id='word_1_157' title='bbox 590 2335 645 2403; x_wconf 83' lang='grc' dir='ltr'><em>καὶ</em></span> <span class='ocrx_word' id='word_1_158' title='bbox 673 2338 734 2404; x_wconf 87' lang='grc' dir='ltr'><em>οὐκ</em></span> <span class='ocrx_word' id='word_1_159' title='bbox 761 2332 957 2421; x_wconf 86' lang='grc' dir='ltr'><em>ἐθελήσαντ’</em></span> <span class='ocrx_word' id='word_1_160' title='bbox 983 2337 1019 2404; x_wconf 88' lang='grc' dir='ltr'><em>έκ</em></span> <span class='ocrx_word' id='word_1_161' title='bbox 1045 2340 1121 2405; x_wconf 87' lang='grc' dir='ltr'><em>τού-</em></span> 
     </span>
     <span class='ocr_line' id='line_1_22' title="bbox 110 2425 1123 2529; baseline 0.004 -21"><span class='ocrx_word' id='word_1_162' title='bbox 110 2465 178 2508; x_wconf 85' lang='grc' dir='ltr'><em>τῶν</em></span> <span class='ocrx_word' id='word_1_163' title='bbox 205 2425 376 2521; x_wconf 78' lang='grc' dir='ltr'><em>ἐπιδεῖξαι</em></span> <span class='ocrx_word' id='word_1_164' title='bbox 390 2443 452 2526; x_wconf 87' lang='grc' dir='ltr'><em>τήν</em></span> <span class='ocrx_word' id='word_1_165' title='bbox 477 2444 654 2527; x_wconf 86' lang='grc' dir='ltr'><em>ἀλήθειαν,</em></span> <span class='ocrx_word' id='word_1_166' title='bbox 683 2442 766 2509; x_wconf 89' lang='grc' dir='ltr'><em>ἀλλά</em></span> <span class='ocrx_word' id='word_1_167' title='bbox 788 2454 1045 2529; x_wconf 88' lang='grc' dir='ltr'><em>πανουργοῦντα</em></span> <span class='ocrx_word' id='word_1_168' title='bbox 1067 2444 1123 2512; x_wconf 81' lang='grc' dir='ltr'><em>καὶ</em></span> 
     </span>
     <span class='ocr_line' id='line_1_23' title="bbox 111 2547 1123 2635; baseline 0.006 -23"><span class='ocrx_word' id='word_1_169' title='bbox 111 2549 279 2633; x_wconf 84' lang='grc' dir='ltr'><em>μάρτυρας</em></span> <span class='ocrx_word' id='word_1_170' title='bbox 306 2549 441 2625; x_wconf 71' lang='grc' dir='ltr'><em>ψευδεῖς</em></span> <span class='ocrx_word' id='word_1_171' title='bbox 468 2552 693 2635; x_wconf 82' lang='grc' dir='ltr'><em>παρεχόμενον</em></span> <span class='ocrx_word' id='word_1_172' title='bbox 715 2547 771 2615; x_wconf 77' lang='grc' dir='ltr'><em>καὶ</em></span> <span class='ocrx_word' id='word_1_173' title='bbox 794 2549 1031 2616; x_wconf 90' lang='grc' dir='ltr'><em>διακλέπτοντα</em></span> <span class='ocrx_word' id='word_1_174' title='bbox 1053 2563 1123 2631; x_wconf 87' lang='grc' dir='ltr'><em>τοῖς</em></span> 
     </span>
     <span class='ocr_line' id='line_1_24' title="bbox 111 2653 1121 2740; baseline 0.005 -20"><span class='ocrx_word' id='word_1_175' title='bbox 111 2653 231 2721; x_wconf 84' lang='grc' dir='ltr'><em>ἑαυτοῦ</em></span> <span class='ocrx_word' id='word_1_176' title='bbox 257 2655 370 2736; x_wconf 92' lang='grc' dir='ltr'><em>λόγοις</em></span> <span class='ocrx_word' id='word_1_177' title='bbox 390 2654 452 2736; x_wconf 86' lang='grc' dir='ltr'><em>τήν</em></span> <span class='ocrx_word' id='word_1_178' title='bbox 476 2654 639 2738; x_wconf 89' lang='grc' dir='ltr'><em>ἀλήθειαν</em></span> <span class='ocrx_word' id='word_1_179' title='bbox 661 2666 730 2722; x_wconf 86' lang='grc' dir='ltr'><em>τῶν</em></span> <span class='ocrx_word' id='word_1_180' title='bbox 751 2656 1007 2740; x_wconf 86' lang='grc' dir='ltr'><em>πεπραγμένων,</em></span> <span class='ocrx_word' id='word_1_181' title='bbox 1034 2657 1121 2725; x_wconf 74' lang='grc' dir='ltr'><em>οὕτω</em></span> 
     </span>
     <span class='ocr_line' id='line_1_25' title="bbox 101 2749 1123 2846; baseline 0.004 -20"><span class='ocrx_word' id='word_1_182' title='bbox 101 2761 267 2846; x_wconf 88' lang='grc' dir='ltr'><em>μεγάλοις</em></span> <span class='ocrx_word' id='word_1_183' title='bbox 298 2757 353 2824; x_wconf 77' lang='grc' dir='ltr'><em>καί</em></span> <span class='ocrx_word' id='word_1_184' title='bbox 386 2771 544 2845; x_wconf 81' lang='grc' dir='ltr'><em>φανεροῖς</em></span> <span class='ocrx_word' id='word_1_185' title='bbox 576 2760 736 2846; x_wconf 82' lang='grc' dir='ltr'><em>ἐλέγχοις,</em></span> <span class='ocrx_word' id='word_1_186' title='bbox 768 2749 855 2827; x_wconf 81' lang='grc' dir='ltr'><em>ὥσθ’</em></span> <span class='ocrx_word' id='word_1_187' title='bbox 886 2761 971 2846; x_wconf 82' lang='grc' dir='ltr'><em>ὑμᾶς</em></span> <span class='ocrx_word' id='word_1_188' title='bbox 998 2765 1123 2842; x_wconf 88' lang='grc' dir='ltr'><em>πάντας</em></span> 
     </span>
     <span class='ocr_line' id='line_1_26' title="bbox 110 2864 1122 2953; baseline 0.005 -21"><span class='ocrx_word' id='word_1_189' title='bbox 110 2871 262 2932; x_wconf 87' lang='grc' dir='ltr'><em>είσεσθαι</em></span> <span class='ocrx_word' id='word_1_190' title='bbox 285 2875 414 2950; x_wconf 82' lang='grc' dir='ltr'><em>σαφῶς,</em></span> <span class='ocrx_word' id='word_1_191' title='bbox 440 2865 492 2932; x_wconf 86' lang='grc' dir='ltr'><em>δτι</em></span> <span class='ocrx_word' id='word_1_192' title='bbox 513 2865 606 2951; x_wconf 79' lang='grc' dir='ltr'><em>ἡμεῖς</em></span> <span class='ocrx_word' id='word_1_193' title='bbox 629 2864 690 2951; x_wconf 73' lang='grc' dir='ltr'><em>μὲν</em></span> <span class='ocrx_word' id='word_1_194' title='bbox 713 2866 822 2953; x_wconf 83' lang='grc' dir='ltr'><em>ἀληθή</em></span> <span class='ocrx_word' id='word_1_195' title='bbox 847 2866 1001 2953; x_wconf 90' lang='grc' dir='ltr'><em>λέγομεν,</em></span> <span class='ocrx_word' id='word_1_196' title='bbox 1024 2864 1122 2948; x_wconf 87' lang='grc' dir='ltr'><em>οὗτος</em></span> 
     </span>
     <span class='ocr_line' id='line_1_27' title="bbox 110 2968 1122 3058; baseline 0.005 -22"><span class='ocrx_word' id='word_1_197' title='bbox 110 2969 141 3037; x_wconf 92' lang='grc' dir='ltr'><em>δ’</em></span> <span class='ocrx_word' id='word_1_198' title='bbox 173 2968 274 3037; x_wconf 74' lang='grc' dir='ltr'><em>οὐδὲν</em></span> <span class='ocrx_word' id='word_1_199' title='bbox 301 2968 393 3054; x_wconf 75' lang='grc' dir='ltr'><em>ὑγιές</em></span> <span class='ocrx_word' id='word_1_200' title='bbox 420 2977 559 3058; x_wconf 87' lang='grc' dir='ltr'><em>είρηκεν.</em></span> <span class='ocrx_word' id='word_1_201' title='bbox 606 2972 746 3058; x_wconf 81' lang='grc' dir='ltr'><em>ἀρξομαι</em></span> <span class='ocrx_word' id='word_1_202' title='bbox 773 2968 804 3039; x_wconf 91' lang='grc' dir='ltr'><em>δ’</em></span> <span class='ocrx_word' id='word_1_203' title='bbox 826 2973 1008 3058; x_wconf 74' lang='grc' dir='ltr'><em>ἐντεῦθεν,</em></span> <span class='ocrx_word' id='word_1_204' title='bbox 1039 2976 1122 3041; x_wconf 87' lang='grc' dir='ltr'><em>ὅθεν</em></span> 
     </span>
     <span class='ocr_line' id='line_1_28' title="bbox 109 3073 1121 3165; baseline 0.005 -22"><span class='ocrx_word' id='word_1_205' title='bbox 109 3075 165 3143; x_wconf 78' lang='grc' dir='ltr'><em>καὶ</em></span> <span class='ocrx_word' id='word_1_206' title='bbox 182 3075 276 3161; x_wconf 85' lang='grc' dir='ltr'><em>ὑμεῖς</em></span> <span class='ocrx_word' id='word_1_207' title='bbox 295 3073 387 3165; x_wconf 75' lang='grc' dir='ltr'><em>ῥᾷστ’</em></span> <span class='ocrx_word' id='word_1_208' title='bbox 409 3077 452 3144; x_wconf 87' lang='grc' dir='ltr'><em>ἀυ</em></span> <span class='ocrx_word' id='word_1_209' title='bbox 470 3080 610 3164; x_wconf 87' lang='grc' dir='ltr'><em>μάθοιτε</em></span> <span class='ocrx_word' id='word_1_210' title='bbox 628 3079 717 3162; x_wconf 82' lang='grc' dir='ltr'><em>κάγὼ</em></span> <span class='ocrx_word' id='word_1_211' title='bbox 737 3073 862 3165; x_wconf 89' lang='grc' dir='ltr'><em>τάχιστ’</em></span> <span class='ocrx_word' id='word_1_212' title='bbox 883 3077 925 3144; x_wconf 93' lang='grc' dir='ltr'><em>ἀν</em></span> <span class='ocrx_word' id='word_1_213' title='bbox 944 3081 1121 3165; x_wconf 80' lang='grc' dir='ltr'><em>διδάξαιμι.</em></span> 
     </span>
    </p>

    <p class='ocr_par' dir='ltr' id='par_1_6' title="bbox 83 3180 1122 3588">
     <span class='ocr_line' id='line_1_29' title="bbox 83 3180 1120 3271; baseline 0.008 -28"><span class='ocrx_word' id='word_1_214' title='bbox 83 3203 96 3243; x_wconf 84' lang='grc' dir='ltr'><em>ι</em></span> <span class='ocrx_word' id='word_1_215' title='bbox 196 3180 279 3266; x_wconf 68' lang='grc' dir='ltr'><em>’ἐθγὼ</em></span> <span class='ocrx_word' id='word_1_216' title='bbox 302 3185 365 3267; x_wconf 90' lang='grc' dir='ltr'><em>γάρ</em></span> <span class='ocrx_word' id='word_1_217' title='bbox 389 3181 415 3250; x_wconf 78' lang='grc' dir='ltr'><strong><em>ὦ</em></strong></span> <span class='ocrx_word' id='word_1_218' title='bbox 439 3187 559 3270; x_wconf 85' lang='grc' dir='ltr'><em>ἀνδρες</em></span> <span class='ocrx_word' id='word_1_219' title='bbox 582 3183 735 3251; x_wconf 81' lang='grc' dir='ltr'><em>δικασταὶ</em></span> <span class='ocrx_word' id='word_1_220' title='bbox 753 3191 960 3270; x_wconf 84' lang='grc' dir='ltr'><em>Δημοφῶντι</em></span> <span class='ocrx_word' id='word_1_221' title='bbox 982 3185 1038 3251; x_wconf 80' lang='grc' dir='ltr'><em>καὶ</em></span> <span class='ocrx_word' id='word_1_222' title='bbox 1057 3191 1120 3271; x_wconf 83' lang='grc' dir='ltr'><em>Θη-</em></span> 
     </span>
     <span class='ocr_line' id='line_1_30' title="bbox 111 3287 1122 3381; baseline 0.003 -26"><span class='ocrx_word' id='word_1_223' title='bbox 111 3290 248 3375; x_wconf 85' lang='grc' dir='ltr'><em>ριππίδη</em></span> <span class='ocrx_word' id='word_1_224' title='bbox 275 3287 331 3355; x_wconf 77' lang='grc' dir='ltr'><em>καὶ</em></span> <span class='ocrx_word' id='word_1_225' title='bbox 353 3292 459 3381; x_wconf 77' lang='grc' dir='ltr'><em>τούτῳ</em></span> <span class='ocrx_word' id='word_1_226' title='bbox 484 3293 577 3368; x_wconf 88' lang='grc' dir='ltr'><em>δίκας</em></span> <span class='ocrx_word' id='word_1_227' title='bbox 600 3294 718 3375; x_wconf 89' lang='grc' dir='ltr'><em>ἐλαχον</em></span> <span class='ocrx_word' id='word_1_228' title='bbox 742 3290 918 3378; x_wconf 81' lang='grc' dir='ltr'><em>ἐπιτροπῆς</em></span> <span class='ocrx_word' id='word_1_229' title='bbox 942 3291 1122 3377; x_wconf 87' lang='grc' dir='ltr'><em>ἀποστερη-</em></span> 
     </span>
     <span class='ocr_line' id='line_1_31' title="bbox 109 3393 1121 3483; baseline 0.002 -23"><span class='ocrx_word' id='word_1_230' title='bbox 109 3393 183 3472; x_wconf 80' lang='grc' dir='ltr'><em>θεὶς</em></span> <span class='ocrx_word' id='word_1_231' title='bbox 206 3394 361 3463; x_wconf 82' lang='grc' dir='ltr'><em>ἀπάντων</em></span> <span class='ocrx_word' id='word_1_232' title='bbox 381 3410 449 3462; x_wconf 92' lang='grc' dir='ltr'><em>τῶν</em></span> <span class='ocrx_word' id='word_1_233' title='bbox 467 3399 583 3463; x_wconf 85' lang='grc' dir='ltr'><em>όντων.</em></span> <span class='ocrx_word' id='word_1_234' title='bbox 619 3396 801 3481; x_wconf 88' lang='grc' dir='ltr'><em>γενομένης</em></span> <span class='ocrx_word' id='word_1_235' title='bbox 819 3397 860 3464; x_wconf 90' lang='grc' dir='ltr'><em>δέ</em></span> <span class='ocrx_word' id='word_1_236' title='bbox 875 3421 933 3483; x_wconf 92' lang='grc' dir='ltr'><em>μοι</em></span> <span class='ocrx_word' id='word_1_237' title='bbox 950 3407 1008 3481; x_wconf 80' lang='grc' dir='ltr'><em>τῆς</em></span> <span class='ocrx_word' id='word_1_238' title='bbox 1027 3399 1121 3481; x_wconf 86' lang='grc' dir='ltr'><em>δίκης</em></span> 
     </span>
     <span class='ocr_line' id='line_1_32' title="bbox 109 3501 1120 3588; baseline -0.001 -22"><span class='ocrx_word' id='word_1_239' title='bbox 109 3502 192 3586; x_wconf 90' lang='grc' dir='ltr'><em>πρὸς</em></span> <span class='ocrx_word' id='word_1_240' title='bbox 213 3510 334 3567; x_wconf 86' lang='grc' dir='ltr'><em>τοῦτον</em></span> <span class='ocrx_word' id='word_1_241' title='bbox 356 3514 499 3588; x_wconf 81' lang='grc' dir='ltr'><em>πρῶτον,</em></span> <span class='ocrx_word' id='word_1_242' title='bbox 523 3501 670 3581; x_wconf 80' lang='grc' dir='ltr'><em>ἐπέδειξα</em></span> <span class='ocrx_word' id='word_1_243' title='bbox 694 3514 809 3584; x_wconf 85' lang='grc' dir='ltr'><em>σαφῶς</em></span> <span class='ocrx_word' id='word_1_244' title='bbox 829 3515 899 3578; x_wconf 85' lang='grc' dir='ltr'><em>τοῖς</em></span> <span class='ocrx_word' id='word_1_245' title='bbox 917 3503 1120 3584; x_wconf 82' lang='grc' dir='ltr'><em>δικάζουσιν,</em></span> 
     </span>
    </p>
   </div>
   <div class='ocr_carea' id='block_1_5' title="bbox 0 0 1312 3904">
    <p class='ocr_par' dir='ltr' id='par_1_7' title="bbox 0 0 1312 3904">
     <span class='ocr_line' id='line_1_33' title="bbox 0 0 1312 3904; baseline 0 0"><span class='ocrx_word' id='word_1_246' title='bbox 0 0 1312 3904; x_wconf 95' lang='lat' dir='ltr'><em> </em></span> 
     </span>
    </p>
   </div>
  </div>
 </body>
</html>
