2616 3910
159 153 224 220 478
439 159 589 214 xxxvm
612 157 891 210 Διιιιοεοοιιοοε

157 319 281 400 γματός
302 315 372 384 ἐστι
394 325 564 400 ποιοῦσιν,
593 315 612 384 δ
635 314 666 382 δ’
694 319 833 404 αἰσχρὸν
855 317 996 395 ἅπαντες
1018 314 1060 383 δν
1084 311 1174 383 εἶναι

118 441 145 480 τι
159 423 301 506 φήσαιεν
337 421 393 489 καί
424 424 570 506 ὄνειδος,
605 424 651 509 μή
684 425 990 503 κατασκευάζουσιν.
1044 423 1081 489 οί
1108 420 1174 508 μὲν

157 530 275 592 τοίνυν
307 530 387 612 μετὰ
418 537 479 596 τοῦ
511 535 705 616 λῃτουργεῖν
736 531 776 595 τά
805 525 936 614 σφέτερ’
967 528 1077 595 αύτῶν
1105 530 1174 594 διε-

158 635 361 719 φθαρκότες,
385 635 447 720 τήν
469 637 684 719 βλασφημίαν
706 633 782 701 άντί
803 645 861 721 της
882 638 994 720 χρείας
1014 644 1053 720 τῇ
1077 637 1174 701 πόλει

158 741 431 806 καταλείπουσιν·
464 737 576 818 οὐδεὶς
606 741 670 824 γὰρ
702 741 801 819 αὐτὸς
832 741 936 808 αὑτοῦ
966 742 1174 825 κατηγόρησε

158 844 304 926 πώποτε,
330 840 402 911 ἀλλ’
428 845 473 924 ὡς
494 845 516 930 ή
539 849 634 924 πόλις
655 847 696 912 τά
719 841 787 912 ὄντ’
814 844 981 933 άφήρηται
1004 845 1099 930 λέγει.
1137 846 1177 912 οί

159 944 191 1016 δ’
222 949 284 1016 ὅσα
316 946 377 1035 μδυ
405 947 623 1034 προστάττεθ’
652 949 748 1036 ὑμεῖς
773 959 948 1028 ποιοῦντες
975 951 1172 1035 προθύμως,

158 1063 198 1140 τῇ
224 1051 300 1141 περί
327 1055 429 1121 τᾶλλα
457 1051 494 1122 δὲ
521 1055 724 1142 σωφροσύνη
751 1056 791 1122 τὰ
818 1057 899 1122 όντα
925 1051 1098 1144 σῴζοντες,
1128 1057 1172 1123 ού

159 1161 264 1245 μόνον
296 1161 379 1227 κατὰ
408 1157 498 1228 τοῦτ’
530 1160 666 1228 ἐκείνων
696 1166 926 1228 πλεονεκτοίεν
955 1159 997 1227 δν
1024 1163 1171 1244 εἰκότως,

159 1267 211 1332 ότι
237 1263 293 1333 καί
320 1268 477 1350 γεγόνασι
504 1268 659 1351 χρήσιμοι
686 1263 741 1333 καί
768 1268 915 1349 ἔσονται,
943 1264 1014 1332 ἀλλ’
1042 1266 1092 1333 δτι
1114 1267 1169 1333 καί

159 1369 260 1456 χωρὶς
278 1371 430 1449 ὀνείδους
447 1380 550 1438 ταῦτα
568 1366 646 1457 παρ’
668 1371 778 1438 αὐτῶν
795 1372 876 1456 ὑμίν
894 1375 1050 1456 γίγνεται.
1075 1373 1173 1458 ήμείς

159 1473 220 1562 μὲν
247 1479 364 1545 τοίνυν
391 1478 439 1555 είς
465 1477 550 1562 ὑμᾶς
576 1485 723 1544 τοιοῦτοι
748 1475 935 1562 φανούμεθ’
962 1479 1066 1556 ὄντες·
1093 1481 1171 1546 τού-

159 1604 238 1662 τους
260 1579 292 1648 δ’
319 1581 421 1666 ἐάσω,
443 1585 488 1668 μή
511 1606 551 1667 με
575 1594 685 1667 φῶσιν
708 1592 815 1659 κακῶς
837 1583 959 1660 αύτούς
981 1584 1099 1667 λέγειν.

120 1707 146 1748 ιτ
251 1688 301 1755 Ού
328 1692 444 1755 τοίνυν
470 1683 675 1774 θαυμάσαιμ’
706 1690 764 1772 ἄν,
791 1690 822 1754 εί
848 1688 903 1755 καὶ
930 1690 1088 1774 δακρύειν
1115 1689 1172 1756 καί

160 1793 307 1872 ἐλεινοὺς
330 1792 468 1871 ἑαυτούς
490 1803 654 1882 πειρῷντο
676 1804 793 1860 ποιεῖν.
840 1794 903 1880 ἐγὼ
927 1790 959 1860 δ’
985 1795 1065 1874 άξιῶ
1087 1797 1171 1877 πρὸς

159 1897 259 1967 ταῦθ’
285 1899 534 1984 ὑπολαμβάνειν
561 1898 708 1978 ἅπαντας
731 1897 832 1984 ὑμᾶς,
860 1900 1000 1966 ὅτιτῶν
1024 1902 1170 1985 αἰσχρῶν

161 2007 240 2089 ἐστι,
264 2010 392 2090 μᾶλλον
415 2002 445 2069 δ’
469 2001 548 2071 οὐδὲ
568 2005 717 2087 δικαίων,
741 2005 781 2070 τὰ
799 2000 860 2089 μὲν
878 2006 957 2070 ὄντα
975 2011 1170 2071 κατεσθίον-

159 2136 218 2190 τας
248 2109 304 2177 καί
336 2119 579 2195 παροινοῦντας
607 2108 677 2195 μετ’
705 2107 978 2195 Ἀριστοκράτους
1006 2109 1062 2176 καὶ
1089 2116 1172 2178 Διο-

159 2221 284 2302 γνήτου
310 2215 365 2282 καί
391 2215 554 2282 τοιούτων
577 2214 698 2301 ἑτέρων
721 2218 863 2302 αἰσχρῶς
885 2215 940 2282 καὶ
962 2227 1069 2294 κακῶς
1092 2217 1172 2300 άνη-

159 2322 315 2404 λωκέναι,
342 2323 383 2387 τά
410 2315 442 2387 δ’
468 2318 612 2407 ἀλλότρι’
638 2321 722 2388 ὥστε
750 2325 880 2405 λαβεῖν,
908 2323 1065 2408 δακρύειν
1091 2321 1172 2388 νυνί

159 2426 215 2494 καὶ
236 2429 358 2494 κλάειν.
405 2421 454 2494 ἐπ’
480 2427 619 2503 ἐκείνοις
641 2421 764 2492 ἐκλάετ’
790 2425 847 2510 δν,
871 2419 922 2505 οἷς
944 2427 1097 2512 ἐποιεῖτε,
1122 2429 1171 2493 δι-

160 2537 268 2611 καίως.
304 2541 369 2599 νῦν
392 2530 423 2598 δ’
446 2532 487 2599 ού
510 2534 564 2598 δεί
584 2533 754 2617 δακρύειν,
777 2528 849 2598 ἀλλ’
871 2533 915 2609 ὡς
934 2533 995 2598 οὐκ
1014 2534 1161 2618 ἀφήκατε
1171 2543 1222 2593 993

161 2640 346 2722 δεικνύναι,
374 2637 395 2723 ή
423 2640 467 2716 ὡς
494 2636 579 2704 είσὶν
604 2633 653 2704 ὧν
676 2633 816 2722 ἀφήκατ’
843 2633 943 2716 αὖθις
965 2639 1045 2724 ὑμῖν
1069 2641 1171 2723 δίκαι,

160 2744 181 2830 ή
204 2745 249 2822 ὡς
272 2747 408 2831 εἰκοστβ
432 2745 608 2827 λαγχάνειν
630 2745 696 2809 ἔτει
719 2745 849 2810 δίκαιόν
872 2743 958 2828 ἐστι,
980 2753 1041 2810 τοῦ
1064 2748 1171 2830 νόμου

159 2845 249 2917 πέντ’
270 2852 326 2934 ἔτη
348 2849 411 2932 τήν
433 2852 642 2935 προθεσμίαν
666 2850 862 2926 δεδωκότος·
884 2859 988 2916 ταῦτα
1010 2851 1074 2935 γάρ
1093 2848 1166 2915 ἐσθ’

122 2977 148 3016 ιε
161 2952 244 3040 ὑπὲρ
262 2950 310 3021 διν
329 2950 422 3022 οὗτοι
442 2955 640 3034 δικάζουσιν.
675 2954 734 3022 ἐάν
754 2951 791 3022 δὲ
808 2957 853 3040 μή
873 2957 1039 3022 δύνωνται
1056 2957 1171 3041 ταῦθ’,

160 3062 206 3138 ὡς
237 3061 278 3127 ού
312 3062 527 3146 δυνήσονται,
558 3060 652 3145 ήμείς
683 3060 778 3145 ὑμῶν
808 3059 964 3128 ἁπάντων
997 3057 1022 3129 ὦ
1053 3063 1172 3147 ἄνδρες

162 3165 313 3234 δικασταί
345 3169 504 3251 δεόμεθα,
537 3166 582 3250 μή
608 3165 693 3250 ἡμᾶς
719 3165 884 3252 προέσθαι
909 3169 1056 3251 τούτοις,
1088 3166 1172 3252 μηδὲ

161 3274 319 3358 τετάρτην
347 3273 465 3338 οὐσίαν
493 3275 541 3338 ἔτι
568 3273 687 3336 δοῦναι
714 3283 801 3357 τρεῖς
829 3271 941 3357 ἑτέρας
966 3283 1071 3351 κακῶς
1094 3276 1171 3361 διῳ-

161 3382 314 3462 κηκόσιν,
341 3379 383 3462 ήν
405 3374 483 3462 παρ’
510 3376 654 3443 ἑκόντων
677 3380 798 3461 ἔλαβον
819 3388 887 3444 τῶν
910 3378 1105 3462 ἐπιτρόπων,
1128 3379 1172 3462 ήν

163 3481 245 3560 ὑπὲρ
278 3495 345 3549 τῶν
376 3485 478 3548 δικῶν
507 3482 755 3566 εἰσεπράξαντο,
787 3483 830 3568 ήν
857 3486 972 3570 πρώην
999 3479 1168 3568 άφείλοιτ’
