2616 3910
288 185 388 235 ΠΡοε
405 185 569 238 Βοιαυοα
584 187 676 238 ,ΠΕΡΙ
692 185 770 239 νου
787 187 995 241 οιτονιυοε.
1081 185 1147 250 489

135 343 219 427 πρὸς
247 344 331 421 Διὸς
360 350 480 410 πυθοῦ·
511 354 635 412 παῦσαι
663 341 724 430 μὲν
751 355 861 435 σαυτῷ
888 345 1040 430 παρέχων
1067 345 1148 428 πρά-

136 471 257 532 γματα,
280 459 406 514 παῦσαι
429 447 460 515 δ’
487 448 542 537 ἐμὲ
566 464 801 536 συκοφαντῶν,
830 452 938 535 ἀγάπα
962 449 992 517 δ’
1020 452 1070 517 ότι
1094 470 1148 519 σοι

135 557 242 638 πόλις,
265 555 374 638 ούσία,
397 557 503 642 πατὴρ
522 555 668 640 γε’γονεν.
706 556 817 636 οὐδεὶς
835 559 1012 623 ἀπελαύνει
1030 555 1061 622 σ’
1083 558 1147 623 ἀπὸ

136 662 273 743 τούτων,
298 661 423 727 οὔκουν
446 665 557 746 ἐγωγε.
594 659 665 729 ἀλλ’
688 663 731 728 ἀν
753 661 825 749 μὲν,
849 666 959 746 ὥσπερ
979 659 1064 728 εἶναι
1082 662 1149 749 φῂς

136 766 291 851 ἀδελφός,
314 766 369 834 καὶ
391 770 432 833 τά
450 763 519 852 ἔργ’
541 769 690 853 ἀδελφοῦ
708 780 817 856 ποιῇς,
840 771 946 850 δόξεις
965 765 1050 835 εἶναι
1069 785 1147 852 συγ-

135 875 248 955 γενής,
275 872 317 938 ἀν
345 867 377 939 δ’
403 874 621 961 ἐπιβουλεύῃς
647 877 761 961 δικάζῃ
784 882 917 960 φθονῇς
939 878 1147 960 βλασφημῇς,

137 977 243 1056 δόξεις
265 980 313 1056 είς
336 977 481 1064 ἀλλότρι’
505 980 656 1064 ἐμπεσὼν
679 981 724 1058 ὡς
747 982 788 1048 ού
810 985 1036 1065 προσήκουσιν
1060 981 1146 1047 οὕτω

92 1101 122 1142 ³⁵
135 1090 290 1168 χρῆσθαι.
326 1083 396 1151 ἐπεὶ
414 1084 511 1169 ἔγωγ’
534 1085 607 1152 οὐδ’
630 1088 661 1152 εί
677 1088 717 1152 τά
736 1081 872 1170 μάλισθ’
896 1087 913 1151 ὁ
932 1088 1039 1169 πατὴρ
1058 1088 1138 1151 ὄντα
1152 1101 1221 1149 ιοοσ

134 1183 166 1253 σ’
192 1188 312 1256 ἐαυτοῦ
340 1191 384 1275 μη
413 1189 546 1256 ἐποιεῖτ’
573 1192 683 1257 ἀδικῶ.
731 1192 772 1258 ού
799 1193 863 1277 γὰρ
886 1189 960 1276 ἐμοὶ
981 1202 1148 1275 προσῆκεν

135 1293 274 1379 εἰδέναι,
297 1299 385 1372 τίνες
408 1294 494 1361 εἰσὶν
516 1297 599 1374 υίελς
622 1296 769 1381 ἐκείνου,
796 1291 867 1363 ἀλλ’
895 1297 1008 1385 ἐκείνςο
1033 1297 1147 1379 δείξαι,

134 1395 197 1465 τίν’
221 1399 293 1485 ἐμοὶ
316 1400 493 1485 νομιστέον
515 1399 581 1469 ἐστ’
605 1401 762 1486 ἀδελφόν.
799 1401 839 1468 ὃν
862 1400 923 1487 μέν
945 1408 1063 1468 τοίνυν
1086 1403 1148 1468 οὐκ

135 1505 275 1572 ἐποιεῖτό
306 1523 344 1573 σε
376 1509 514 1591 χρόνον,
546 1505 618 1573 οὐδ’
651 1508 715 1592 ἐγὼ
747 1507 954 1593 προσήκονθ’
985 1509 1148 1593 ἡγούμην,

134 1611 247 1696 ἐπειδὴ
267 1607 298 1677 δ’
321 1611 509 1696 ἐποιήσατο,
532 1613 622 1697 κάγὼ
640 1617 770 1698 νομίζω.
803 1617 838 1678 τί
852 1615 975 1681 τούτου
994 1624 1146 1698 σημελονς

133 1729 201 1783 τῶν
222 1715 385 1805 πατρῴων
408 1722 493 1804 ἔχεις
514 1721 552 1785 τὸ
576 1719 676 1804 μέρος
698 1722 778 1805 μετὰ
799 1722 861 1803 τὴν
878 1729 939 1786 τοῦ
957 1721 1079 1802 πατρὸς
1097 1743 1147 1784 τε-

133 1828 267 1908 λευτήν·
297 1826 412 1909 ἱερῶν,
440 1824 543 1890 ὁσίων
566 1825 723 1910 μετέχεις·
751 1827 868 1909 ἀπάγει
892 1823 922 1890 σ’
950 1824 1060 1902 οὐδεὶς
1083 1826 1147 1891 άπὸ

133 1931 271 1997 τούτων.
308 1933 343 1996 τί
363 1933 491 2014 βούλευ
516 1929 558 1996 ἀν
582 1927 619 1996 δέ
641 1939 690 2017 φῇ
714 1933 807 1998 δεινά
829 1932 968 2015 πάσχειν
990 1928 1045 1996 καὶ
1063 1933 1146 2016 κλάῃ

132 2033 188 2102 καὶ
216 2037 376 2122 ὀδύρηται
402 2035 457 2103 καὶ
484 2047 651 2123 κατηγορῇ
677 2062 758 2122 μου,
786 2033 891 2122 δμέν
914 2036 956 2102 ἂν
980 2036 1074 2122 λέγῃ,
1101 2038 1146 2120 μὴ

132 2143 315 2208 πιστεύετε·
361 2143 402 2209 ού
438 2144 501 2228 γάρ
538 2145 669 2209 δίκαιον
705 2144 749 2227 μὴ
781 2141 857 2227 περὶ
889 2144 1018 2208 τούτων
1050 2142 1147 2218 ὄντος

132 2256 194 2314 τοῦ
221 2251 324 2331 λόγου
350 2252 431 2314 νυνί
436 2269 444 2286 ·
477 2249 583 2314 έκεῖνο
611 2246 642 2314 δ’
674 2248 938 2332 ὑπολαμβάνετε,
966 2248 1017 2314 δτι
1045 2244 1147 2314 οὐδὲν

133 2348 200 2419 ἔστ’
231 2353 319 2441 αὐτῷ
352 2349 453 2437 ῇττον
480 2357 578 2438 δίκην
606 2355 789 2439 λαμβάνειν
816 2359 952 2441 Βοιωτῷ
979 2352 1146 2438 κληθέντι.

92 2477 120 2519 ιο
133 2463 168 2524 τί
193 2454 253 2525 οὖν
283 2465 480 2543 φιλονικελς;
508 2462 679 2545 μηδαμῶς·
707 2461 751 2545 μὴ
776 2455 821 2545 ἔχ’
848 2461 935 2525 ούτω
958 2461 1040 2544 πρὸς
1062 2459 1147 2543 ἡμᾶς

134 2563 355 2650 ἐθελέχθρως·
388 2562 468 2632 οὐδὲ
500 2567 562 2650 γάρ
595 2565 658 2649 ἐγὼ
691 2569 773 2650 πρὸς
805 2567 858 2649 σέ,
891 2564 960 2630 ἐπεὶ
987 2564 1043 2631 καὶ
1070 2576 1146 2649 νῦν,

132 2671 189 2736 ἵνα
223 2668 306 2754 μηδὲ
337 2680 436 2737 τοῦτο
468 2671 557 2757 λάθῃ
591 2690 643 2754 σε,
679 2669 763 2758 ὑπὲρ
794 2682 857 2738 σοῦ
890 2672 975 2755 λέγω
1007 2678 1146 2756 μᾶλλον,

133 2777 234 2855 ἀξιῶν
265 2776 313 2861 μη
342 2776 464 2843 ταύτδν
495 2765 583 2862 ἔχειν
615 2776 708 2862 ὄνομ’
741 2778 833 2862 ἡμᾶς.
884 2780 916 2842 εί
944 2779 1008 2862 γάρ
1040 2775 1145 2862 μηδὲν

4 2873 8 2892 ”
134 2884 230 2963 ἀλλο,
268 2881 394 2966 ἀνάγκη
425 2883 485 2949 τὸν
517 2881 694 2948 ἀκούσαντ’
731 2882 866 2968 ἐρέσθαι
898 2886 1051 2968 πότερος,
1089 2879 1142 2948 δύ’

133 2987 176 3053 ἀν
204 2983 266 3054 ὦσι
290 2991 479 3054 Μαντίθεοι
502 2993 667 3054 Μαντίου.
712 2988 852 3071 ούκοῦν,
881 2987 921 3053 δν
948 2989 1144 3074 ἠναγκάσθη

132 3097 347 3178 ποιήσασθαι,
372 3091 409 3160 σὲ
431 3093 474 3160 ἀν
497 3091 587 3180 λέγῃ,
611 3094 688 3178 ἐρελ.
734 3098 770 3160 τί
789 3089 851 3161 οὖν
874 3093 1047 3179 ἐπιθυμεῖς
1068 3097 1144 3160 τού-

132 3225 216 3280 των;
251 3201 424 3284 ἀνάγνωθι
456 3199 495 3268 δέ
524 3223 581 3285 μοι
613 3201 726 3285 λαβὼν
758 3201 820 3266 δύο
852 3198 991 3265 ταυτασὶ
1022 3223 1143 3286 μαρτυ·

133 3310 216 3390 ρίας,
240 3307 284 3384 ὡς
306 3305 378 3391 ἐμοὶ
399 3309 597 3373 Μαντίθεον
619 3304 675 3372 καὶ
696 3306 803 3396 τούτῳ
821 3306 972 3372 Βοιωτὸν
993 3305 1013 3371 ό
1035 3307 1144 3386 πατὴρ

133 3412 226 3495 ὄνομ’
250 3414 354 3480 ἔθετο.
