2616 3910
167 153 234 220 450
459 159 581 210 xxxvl.
604 156 883 212 ΔΗΜΟΣΘΕΝΟΤΣ

570 385 773 440 ΜΔΡΓΤΡΙΑῙ.
1279 379 1280 388 ’

254 483 321 578 'Ap‘
343 487 406 558 οὖν
428 492 542 577 δμοιος
565 492 693 572 οὖτοσίς
719 504 877 560 σκοπεῖτε.
914 492 996 577 λέγε.

571 703 774 758 ΜΔΡΤΤΡῙΔΙ.

254 801 439 891 Ἀνάγνωθι
464 809 505 892 δὴ
528 808 583 876 καὶ
606 809 668 875 ὅσα
687 810 829 896 δημοσίηι
847 811 1006 894 χρήσιμος
1024 819 1064 895 τῇ
1085 812 1183 876 πόλει
1282 786 1283 872 δ

168 907 279 997 γέγον’
300 913 423 980 οὑτοσί.
1283 980 1284 1026 1

570 1055 774 1108 mmm.
1283 1034 1284 1049 '

128 1178 155 1219 ετ
263 1163 412 1227 Τοσαῦτα
430 1164 547 1226 τοίνυν
565 1155 591 1226 ὦ
607 1161 726 1246 ἄνδρες
742 1155 914 1246 Ἀθηναῖοι
930 1163 1088 1246 Φορμίων
1101 1164 1181 1245 χρή-
1284 1172 1285 1184 ³

170 1282 265 1349 σιμος
287 1275 326 1350 τῇ
350 1268 443 1332 πόλει
464 1267 610 1350 γεγονὼς
632 1264 687 1332 καλ
709 1271 845 1344 πολλοῖς
862 1267 967 1352 ὑμῶν,
990 1265 1046 1332 καὶ
1064 1261 1178 1334 οὐδέν’

170 1368 238 1436 οὔτ’
262 1372 332 1458 ίδίᾳ
355 1371 431 1437 οὔτε
452 1373 595 1458 δημοσίᾳ
612 1372 715 1438 κακὸν
733 1368 834 1438 οὐδὲν
853 1371 1077 1458 εἰργασμένος,
1101 1366 1177 1438 οὐδ’

169 1476 294 1544 ἀδικῶν
313 1473 563 1562 Ἀπολλόδωρον
585 1480 735 1560 τουτονί,
760 1476 942 1544 δεῖταικαὶ
964 1477 1101 1544 ἱκετεύει
1123 1475 1181 1542 καὶ

169 1580 258 1660 άξιοῑ
286 1588 454 1667 σωθῆναι,
485 1580 541 1649 καὶ
571 1582 665 1668 ἡμεῖς
697 1580 896 1668 συνδεόμεθ’
927 1583 963 1650 οί
990 1583 1171 1668 ἐπιτήδειοι
1181 1597 1232 1646 962

168 1686 267 1754 ταῦθ’
289 1687 391 1773 ὑμῶν.
424 1687 530 1754 έκείνο
549 1685 580 1752 δ’
600 1687 685 1772 ὑμᾶς
704 1688 843 1754 άκοῦσαι
862 1689 921 1754 δελ.
952 1699 1096 1755 τοσαῦτα
1114 1692 1180 1774 γάρ

170 1789 197 1859 δι
227 1794 346 1877 ἄνδρες
370 1791 544 1876 Ἀθηναῖοι
570 1788 715 1878 χρήμαθ’
746 1793 826 1877 ὑμίν
853 1793 1050 1879 ἀνεγνώσθη
1077 1813 1180 1879 προσ-

170 1901 376 1983 ηυπορηκώς,
396 1896 445 1964 ὅσ’
468 1893 546 1964 οὔθ’
567 1894 664 1976 οὗτος
683 1893 753 1965 οὔτ’
772 1900 871 1978 ἄλλος
890 1898 1001 1977 οὐδεὶς
1018 1899 1179 1984 κέκτηται.

170 2007 278 2081 πίστις
304 2003 416 2089 μέντοι
443 2008 613 2090 Φορμίωνι
640 2007 728 2090 παρά
754 2017 824 2084 τοῖς
851 2007 957 2072 είδόσι
983 2004 1039 2072 καὶ
1060 2007 1180 2072 τοσού-

170 2134 236 2176 των
259 2107 313 2176 καὶ
335 2115 446 2198 πολλῷ
469 2113 634 2176 πλειόνων
656 2112 843 2195 χρημάτων,
870 2109 913 2177 δι’
939 2106 979 2196 ἧς
1000 2109 1056 2176 καὶ
1079 2112 1180 2190 αὐτὸς

128 2237 157 2279 ει
171 2214 275 2305 ἑαυτῷ
299 2215 353 2282 καὶ
377 2216 456 2302 ὑμίν
478 2218 638 2302 χρήσιμός
660 2216 758 2282 έστιν.
799 2216 821 2282 ἃ
843 2218 886 2302 μὴ
909 2224 1074 2302 προῆσθε,
1098 2216 1175 2303 μηδ’

171 2319 355 2407 ἐπιτρέψητ’
391 2321 571 2406 ἀνατρέψαι
606 2330 651 2410 τῷ
688 2331 793 2411 μιαρῷ
830 2324 936 2412 τούτῳ
970 2323 1180 2411 [άνθρώπῳ],

170 2424 254 2513 μηδὲ
274 2422 424 2512 ποιήσητ’
446 2429 584 2512 αἰσχρὸν
602 2429 820 2512 παράδειγμα,
843 2429 887 2505 ὡς
904 2429 944 2493 τά
961 2439 1029 2493 τῶν
1047 2427 1146 2513 έργαζ
1165 2468 1180 2478 -

170 2533 280 2618 μένων
308 2532 363 2599 καὶ
385 2537 524 2618 μετρίως
547 2533 734 2598 ἐθελόντων
758 2536 815 2618 ζῆν
836 2544 905 2612 τοῖς
927 2535 1102 2618 βδελυροῖς
1124 2531 1180 2598 καὶ

57 2692 64 2714 .
172 2640 395 2722 συκοφάνταις
413 2639 551 2722 ὑπάρχει
569 2636 647 2723 παρ’
665 2639 759 2723 ὑμῶν
778 2643 905 2723 λαβεῖν·
923 2642 1009 2705 πολὺ
1024 2641 1087 2723 γάρ
1101 2664 1180 2726 χρη-

172 2742 323 2830 σιμώτερ’
354 2744 434 2829 ὑμίν
465 2745 554 2825 παρά
584 2739 663 2832 τῷδ’
694 2741 769 2810 ὄνθ’
800 2744 947 2829 ὑπάρχει.
992 2744 1088 2829 ὁρᾶτε
1115 2747 1180 2830 γάρ

172 2848 266 2917 αὐτοὶ
298 2848 353 2916 καὶ
384 2849 519 2916 ἀκούετε
547 2861 614 2915 τῶν
641 2850 831 2935 μαρτύρων,
865 2843 938 2916 οἷον
966 2849 1084 2916 ἑαυτὸν
1110 2863 1182 2929 τοῖς

130 2977 158 3018 ιι
173 2959 344 3041 δεηθεῖσιν
366 2954 508 3040 παρέχει.
544 2955 599 3021 καὶ
616 2957 744 3020 τούτων
763 2953 865 3022 οὐδὲν
883 2957 992 3022 ε’ίνεκα
1009 2964 1071 3022 τοῦ
1088 2961 1181 3022 λυσι-

171 3068 346 3139 τελοῦντος
374 3063 421 3137 είς
448 3063 595 3145 χρηματα
618 3063 810 3144 πεποίηκεν,
839 3060 921 3126 άλλά
944 3064 1182 3148 φιλανθρωπίᾳ

172 3167 228 3234 καὶ
245 3172 371 3253 τρόπον
390 3166 554 3252 ἐπιεικείᾳ.
587 3166 711 3232 οὔκουν
729 3166 822 3246 άξιον
837 3162 862 3230 δι
877 3166 995 3252 ἄνδρες
1010 3160 1182 3249 Ἀθηναῖοι

172 3276 232 3341 τὸν
258 3283 412 3340 τοιοῦτον
438 3273 546 3356 άνδρα
573 3269 737 3356 προέσθαι
759 3273 881 3360 τούτῳ,
909 3268 987 3338 οὐδὲ
1010 3270 1178 3356 τηνικαῦτ’

175 3382 278 3446 ἐλεεῖν
297 3377 344 3445 ὅτ’
367 3377 468 3444 οὐδὲν
487 3382 577 3444 ἔσται
595 3375 714 3467 τουτῳὶ
735 3376 848 3462 πλέον,
870 3377 953 3443 ἀλλὰ
971 3386 1035 3443 νῦν
1053 3377 1106 3444 ὅτε
1124 3379 1183 3444 κά-

175 3509 242 3564 ριοι
269 3483 450 3550 καθέστατε
477 3496 592 3550 σῶσαι·
622 3484 663 3549 οὐ
686 3485 749 3569 γὰρ
772 3482 868 3568 ἔγωγ’
896 3483 962 3568 ὁρῶ
985 3485 1116 3568 καιρὸν,
1144 3483 1183 3551 έν
