2616 3910
185 201 253 266 474
464 205 615 257 xxxvm.
634 201 914 256 Δοαουοααοαε

186 373 348 450 στατῆρας
378 362 495 432 ἑκατὸν
520 365 608 449 παρὰ
636 363 892 450 Ναυσικράτους
919 361 1032 446 λαβὼν
1058 362 1206 439 τούτοις.
1293 445 1294 460 ¹

186 469 313 535 τούτων
337 466 564 556 Ἀρίσταιχμος
591 469 766 556 ἐπίτροπος
792 465 848 535 καὶ
879 467 1033 552 κηδεμὼν
1065 465 1200 552 ἐγένεθ’
1293 467 1294 526 ἶ

186 571 347 641 ἑκκαίδεκ’
373 577 438 660 ἐτη.
485 575 609 642 οὐκοῦν
638 573 660 640 ά
686 596 724 658 γε
751 574 879 640 τούτων
906 573 1041 656 ἀνδρῶν
1062 575 1205 656 γεγονύ-
1293 565 1294 660 Ῑ

186 703 253 745 των
276 676 321 747 δι’
348 678 469 747 ἑαυτοῦ
492 679 601 746 διέλυε
624 672 769 766 χρήμαθ’
794 675 1013 763 δἘρμὼναξ,
1038 677 1100 744 οὐκ
1123 677 1205 744 άπέ-

187 784 294 851 δοκεν
321 785 368 852 ὅτ’
395 782 481 870 ήσαυ
502 787 630 864 παῖδες·
658 785 788 868 οὐγὰρ
811 785 863 861 δίς
885 806 923 867 γε
944 782 1048 849 ταύτδ
1074 787 1204 850 κατετί-

185 896 252 957 θει.
297 893 388 958 ἐστιν
415 886 478 958 οὖν
505 891 592 958 ούτω
615 914 665 968 τις
688 890 878 975 ἀνθρώπων
899 890 1037 972 ἄτοπος,
1064 887 1152 956 ὥσθ’
1181 888 1204 956 δ

185 999 265 1074 τούς
282 1000 419 1080 κυρίους
437 997 654 1084 διεκρούσατο
673 997 717 1081 μή
736 1002 931 1063 ιαιταδείυαι
946 1003 1110 1062 τοσοῦτον
1123 999 1204 1081 χρύ·

186 1126 264 1187 νον,
296 1111 399 1168 ταῦτα
428 1111 475 1191 τῷ
507 1104 552 1188 μή
584 1104 688 1191 κυρίῳ
719 1099 884 1186 πέμψαυτι
911 1098 1082 1186 γράμμαθ’
1114 1099 1204 1167 ἑκὼν

146 1223 174 1264 1³
188 1207 386 1287 άποδοῦναι;
416 1207 479 1292 ἐγὼ
507 1204 569 1292 μέυ
595 1206 657 1274 οδκ
680 1202 779 1291 οἶμαι.
824 1204 909 1272 ἀλλὰ
932 1207 998 1291 μήν
1020 1206 1065 1284 ὡς
1087 1204 1204 1293 άληθή

187 1313 287 1397 λέγω,
315 1312 370 1380 καὶ
397 1312 416 1380 δ
443 1310 504 1399 μὲν
527 1314 633 1398 πατήρ
656 1312 866 1396 ἐτελεύτησεν
889 1309 1016 1389 εύδέοος
1039 1313 1119 1396 μετά
1141 1313 1204 1390 τὰς

187 1420 370 1505 διαλύσεις,
404 1428 450 1508 τῷ
482 1417 666 1507 Δημαρέτῳ
699 1415 730 1484 δ’
761 1414 974 1484 οὐδεπώποθ’
1005 1411 1100 1483 οὗτοι
1131 1429 1203 1484 τῶν

187 1525 363 1610 χρημάτων
384 1524 514 1591 τούτων
537 1526 633 1608 δίκην
651 1525 781 1609 ἐλαχου,
804 1515 878 1588 οὐδ’
900 1523 985 1599 ὅλως
1004 1521 1202 1602 ἐξέπλευσεν

187 1630 312 1709 ἐκεῖνος
339 1629 411 1697 οὐδ’
439 1629 649 1715 ἀπεδήμησεν
676 1627 796 1712 ἐκεῖσε,
824 1625 905 1712 λαβὲ
926 1628 986 1705 τδς
1008 1631 1201 1714 μαρτυρίας.

589 1857 792 1910 ΜᾹΡΓΤΡΙΑΙ.

148 1989 174 2028 1⁴
268 1971 339 2040 Ὀτι
366 1970 427 2059 μὲν
453 1977 570 2041 τοίνυν
597 1971 675 2040 οὔδ’
703 1973 721 2039 ὁ
749 1975 856 2056 πατήρ
884 1973 964 2057 μετά
990 1973 1053 2055 τήν
1078 1973 1199 2056 άφεσιν

186 2079 227 2146 τά
253 2077 390 2166 χρήματ’
417 2078 622 2164 εἰσέπραξεν,
650 2073 721 2145 οὔτ’
747 2077 790 2143 άν
817 2079 940 2144 ἔδωκεν
968 2077 1053 2144 ἑκὼν
1076 2075 1198 2162 οὐδεὶς,

186 2191 220 2251 εί
237 2181 301 2250 τιν’
327 2188 472 2270 έπεμύευ
495 2185 513 2251 ὁ
537 2184 745 2269 Δημάρετος,
779 2177 849 2249 οὔτ’
874 2182 1077 2249 ἀνέπλευσεν
1099 2183 1199 2260 αὐτὸς

186 2286 261 2356 οὐδ’
291 2285 418 2375 ἀφίκετ’
449 2289 582 2378 ἐκεῖσε,Ι
601 2291 704 2373 δῆλον
734 2289 771 2354 ἐκ
796 2300 864 2354 τῶν
891 2285 1022 2374 χρύνοου
1048 2286 1104 2354 καὶ
1130 2299 1198 2355 τῶν

186 2406 377 2481 μαρτυριῶν
403 2395 484 2480 ὑμῖν
511 2394 657 2479 γέγονεν.
703 2395 867 2478 βούλομαι
893 2396 1011 2459 τοίνυν
1033 2391 1090 2459 καὶ
1113 2394 1198 2471 ὅλως

185 2500 413 2585 ψευδομένους
435 2501 557 2578 αὐτούς
580 2500 660 2565 ὅλον
683 2499 720 2565 τδ
745 2495 869 2585 πρᾶγμ’
896 2497 1063 2578 ἐπιδείξαι.
1104 2494 1197 2566 οὗτοι

185 2607 249 2691 γάρ
276 2606 483 2690 γεγράφασιν
511 2606 558 2683 είς
585 2603 603 2670 δ
626 2611 690 2670 νῦν
714 2607 859 2688 ἔγκλημα
881 2603 1078 2687 διώκουσιν,
1105 2604 1197 2689 ὀφεί-

186 2719 257 2779 λειν
283 2711 368 2795 ἡμᾶς
393 2713 431 2776 τὸ
460 2710 621 2797 άργύριον
645 2708 871 2795 κομισαμένου
893 2717 954 2774 τοῦ
976 2713 1114 2795 πατρός,
1141 2709 1197 2777 καί

186 2820 392 2904 παραδόντος
420 2815 533 2893 αὐτοῖς
563 2819 687 2898 [τοῦτο]
714 2817 751 2881 τὸ
774 2815 877 2900 χρέως
900 2813 936 2880 έν
959 2823 1004 2902 τῷ
1028 2815 1116 2904 λόγῳ
1139 2824 1197 2900 τῆς

186 2924 363 3009 ἐπιτροπῆς
384 2923 612 3007 ὀφειλόμενον.
650 2925 709 2987 καί
728 2945 785 3006 μοι
803 2919 869 3004 λέγ’
894 2921 975 2985 αὐτὸ
992 2920 1031 2986 τδ
1050 2923 1196 3006 ἔγκλημα

185 3031 307 3114 λαβών.

596 3205 783 3259 ΕΓΚΑΗΜΔ.

148 3339 172 3378 1⁵
272 3316 420 3388 Ἀκούετε
451 3319 679 3407 γεγραμμένον
712 3319 748 3386 ἐν
778 3328 824 3408 τῷ
857 3319 1033 3404 ἐγκλήματι
1065 3340 1196 3403 ,παρα-

187 3428 304 3506 δόντος
335 3425 406 3510 ἐμοὶ
434 3435 494 3492 τοῦ
519 3423 749 3513 Ἀρισταίχμου
776 3428 812 3493 τὸ
839 3424 942 3510 χρέος
970 3423 1007 3490 ἐν
1033 3430 1079 3511 τῷ
1106 3425 1194 3513 λόγῳ

188 3541 243 3613 τῆς
266 3532 473 3618 ἐπιτροπής“.
519 3533 572 3598 ὅτε
594 3535 712 3598 τοίνυν
734 3531 916 3616 ἐλάγχανον
937 3537 983 3619 τῷ
1006 3525 1105 3613 πατρὶ
1127 3538 1242 3613 τῆςυευ
