2622 3938
161 86 275 140 LXXIV
313 84 600 140 COMMENTARIUS
619 83 782 139 ORITIOUS
799 83 908 154 (XXIV,
927 85 1051 154 38—57).

162 245 257 314 recepi
271 243 396 298 scribens
411 241 478 298 οὐδὲ
495 242 537 297 ένε
558 242 642 298 οὐδέν
652 251 707 297 τῶν
721 241 929 311 προνηκόντων.
951 243 1011 296 Οάκ
1021 241 1088 296 ἄλλο
1098 244 1174 306 nort}-

163 341 213 385 σας
227 369 250 379 ..
266 321 332 378 οὐδὲ
345 319 375 376 έν
384 347 419 371 ω
432 324 465 377 eh
474 341 632 392 παραναγν.
645 366 663 376 ..
675 324 792 389 αἵρεσιν.
803 355 838 364 -
848 321 957 393 νόμοις]
967 320 1054 390 νόμον
1065 341 1097 390 γρ
1108 320 1134 374 S.
1142 351 1173 360 —

162 402 201 455 80
214 405 278 471 post
292 405 368 466 οἵονς
382 419 434 457 om.
448 401 551 470 νόμους
563 402 596 455 A.
615 400 688 456 Hah.
698 401 785 458 schel.
794 421 823 471 p.
834 407 893 469 741,
905 407 951 465 1ος
966 399 1021 456 def.
1036 399 1175 456 Schaefer.

163 512 197 520 -
211 490 320 550 πρῶτον
335 480 385 551 μὲν
400 481 487 537 schol.
503 486 562 545 741,
583 485 615 533 11
635 479 696 549 (qui
710 497 775 534 mox
793 497 848 538 om.
862 481 988 547 τούτων)ι
1008 487 1127 548 πρῶτον.
1143 510 1175 518 —-

163 559 265 614 sustuli
283 561 422 614 cancellos
440 559 512 628 legis
525 559 664 613 formulae
679 575 696 612 ε
713 559 766 616 Dd.
781 559 903 616 additos.
933 561 1004 615 Item
1017 559 1047 612 in
1059 557 1175 626 reliquis

162 639 289 693 formulis
303 639 367 698 feei.
379 671 410 681 —-
422 640 542 710 (πρώτης
552 655 606 695 om.
618 638 636 691 S
646 637 695 708 el.)
703 668 738 678 -
752 637 963 709 (ὀφειλήματος
973 639 1012 710 S.)
1020 669 1055 682 ·-
1066 640 1105 693 4⁰
1115 634 1173 706 (ἐφ’

145 739 147 745 ·
163 712 198 791 ᾧ]
212 715 260 789 ἐφ’
279 717 320 782 οἷς
334 719 400 789 SF.)
414 750 449 760 -
463 719 512 773 τὸν
525 716 632 787 δεσμόν
646 736 688 787 pr.
704 719 730 785 S,
746 718 812 773 YO:
831 727 886 773 τῶν
899 721 1010 787 δεσμῶν
1023 735 1093 774 eorr.
1112 718 1130 771 S
1148 717 1176 785 (a

162 816 199 854 m.
210 799 263 868 pr.)
276 816 301 854 v.
312 799 378 862 Dd.;
398 807 447 853 we
465 801 570 867 δεσμοῦ
589 795 659 868 (elia
677 797 765 852 totius
785 796 941 853 sententiae
960 796 1177 866 constructione)

162 876 296 931 Libaniue
314 879 351 948 (v.
371 894 478 946 argum.
499 883 514 942 ς
534 877 574 948 1);
594 876 628 932 cf.
648 881 721 942 §86-
741 882 784 934 93.
811 878 845 935 V.
864 877 950 931 etiam
969 875 1052 946 epist.
1066 877 1113 943 III,
1133 882 1174 929 10.

163 963 206 1013 24.
222 988 255 997 -
274 957 458 1028 (μισθώσιμα]
477 957 646 1027 μισθώματα
660 954 699 1026 S.)
718 988 753 999 —
772 959 839 1012 ante
857 956 977 1010 alterum
996 951 1176 1026 ἐγγυωμένων

162 1053 216 1089 om.
236 1045 290 1091 τῶν
305 1053 368 1090 cum
386 1036 504 1093 SAYO.
520 1067 551 1076 -
571 1032 588 1103 ἢ
609 1034 729 1104 δεκάτης
744 1053 806 1090 eum
821 1035 906 1092 Dobr.
922 1033 1096 1104 transposui3
1115 1037 1176 1087 eret

163 1115 238 1169 enim
251 1119 317 1185 post
330 1115 476 1169 alterum
492 1110 538 1169 ἐπὶ
551 1122 600 1184 τῆς
615 1110 722 1182 ένάτης.
742 1115 802 1169 Hoe
816 1115 936 1169 alterum
950 1110 997 1168 ἐπὶ
1010 1121 1059 1182 τῆς
1075 1108 1095 1167 έ.
1106 1133 1173 1181 πρυ-

163 1198 276 1258 τανείας
294 1213 356 1249 cum
376 1195 475 1248 eodem
494 1193 582 1248 deleri
600 1193 673 1246 nihil
691 1211 770 1263 opus.
795 1226 826 1234 —
850 1192 997 1265 (ἐκτείνειν
1020 1211 1062 1262 pr.
1086 1193 1124 1263 S.)
1143 1225 1175 1232 -

164 1273 200 1327 41
215 1273 353 1341 ἠκούσατε
369 1290 421 1330 ser.
435 1277 468 1328 ut
481 1279 495 1339 ς
506 1280 553 1328 34:
573 1273 715 1341 ἀκηκόατε
729 1274 800 1345 (bn).
824 1273 865 1330 cf.
879 1273 938 1340 XX,
954 1280 1001 1338 643
1020 1271 1119 1339 XXIII,
1133 1277 1167 1325 23

164 1358 207 1408 29.
221 1358 268 1416 62ς
287 1352 368 1420 XLV,
384 1358 409 1407 9.
424 1357 467 1409 28.
483 1385 516 1396 -
531 1353 580 1408 καὶ
595 1361 651 1408 τῶν
665 1354 702 1406 A:
721 1352 770 1408 nal
783 1351 848 1423 περὶ
861 1360 924 1407 τῶν.
950 1351 990 1409 Of.
1005 1357 1048 1408 59.
1064 1383 1095 1392 -
1115 1350 1176 1422 (μέν

163 1431 217 1501 γὰρ
233 1449 287 1490 om.
304 1451 346 1502 pr.
362 1433 400 1503 S.)
415 1465 446 1472 -
466 1434 533 1496 τοὺς
552 1431 656 1502 νόμους
670 1433 821 1495 ἀκούοντες
835 1432 946 1494 αὐτούς.
965 1430 1025 1501 λέγε
1042 1431 1072 1495 S3
1091 1432 1177 1486 ἀκού-

164 1531 243 1575 οντες
261 1513 443 1581 (ἀκούσαντες
461 1511 498 1581 Υ)
515 1531 538 1565 τ.
557 1532 582 1566 ν.
603 1512 714 1575 αὐτούς.
744 1510 804 1576 λέγε
823 1511 889 1576 FY3
908 1511 1087 1573 ἀνοάσωννες.
1115 1509 1176 1578 λέγε

164 1592 229 1653 τοὺς
246 1590 349 1662 νόμους
366 1594 399 1646 Α.
438 1591 508 1647 Secl.
526 1593 591 1654 τοὺς
610 1591 721 1661 νόμους.
755 1591 796 1648 Cf.
811 1591 874 1659 XX,
890 1597 933 1647 94.
949 1622 982 1630 —
1000 1591 1038 1644 45
1055 1592 1177 1660 (πολλοῖς

165 1679 219 1725 τῶν
238 1672 256 1726 S
276 1689 293 1725 a
311 1689 393 1740 corr„
417 1670 447 1723 in
465 1687 563 1724 rasura
580 1674 614 1724 ut
632 1670 700 1740 vid.)
720 1701 752 1710 -
776 1669 984 1741 γεγραμμένους
1001 1669 1026 1722 A
1046 1677 1175 1739 (γεγραμ-

165 1750 250 1819 μένης
267 1772 309 1820 γρ.
328 1752 373 1822 F):
392 1748 665 1820 ἀναγεγραμμένους.
683 1781 715 1790 -
734 1750 774 1803 44
792 1748 852 1817 (καὶ
870 1753 937 1803 ante
957 1752 986 1804 εἴ
999 1770 1055 1804 τινι
1070 1767 1124 1805 om.
1139 1750 1177 1819 S.)

167 1863 198 1870 -
218 1829 328 1885 τέθεικε
348 1846 453 1886 omnes.
482 1830 523 1886 cf.
538 1829 725 1883 Meisterhans
740 1827 863 1885 Gramm.
877 1829 904 1884 d.
915 1831 967 1884 att.
977 1829 1081 1884 Insehr.
1095 1848 1123 1898 p.
1134 1836 1177 1885 82.

165 1911 236 1964 stem
254 1909 361 1965 correxi
379 1916 394 1975 ξ
409 1915 451 1965 59.
466 1915 509 1964 61.
524 1915 567 1964 65.
583 1915 626 1965 67.
642 1913 684 1964 70.
699 1914 741 1963 88.
756 1913 799 1963 95.
820 1915 862 1964 99.
882 1913 942 1964 102.
962 1913 1023 1965 109.
1042 1915 1101 1964 122.
1117 1915 1177 1964 144.

166 1997 225 2045 191.
241 1996 301 2046 209.
315 2021 349 2030 -
367 1990 405 2043 45
424 1990 472 2060 (τῷ
489 1985 559 2060 MS]
578 1997 642 2042 τῶν
654 1985 811 2056 Ἀθηναίων
826 1988 844 2042 S
859 1988 908 2059 al.)
924 2019 952 2028 -
969 1987 1007 2041 48
1021 1986 1036 2042 ἀ
1051 1986 1078 2042 δ’
1096 1987 1177 2058 έγρα-

164 2082 221 2136 ψεν
243 2070 276 2134 k,
299 2067 462 2139 ἀνέγραψεν
484 2068 540 2120 Aet
569 2064 650 2128 οὗτος
675 2061 703 2120 δ’
730 2065 860 2136 ἔγραψεν.
894 2066 935 2124 ef.
954 2073 998 2122 44.
1017 2074 1060 2124 4⁷.
1079 2074 1121 2124 55.
1145 2101 1176 2108 -

165 2150 296 2213 δεσμοὺς
320 2165 361 2216 pr.
381 2148 413 2212 S;
436 2164 491 2202 om.
509 2147 542 2201 A.
561 2177 596 2187 -
618 2147 654 2199 47
679 2153 728 2214 τῆς
751 2147 861 2218 ἀδείας]
884 2148 983 2209 ἀάείεις
1001 2148 1034 2200 Δ.
1057 2178 1084 2188 -
1107 2153 1177 2202 exIr.

165 2229 214 2282 τὸν
233 2227 320 2297 νόμον
338 2228 374 2280 A:
399 2226 486 2296 νόμον
509 2227 614 2297 (num).
636 2256 666 2264 -
692 2225 729 2278 48
748 2222 888 2295 ἀνέγνων]
911 2221 1038 2293 ἀνέγνωΙ
1070 2224 1111 2280 Cf.
1130 2233 1177 2292 513

166 2308 234 2375 LIX,
250 2312 292 2364 53.
313 2338 345 2346 —
365 2301 436 2380 κᾷθ’
454 2304 539 2367 οὕτως
557 2304 622 2360 Bk.:
643 2300 714 2358 καθ’
731 2303 818 2366 οὕτως
835 2321 878 2373 pr.
892 2303 922 2370 S,
942 2303 991 2356 καὶ
1009 2302 1074 2357 τόθ’
1091 2304 1178 2368 οὕτως

166 2405 235 2443 corr.
254 2387 272 2442 S
290 2386 352 2454 Dd,
372 2388 420 2441 καὶ
439 2383 526 2446 οὕτως
542 2401 569 2438 τ.
592 2416 619 2424 -
648 2383 676 2438 εέ
696 2385 748 2437 καί
767 2402 809 2444 τις
832 2378 969 2450 ἐπεχείρει
986 2382 1062 2454 (br.)]
1086 2383 1113 2438 εἰ
1130 2396 1180 2438 καί

165 2487 207 2529 τις
225 2463 372 2538 έβοέλετοῖ
391 2497 424 2506 -
448 2467 486 2519 49
504 2463 552 2518 καὶ
571 2466 637 2516 ante
656 2463 693 2533 μὴ
712 2466 811 2517 θεῖναι
834 2477 888 2517 om.
906 2479 948 2529 pr.
969 2462 986 2516 S
1006 2465 1035 2515 et
1055 2462 1086 2519 Ο.
1122 2466 1177 2518 Τὸν

166 2543 253 2614 νόμον
273 2545 312 2608 εἰς
330 2548 394 2608 τοὺς
411 2565 437 2599 ν.
456 2544 504 2598 καὶ
523 2541 560 2612 μὴ
578 2546 676 2596 θεῖναι
695 2566 730 2587 ω
749 2550 843 2595 πᾶσαν
863 2539 948 2609 ἀφῄρ.
964 2551 1068 2595 σαυτοῦ
1083 2562 1176 2613 σνγγν.

170 2625 228 2693 Τὴν
247 2628 313 2678 ante
333 2644 425 2695 σνγγν.
441 2640 495 2679 om.
510 2639 573 2675 cum
586 2620 622 2684 A;
643 2620 677 2674 cf.
693 2621 740 2689 IV,
755 2626 779 2675 Ι.
795 2651 827 2660 -
843 2620 881 2674 50
893 2617 921 2690 (ἢ
941 2620 971 2692 ἡ]
991 2621 1008 2689 ἡ
1028 2621 1054 2689 S,
1074 2620 1091 2689 ἢ
1105 2624 1176 2679 1³¹an

168 2735 200 2745 ·-
220 2706 256 2759 51
277 2706 354 2770 εἴπερ
373 2720 442 2759 corr.
462 2703 492 2771 S,
511 2720 550 2757 v.=
570 2698 603 2754 εἰ.
636 2700 677 2754 Cf.
695 2708 711 2764 ξ
727 2710 751 2755 4.
767 2706 813 2762 963
833 2699 892 2766 XX,
907 2705 955 2763 41;
974 2700 1074 2768 XXIII,
1088 2707 1131 2756 86.
1143 2735 1176 2745 -

167 2783 232 2838 secl.
252 2781 319 2837 ποτέ
335 2782 405 2852 (bn).
422 2813 453 2822 -
470 2783 505 2836 52
524 2777 719 2851 (ἐγνωσμένον
737 2797 779 2847 pr.
795 2778 832 2848 S.)
846 2810 880 2818 -
899 2787 947 2847 τῆς
965 2778 1101 2848 ἡμετέρας
1115 2784 1177 2850 εάη-

166 2865 251 2924 θείας
268 2863 332 2917 Lex.
352 2860 472 2916 Vindob.
492 2866 534 2927 62,
554 2870 583 2924 4ς
602 2860 652 2913 sed
671 2868 720 2928 τῆς
739 2861 777 2914 εὐ.
797 2866 845 2926 τῆς
863 2859 938 2926 ὑμετ.
959 2858 1045 2911 etiam
1059 2860 1110 2915 Bk.
1124 2861 1176 2915 An.

167 2949 210 3009 91,
225 2948 268 2998 24.
283 2973 316 2981 -
335 2941 373 2994 58
390 2940 455 3008 περὶ
473 2940 578 2994 τούτων
595 2957 649 2995 om.
663 2939 696 2995 A.
712 2969 744 2980 -··
763 2939 801 2993 55
819 2937 904 2992 πάλιν
916 2940 1175 3009 0111.Α.-(καεω-

167 3023 278 3090 στησηι
297 3021 314 3074 S
334 3021 409 3092 [eum
429 3018 509 3087 signo
529 3035 612 3088 super
631 3019 753 3072 alterum
771 3017 801 3089 η]
819 3016 864 3087 A.)
882 3047 915 3058 -
939 3019 1003 3080 τοὺς
1023 3017 1178 3087 προέδρονς

167 3101 260 3168 Dobr,
280 3099 343 3155 coll.
361 3105 394 3164 ξς
413 3104 455 3155 39.
476 3106 523 3165 84;
543 3098 592 3152 sed
610 3117 636 3154 v.
655 3097 742 3152 etiam
761 3103 804 3152 89.
827 3128 856 3135 -
876 3096 914 3150 56
932 3097 1016 3151 ἅλων
1035 3114 1099 3155 sen:
1120 3097 1177 3152 έπε-

167 3201 217 3247 ρον
235 3180 306 3251 (bn).
333 3178 404 3232 Item
423 3185 438 3242 ς
457 3184 491 3232 59
505 3195 556 3248 pro
577 3178 660 3232 ἄλλον
680 3177 709 3230 in
722 3177 746 3229 A
761 3175 855 3245 ἕτερον
875 3179 930 3241 est,
949 3175 985 3231 ef.
999 3174 1086 3229 etiam
1100 3184 1115 3240 ξ
1129 3181 1176 3243 443

167 3261 265 3326 XXIII,
280 3262 323 3313 58.
344 3291 374 3297 --
394 3255 531 3330 Sadame]
551 3257 685 3320 ὁπόσαις
701 3257 738 3327 S.)
756 3287 790 3298 -·-
809 3258 844 3310 57
866 3257 1039 3316 ἀκούσαντες
1057 3253 1093 3309 ἂν
1112 3273 1176 3311 sen:

167 3339 203 3394 ἀν
225 3339 398 3398 ἀκούσαντες
424 3336 488 3406 (br.)
511 3367 543 3377 -
567 3337 615 3390 καὶ
635 3339 664 3390 τί
678 3354 716 3389 v.:
742 3336 790 3390 καὶ
814 3354 854 3404 pr.
880 3335 898 3390 S
920 3336 960 3405 (τί
979 3335 1045 3391 add.
1068 3334 1098 3387 in
1120 3353 1177 3405 mg,

166 3419 255 3489 com).
283 3416 324 3474 ef.
339 3417 401 3484 XX,
422 3423 483 3473 157.
505 3447 534 3456 --
556 3414 639 3485 νόμος
657 3415 765 3470 οὑτοσὶ
785 3415 878 3479 codd,
901 3432 927 3471 v.
945 3413 1030 3479 Add.;
1055 3413 1123 3467 item
1142 3414 1177 3469 de
