2644 4182
180 181 202 240 4
495 180 555 234 XX.
579 177 861 231 ΔΗΜΟΣΘΕΝΟΤΣ

180 342 321 405 σύστασιν
340 351 393 406 τού
411 342 523 406 οἰκείου
541 339 744 424 συμφέροντος
761 340 922 422 ἐξεύρηται,
944 340 995 403 λ’να
1011 333 1189 420 φαίνηταιὸ

132 434 330 513 οάντίάικος
351 438 404 502 τὸν
426 436 643 518 Δημοσθένους
665 440 789 520 είσάγων
812 439 915 519 νόμον.
959 435 1064 520 τίγάρ
1087 434 1103 499 ό
1127 439 1190 515 Δη-

180 533 349 616 μοσθένους
366 535 502 616 βούλεται
521 534 626 615 νόμος;
645 534 696 609 τὰς
715 533 836 616 δωρεὰς,
854 535 925 609 ὅσας
944 532 960 597 ό
980 534 1074 614 δῆμος
1089 531 1191 612 έάωκε,

179 631 285 711 κυρίας
306 625 397 710 εἰναι,
419 630 490 704 τούς
512 627 544 691 δέ
567 628 686 711 ἔχοντας
708 633 878 713 κρίνεσθαι,
901 626 954 712 ἵν’,
976 632 1004 694 εἰ
1025 628 1080 712 μέν
1101 627 1190 709 ἀξιοι,

179 725 294 808 ἔχωσιν,
316 729 343 790 εἰ
365 725 397 790 δέ
420 727 546 803 ἀναξίως
568 724 644 808 ἔχειν
666 728 794 809 δοκοῖεν,
815 726 998 811 ἐλεγχθέντες
1018 726 1189 810 ἀφαιρεθῶ-

178 841 237 886 σιν.
273 823 387 888 οὐκοῦν
410 822 500 898 αὐτὸς
520 820 536 886 ό
555 825 707 905 Λεπτίνης
724 824 776 888 τὸν
794 823 1012 906 Δημοσθένους
1030 823 1124 904 νόμον
1142 845 1190 885 κε-

178 923 321 1003 κύρωκεν.
356 922 386 983 τί
405 919 461 1003 γὰρ
479 920 606 982 αἰτιᾶται
622 916 687 984 κατ’
707 920 797 1004 ἀρχὰς
815 921 924 997 εὐθύς,
948 921 993 984 ὅτι
1009 919 1114 984 πολλοὶ
1130 928 1190 982 τῶν

178 1017 343 1097 εἰληφότων
361 1015 436 1079 είσίν
450 1015 574 1092 ἀνάξιοι.
604 1015 716 1081 οὐκοῦν
729 1016 851 1100 ἔχειτὸν
864 1017 1082 1100 Δημοσθένους
1095 1016 1190 1098 νόμον

179 1112 233 1176 τὸν
254 1113 325 1188 τούς
348 1112 488 1189 ἀναξίους
510 1113 691 1196 ἰκκρίνοντα.
726 1113 777 1176 καί
797 1113 847 1176 διὰ
864 1124 951 1178 τοῦτο
967 1123 1119 1196 πανταχοῦ
1136 1137 1189 1175 κα-

179 1208 347 1293 τέσπαρται·
371 1208 387 1273 ό
410 1209 465 1293 γὰρ
488 1209 581 1284 πολύς
603 1208 670 1292 περί
692 1209 785 1274 αὐτοῦ
805 1211 891 1294 λόγος
908 1211 1001 1285 έθίζει
1018 1211 1088 1285 τούς
1106 1211 1189 1272 δικα-

140 1326 167 1368 εο
180 1307 251 1382 στὰς
272 1306 347 1390 πρὸς
368 1306 424 1387 τὴν
445 1316 500 1370 τού
522 1307 616 1388 νόμον
640 1306 711 1388 μετὰ
729 1306 835 1389 μικρὸν
853 1305 1029 1390 ἀνόγνωσιν.
1066 1305 1139 1370 ἰδὼν
1158 1303 1190 1368 δέ

180 1403 226 1466 ότι
247 1405 398 1485 Λεπτίνης
425 1403 540 1467 ἐκεῖνον
565 1401 622 1484 έχει
645 1401 723 1482 [τὸν]
747 1404 935 1486 ίσχυρότατον
957 1404 1061 1487 λόγον,
1087 1401 1128 1478 ὡς
1151 1401 1189 1464 ἀν

180 1501 213 1565 οἰ
227 1501 438 1564 πλουσιώτατοι
456 1505 652 1583 λειτουργῶσι,
670 1498 755 1580 ἀτελῆ
773 1501 888 1580 μηδένα
904 1495 992 1580 εἰναι,
1015 1499 1052 1564 οὐ
1070 1502 1181 1579 ταύτην
1190 1513 1246 1564 456

180 1595 271 1678 ίθηκε
289 1595 518 1680 προηγουμένην
535 1596 699 1676 ἀντίθεσιν,
722 1596 794 1659 ἀλλὰ
813 1597 867 1678 τὴν
885 1602 1091 1661 λυσιτελούσαν
1109 1597 1189 1684 αὐτῷ

181 1693 230 1756 καί
253 1693 309 1774 τὴν
331 1693 494 1774 μέλλουσαν
516 1691 663 1775 εἰσφέρειν
685 1692 738 1757 τόν
759 1717 818 1777 παρ
822 1689 947 1757 ἀὐτοῦ
970 1694 1074 1776 νόμον.
1118 1694 1190 1757 όταν

180 1791 236 1912 γὰρ
259 1788 360 1878 λέγη(
361 1789 421 1852 ικαί
442 1791 536 1877 τούτφ
558 1790 681 1878 πλείστφ
702 1792 893 1878 χρήσεταιτοῖ
912 1789 1020 1879 λόγρο“,
1041 1792 1190 1870 σοφίζεται

180 1887 250 1961 τούς
273 1886 449 1961 ἀκούοντας·
480 1885 571 1950 οὐ
539 1911 595 1969 γαρ
616 1895 656 1974 τῷ
680 1887 746 1970 περί
768 1898 826 1950 τῶν
849 1887 979 1964 ἀναξίων
1000 1892 1097 1975 πολλῷ
1120 1911 1190 1970 χρη-

181 1999 260 2045 σεται
282 1981 368 2069 λόγῳ,
390 1980 462 2043 ἀλλά
484 1988 524 2069 τῷ
548 1983 684 2062 δηλονότι
706 1986 857 2058 σπανίζειν
879 1984 934 2065 τὴν
951 1985 1038 2048 πόλιν
1055 1950 1115 2047 τάν
1133 1990 1191 2047 λει-

180 2080 396 2161 τουργούντων,
418 2078 468 2141 καί
489 2085 530 2166 τῷ
553 2079 715 2162 συμφέρειν
735 2080 923 2162 μετατιθέναι
940 2081 992 2155 τὰς
1010 2083 1191 2164 λειτουργίας

181 2175 239 2240 ἀπὸ
263 2186 322 2240 τῶν
344 2175 464 2258 ἀπόρων
487 2177 529 2250 εἰς
551 2177 621 2250 τούς
644 2177 798 2260 εὐπόρους.

142 2299 167 2342 u
262 2271 345 2336 ’Ἐστι
367 2271 399 2336 δέ
416 2272 449 2336 τὸ
468 2270 522 2352 μέν
534 2267 690 2347 ἐίύοςτού
708 2276 797 2356 λόγου
816 2275 981 2354 δικανικόν,
1002 2275 1078 2357 εἴγε
1095 2276 1192 2357 κρίσις

181 2370 262 2435 έστίν
283 2369 332 2434 έπί
354 2376 394 2457 τῷ
418 2367 552 2456 νόμρι,·ἡ
576 2369 608 2433 δέ
630 2393 662 2452 γε
683 2372 739 2451 ύλη
757 2374 837 2434 πᾶσά
854 2372 914 2435 έστι
932 2373 1031 2453 διπλῆ,
1052 2372 1102 2435 καί
1120 2375 1191 2436 ταύ-

182 2459 278 2549 τηςὴ
302 2467 356 2548 μέν
373 2467 434 2530 έστι
452 2467 601 2547 δικανική,
622 2464 642 2546 ἡ
662 2465 694 2530 δέ
712 2469 955 2550 συμβουλευτική.
986 2469 1084 2551 εύροις
1103 2465 1132 2530 δ’
1152 2468 1191 2531 ἂν

182 2563 253 2629 οὐδέ
274 2574 479 2646 πανηγυρικῆς
502 2564 582 2638 ίύέας
605 2563 786 2646 ἀμοιροῦντα
807 2566 859 2628 τὸν
881 2566 984 2647 λόγον,
1006 2566 1039 2630 έν
1061 2561 1106 2640 οίς
1128 2589 1192 2629 πει-

182 2673 268 2746 ρᾶται
294 2663 450 2741 σεμνύνειν
476 2661 599 2725 ἕκαστον
621 2672 681 2724 τῶν
703 2661 873 2744 εὐεργετῶν·
908 2662 1036 2746 καὶγὰρ
1058 2663 1192 2726 ἐνταῦθα

182 2757 316 2840 οὐρήσεις
342 2755 410 2832 ἀξια
436 2767 495 2821 τῶν
522 2756 641 2840 ἀνδρῶν
668 2759 809 2841 ἐγκώμια,
836 2758 886 2822 καί
908 2760 1014 2841 λόγους
1036 2759 1192 2840 εὐφήμους

182 2854 381 2938 ἁρμόττοντας
398 2861 462 2929 ταῖς
479 2854 601 2917 ἐκείνων
618 2859 768 2939 πράξεσιν,
786 2852 851 2919 οἷον
869 2855 909 2931 ὡς
928 2857 999 2918 ὅταν
1017 2855 1190 2942 έμπομπεύγ

182 2961 245 3027 τοῖς
268 2952 410 3025 Κόνωνος
437 2950 487 3014 καί
510 2954 663 3034 Χαβρίου
657 2955 882 3036 κατορθώμασι
905 2953 1038 3028 καὶτοῖς
1058 2948 1190 3035 Ἐπικέρ·

184 3052 256 3125 ὐους
278 3049 328 3112 καί
350 3058 409 3111 τῶν
428 3048 461 3112 έκ
482 3051 582 3120 Θάσου
600 3051 663 3113 καί
669 3053 825 3133 Κορίνθου
843 3051 894 3114 καί
910 3053 1081 3125 Λεύκωνος.
1112 3050 1191 3158 ἰτέον

184 3145 216 3210 ὐί
238 3147 287 3211 έπί
308 3145 363 3226 τήν
386 3148 577 3229 μεταχείρισιν
600 3159 652 3212 τοῦ
676 3149 788 3232 λόγου.

262 3400 402 3484 ’Λνύρες
429 3401 596 3483 δικασταί,
623 3401 764 3485 μάλιστα
777 3396 908 3486 ,μέν”
874 3425 982 3468 εινεκα
1005 3410 1066 3468 τοῦ
1088 3405 1247 3486 νομί-457

185 3509 251 3574 ἰειν
285 3505 469 3586 συμφέρειν
504 3507 666 3573 λελύσθαι
697 3508 755 3573 τὸν
787 3511 908 3588 νόμον,
945 3503 1016 3574 εἶτα
1046 3506 1101 3574 καλ
1130 3518 1192 3574 τοῦ

14 3793 156 3864 Α
