2590 3900
188 144 254 208 304
498 147 582 198 XXV.
605 143 885 199 ΔΗΜΟΣΘΕΝΟΤΣ

190 307 351 390 Θεωρίδα,
374 306 436 389 τήν
453 308 619 390 Λημνίαν,
642 307 704 389 τήν
722 308 925 391 φαρμακίδα,
946 302 1002 371 καὶ
1020 305 1126 390 αὐτὴν
1144 303 1200 372 καὶ

148 412 224 477 εοτὸ
252 409 348 493 γένος
375 421 442 477 πᾶν
468 411 691 494 ἀπεκτείνατε,
719 420 822 478 ταῦτα
844 413 957 496 λαβὼν
978 412 1019 476 τά
1042 412 1201 495 φάρμακα

188 514 243 582 καὶ
269 518 326 594 τάς
353 516 481 606 ἐπῳδάς
507 518 596 601 παρὰ
623 527 680 601 τῆς
706 521 911 602 θεραπαίνης
937 517 1052 600 αὐτῆς,
1080 517 1100 600 ή
1123 517 1195 582 κατ’

187 621 314 707 ἐκείνης
331 621 398 689 τότ’
421 622 596 709 ἐμήνυσεν,
620 623 653 702 ἐξ
671 618 776 708 ήσπερ
798 624 816 690 6
835 624 1000 707 βάσκανος
1019 618 1116 700 οὗτος
1133 636 1252 688 ονε-794

187 730 434 813 παιδοποίηται,
463 730 663 814 μαγγανεύει
685 728 740 795 καὶ
763 732 929 813 φενακίζει
952 728 1006 795 καὶ
1029 731 1108 806 τοὺς
1130 728 1200 794 ἀπι-

188 837 332 918 λήπτους
354 833 459 919 φησὶν
483 836 611 918 ίᾶσθαι,
637 835 736 912 αὐτὸς
760 835 808 902 ὢν
830 835 1007 919 ἐπίληπτος
1028 835 1116 920 πάση
1140 856 1200 900 πο-

187 944 296 1027 νηρίᾳ.
341 934 440 1016 οὗτος
462 933 524 1006 οὖν
547 940 650 1007 αὐτὸν
674 939 894 1025 ἐξαιρήσεται,
923 941 941 1007 6
964 941 1152 1025 φαρμακδς,
1181 939 1199 1007 6

188 1049 317 1131 λοιμός,
345 1044 385 1111 ὃν
408 1040 590 1112 οίωνίσαιτ’
616 1047 658 1112 ἀν
679 1069 730 1122 τις
753 1051 879 1130 μᾶλλον
903 1048 1000 1130 ίδών,
1024 1045 1044 1130 ή
1067 1064 1199 1131 προσει-

188 1161 262 1218 πείν
285 1152 452 1234 βούλοιτο,
475 1149 512 1228 δς
535 1151 634 1228 αὐτὸς
656 1149 745 1239 αὑτῷ
767 1151 920 1218 θανάτου
937 1155 1121 1237 τετίμηκεν,
1145 1154 1198 1219 ὅτε

187 1258 346 1341 τοιαύτην
368 1258 465 1342 δίκην
488 1259 613 1341 ἔλαχεν.

147 1384 174 1426 ει
281 1365 324 1428 Τί
347 1357 410 1427 οὖν
437 1363 555 1429 λοιπὸν
583 1358 609 1428 ὦ
633 1363 752 1446 ἀνδρες
775 1359 963 1446 Ἀθηναίοις
992 1361 1132 1430 ἀκοινά
1155 1366 1198 1449 νή

188 1471 257 1535 Δία
283 1477 385 1534 πᾶσιν
412 1468 551 1552 ὑπάρχει
572 1479 642 1544 τοῖς
665 1467 919 1552 ἀγωνιζομένοις
941 1471 1029 1554 παρὰ
1050 1480 1108 1554 τῆς
1131 1483 1199 1538 τῶν

188 1577 298 1640 ἀλλων
326 1574 373 1667 ὑμ
447 1575 593 1658 φάσεως,
621 1571 678 1639 καὶ
704 1573 816 1651 οὐδεὶς
843 1574 942 1651 αὐτὸς
968 1573 1073 1664 ἑαυτῷ
1096 1587 1198 1644 ταῦτα

189 1679 282 1764 φέρει
304 1663 376 1793 τφδ
393 1677 612 1764 κρινομένων,
636 1676 708 1744 ἀλλ’
730 1678 824 1764 ὑμῶν
847 1678 983 1757 ἕκαστος
1007 1683 1091 1765 ἔχων
1111 1689 1198 1748 οίκο-

187 1792 252 1852 θεν
278 1787 420 1870 ἔρχεται,
450 1787 545 1850 ἔλεον
573 1785 774 1869 συγγνώμην
802 1790 1069 1871 φιλανθρωπίαν.
1116 1788 1199 1854 ἀλλά

187 1893 316 1958 τούτων
347 1886 379 1975 γ’
410 1888 484 1957 οὐδ’
516 1891 611 1957 ὅσιον
644 1887 723 1957 οὐδὲ
753 1889 852 1974 θέμις
883 1900 928 1979 τῷ
957 1900 1063 1982 μιαρῷ
1091 1895 1198 1983 τοάτφ

188 2000 398 2084 μεταδοῦναι.
445 1997 501 2063 διά
527 2000 574 2075 τί;
603 1997 654 2061 ὅτι
682 1996 722 2062 δν
750 1994 792 2061 ἀν
814 1996 913 2074 αὐτὸς
935 1996 1071 2075 ἕκαστος
1093 2002 1199 2084 νόμον

187 2114 227 2191 τῇ
236 2153 251 2176 ε,
260 2105 360 2189 φύσει
392 2104 473 2169 κατά
500 2102 634 2168 πάντων
663 2105 735 2188 ἔχη,
766 2103 888 2168 τούτου
914 2104 1091 2189 τυγχάνειν
1117 2103 1195 2190 παρ’

148 2232 175 2274 εν
189 2210 329 2278 ἑκάστου
352 2210 479 2285 δίκαιός
501 2207 648 2274 ἐστικαὶ
671 2207 778 2284 αὐτός.
814 2205 877 2273 τίν’
904 2203 967 2274 οὖν
989 2212 1096 2295 νόμον
1119 2212 1198 2296 ὑμῖν

187 2315 208 2400 ή
231 2319 306 2381 τίνα
328 2316 490 2398 βούλησιν
513 2315 601 2398 ἔχειν
621 2311 870 2397 Ἀριστογείτων
891 2314 1124 2382 κατὰπάντων
1143 2318 1198 2382 δο-

187 2432 252 2500 κεῖς
280 2418 389 2504 πότερ’
417 2419 638 2504 εὐτυχοῦντας
665 2418 748 2502 ὁρᾶν
775 2417 830 2484 καὶ
857 2417 895 2483 ἐν
922 2418 1119 2508 εὐδαιμονία
1143 2421 1198 2488 καὶ

187 2536 311 2612 χρηστή
335 2525 414 2611 δόξῃ
439 2526 629 2608 διάγοντας;
654 2522 709 2590 καὶ
731 2527 767 2588 τί
783 2527 1052 2607 ποιῶν“ζήσεται;
1076 2528 1116 2592 τὰ
1134 2530 1197 2612 γάρ

186 2635 391 2710 τῶν-λίθων
418 2633 501 2696 κακά
528 2640 649 2696 τοῦτον
673 2629 796 2715 τρέφει.
842 2629 967 2695 οὐκοῦν
990 2629 1026 2696 ἐν
1049 2635 1198 2718 κρίσεσιν

187 2738 242 2806 καὶ
269 2739 373 2821 ἀγῶσι
400 2737 455 2803 καὶ
479 2748 641 2820 πονηραῖς
663 2738 783 2813 αἰτίαις
806 2735 952 2813 ἅπαντας
974 2731 1060 2802 εἶναι
1082 2740 1198 2822 βούλε-

187 2865 253 2912 ται·
276 2854 378 2911 ταῦτα
395 2854 546 2928 γεωργεῖ,
568 2837 662 2908 ταῦτ’
684 2842 860 2928 ἐργάζεται.
896 2843 914 2909 6
935 2839 972 2908 δὲ
989 2847 1086 2921 ποῖός
1102 2868 1153 2922 τις
1172 2841 1197 2910 ὧ

188 2952 307 3037 ἄνδρες
326 2947 499 3033 Ἀθηναῖοι
521 2944 645 3014 καλοῖτ’
668 2947 710 3014 ἀν
734 2949 867 3024 δικαίως
890 2948 907 3014 6
931 2951 1196 3036 τρισκατάρατος,

188 3057 206 3125 6
229 3058 341 3134 κοινὸς
364 3054 494 3140 ἐχθρὸς,
517 3055 536 3121 6
558 3065 639 3120 πᾶσι
658 3056 833 3138 δυσμενής,
857 3054 921 3142 ὄτφ
940 3057 1019 3139 μήτε
1038 3064 1080 3139 γῆ
1099 3055 1198 3140 φέροι

188 3164 330 3246 καρπόν,
365 3156 438 3247 μήτ’
469 3162 684 3228 ἀποθανόντα
716 3158 859 3240 δίξαιτος
893 3161 954 3245 οὐχ
987 3161 1005 3227 6
1032 3172 1196 3241 τοιοῦτος;

148 3288 175 3328 ετ
189 3270 292 3351 ἔγωγε
314 3271 444 3352 νομίζω.
480 3271 571 3345 τίνος
594 3263 631 3332 δὲ
655 3267 851 3352 συγγνώμης
873 3266 893 3351 ή
917 3269 1023 3334 ποίων
1044 3266 1146 3333 ἐλέων
1165 3268 1203 3333 oc

189 3372 514 3457 σεσυκοφαντημένοι
532 3377 747 3457 τετυχήκασιν
765 3374 853 3455 παρὰ
872 3373 1005 3454 τούτου,
1030 3364 1080 3449 οἷς
1100 3368 1198 3452 οὗτος

189 3475 339 3540 θανάτου
362 3486 463 3542 πᾶσιν
486 3477 607 3562 ἐτιμᾶτ’
630 3477 667 3544 ἐν
689 3476 837 3544 τουτοισὶ
859 3488 929 3554 τοῖς
953 3456 1187 3563 δικαστηρίοις,
1199 3491 1247 3541 ⁷95
