2616 3910
167 242 235 305 424
454 245 563 300 xxxv,
587 243 890 316 [Διοιοεοεαουε]

169 401 322 470 δικασταί
349 403 496 471 ἐνταῦθα
522 403 577 470 καὶ
602 403 809 486 ἐπεδείξαντο
832 405 972 489 μάλιστα
995 405 1057 488 τὴυ
1079 404 1179 488 ῦβριυ

167 507 223 574 καί
249 510 311 593 τὴν
339 511 511 577 ἀναίδειαν
537 511 598 595 τήν
626 509 767 594 ἑαυτῶν,
794 507 851 576 καί
878 511 928 577 ότι
955 507 1035 576 οὐδὲ
1061 511 1179 595 μικρὸν

167 626 345 700 προσεῖχον
367 626 437 693 τοῖς
456 617 625 701 γράμμασι
643 607 969 702 τοῑςγεγραμμέυοις
987 615 1024 682 έν
1042 625 1081 701 πή
1101 632 1179 698 συγ-

166 731 291 806 γραφῇ,
311 718 382 786 ἀλλ’
399 720 544 805 ἡγοῦντο
561 717 648 788 εἶναι
660 723 722 806 τήν
736 723 935 807 συγγραφήν
949 723 1057 798 ἀλλος
1070 721 1180 787 ῦθλον

167 823 221 891 καὶ
233 830 411 910 φλυαρίαν.
428 827 504 893 οῦτε
515 827 579 911 γδρ
590 827 821 913 ἀντηγόρασαν
834 825 936 894 οὐδὲν
950 825 988 893 έν
1001 836 1047 915 τῷ
1059 830 1180 914 Πόντῳ

167 931 244 997 οῦτε
267 930 547 1018 ἀντεφορτίσαντο
572 934 654 1000 ὥστε
677 934 771 1016 ἄγειν
788 927 960 1015 Ἀθήναζε·
982 933 1075 1017 ἡμείς
1093 955 1126 998 τε
1147 933 1184 998 οί

168 1038 380 1116 δανείσαντες
397 1038 437 1102 τὰ
455 1040 604 1123 χρήματα
622 1039 772 1123 ἡκόντων
791 1039 902 1104 αὐτῶν
919 1039 1049 1104 τούτων
1067 1037 1103 1104 ἐκ
1118 1048 1181 1104 τοῦ

168 1145 304 1209 Πόντου
322 1143 385 1209 οὐκ
404 1150 535 1229 είχομεν
553 1143 633 1210 ότου
652 1143 891 1229 ἐπιλαβοίμεθα
910 1137 983 1210 οὐδ’
1004 1144 1083 1211 ὅτου
1100 1169 1181 1228 κρα-

166 1258 291 1332 τοῖμεν,
310 1247 373 1326 ἕως
390 1251 612 1332 κομισαίμεθα
629 1248 670 1312 τὰ
683 1242 813 1333 ἡμέτερ’
829 1247 953 1314 αὐτῶν·
972 1246 1046 1314 οὐδ’
1065 1248 1181 1314 ὁτιοῦν

166 1354 230 1438 γάρ
267 1356 445 1438 είσήγαγον
478 1355 525 1432 είς
555 1353 615 1420 τὸν
646 1352 763 1437 λιμένα
794 1354 853 1421 τὸν
884 1353 1045 1439 ὑμέτερον
1077 1349 1180 1421 οὗτοι.

16 1448 19 1461 ’
124 1477 153 1518 ιι
167 1458 251 1524 ἀλλά
277 1462 492 1543 πεπόνθαμεν
519 1461 715 1524 καινότατον
743 1454 769 1523 ὁ
797 1460 917 1544 ἀνδρες
945 1460 1110 1526 δικασταί
1142 1460 1180 1527 ἐν

166 1566 229 1649 γάρ
261 1574 301 1652 τη
332 1568 426 1631 πόλει
457 1572 497 1648 πή
529 1561 669 1651 ἡμετέρᾳ
700 1565 827 1648 αὐτῶν,
859 1562 960 1630 οὐδέν
988 1565 1181 1644 ἀδικοῦντες

167 1667 246 1736 οὐδὲ
275 1672 372 1755 δίκην
399 1670 588 1754 ὠφληκότες
611 1669 771 1754 οὐδεμίαν
793 1670 939 1754 τούτοις,
959 1675 1181 1756 σεσυλήμεθα

166 1777 206 1841 τά
232 1772 360 1861 ἡμέτερ’
388 1775 498 1841 αὐτῶν
523 1775 587 1841 ὑπὸ
614 1779 825 1860 Φασηλιτῶν,
854 1776 965 1862 ὥσπερ
989 1776 1180 1861 δεδομένου

166 1887 278 1948 συλῶν
308 1885 509 1966 Φασηλίταις
539 1877 610 1946 κατ’
638 1875 834 1966 Ἀθηναίων.
880 1881 1016 1947 ἐπειδάν
1042 1885 1105 1967 γὰρ
1133 1885 1178 1968 μὴ

165 1985 312 2056 θέλωσιν
340 1986 524 2053 ἀποδοῦναι
552 1985 573 2051 ἀ
600 1988 737 2070 ἔλαβον,
766 1989 802 2052 τί
826 1987 868 2051 ἀν
894 2010 944 2064 τις
972 1988 1052 2053 ἀλλο
1080 1985 1176 2073 ὄνομ’

166 2096 235 2178 ἔχοι
264 2091 390 2158 θέσθαι
416 2101 462 2180 τῷ
490 2092 645 2178 τοιοάτφ,
678 2089 698 2176 ἡ
727 2092 779 2157 ὅτι
805 2091 1029 2177 ἀφαιροῦνται
1054 2096 1111 2180 βίᾳ
1138 2095 1180 2160 τὰ

166 2198 336 2283 ἀλλότριας
364 2196 428 2281 ἐγὼ
456 2193 517 2282 μὲν
545 2194 617 2262 οὐδ’
645 2196 768 2280 ἀκήκοα
796 2199 926 2265 πώποτε
949 2208 1082 2284 πρᾶγμα
1105 2224 1180 2285 μια-

166 2307 329 2389 ράτερον,
360 2303 381 2388 ἡ
413 2301 432 2370 ὁ
460 2297 554 2369 οὗτοι
583 2302 863 2388 διαπεπραγμένοι
891 2301 955 2368 είσὶ
981 2303 1055 2389 περὶ
1082 2304 1179 2389 ἡμᾶς,

165 2408 221 2477 καλ
238 2406 336 2475 ταῦθ’
359 2408 599 2495 ὁμολογοῦντες
618 2412 732 2491 λαβεῖν
749 2402 827 2489 παρ’
848 2407 942 2494 ἡμῶν
960 2411 1001 2475 τὰ
1017 2413 1177 2495 χρήματα

126 2535 152 2576 ει
167 2517 228 2582 ὅσα
261 2512 321 2602 μέν
352 2516 416 2599 γάρ
449 2513 721 2598 ἀμφισβητήσιμά
752 2512 822 2579 έστι
851 2525 918 2580 τῶν
946 2519 1236 2600 συμβολαίων,9εε

166 2627 305 2707 κρίσεως
329 2624 434 2688 δεῖται
456 2615 483 2685 δι
507 2620 626 2704 ἀνδρες
649 2621 817 2686 δικασταί·
846 2621 886 2685 τά
910 2617 947 2687 δὲ
969 2619 1045 2707 παρ’
1072 2621 1179 2707 ἀμφο-

167 2728 272 2814 τέριον
299 2724 551 2812 ὁμολογηθέντα
573 2736 640 2790 τῶν
663 2723 928 2810 συντιθεμένων,
954 2725 1009 2792 καὶ
1032 2726 1107 2813 περὶ
1130 2724 1181 2794 ὧν

167 2830 357 2919 συγγραφαί
379 2821 505 2898 κεῖνται
523 2834 687 2914 ναυτικαί,
710 2831 803 2908 τέλος
821 2834 908 2916 ἔχειν
926 2832 1067 2910 άπαντες
1084 2839 1180 2916 νομί-

168 2944 270 3023 ζουσι,
288 2937 343 3004 καί
361 2944 507 3024 χρῆσθαι
524 2940 683 3022 προσήκει
701 2949 771 3014 τοῖς
789 2938 1036 3023 γεγραμμένοις.
1070 2939 1121 3005 ὁτι
1141 2938 1179 3006 δέ

165 3047 248 3114 κατὰ
274 3047 337 3130 τήν
364 3044 564 3129 συγγραφήν
591 3037 664 3108 οὐδ’
696 3043 810 3109 ὁτιοῦν
837 3047 1069 3128 πεποιήκασιν,
1102 3043 1175 3111 ἀλλ’

166 3153 271 3228 εὐθὺς
298 3148 352 3216 ἀπ’
380 3150 481 3235 ἀρχής
508 3149 684 3234 ἀρξόμενοι
707 3148 945 3234 ἐκακοτέχνουν
966 3153 1019 3215 καὶ
1043 3150 1177 3236 ἐπεβού-

166 3263 266 3324 λευον
294 3252 398 3341 μηδὲν
426 3252 516 3339 ὑγιές
538 3266 661 3338 ποιεῖν,
689 3255 754 3320 ὑπό
776 3278 811 3320 τε
834 3267 901 3321 τῶν
923 3256 1099 3341 μαρτύρων
1122 3254 1180 3322 καὶ

24 3428 25 3437 ,
167 3360 262 3430 αὐτοὶ
284 3359 343 3445 ὑφ’
371 3359 498 3428 ἑαυτῶν
522 3360 710 3446 ἐλέγχονται
734 3360 855 3428 οὑτωσὶ
878 3373 1083 3446 καταφανῶς.

24 3469 25 3474 ’
126 3488 153 3528 ιε
247 3466 289 3533 ’Ὸ
307 3464 344 3534 δέ
362 3468 497 3533 πάντων
517 3469 707 3532 δεινότατον
727 3467 922 3552 διεπράξατο
938 3468 1103 3551 Λάκριτος
1121 3469 1182 3535 οὑ-

26 3576 27 3584 ’
167 3575 251 3654 τοσί,
275 3574 329 3637 δεί
349 3573 434 3656 ὑμᾶς
456 3573 608 3638 ἀκοῦσαι·
632 3567 730 3650 οὗτος
752 3574 816 3658 γάρ
838 3567 882 3656 ἡν
905 3572 923 3639 ὁ
946 3573 1052 3638 πάντα
1074 3583 1184 3641 ταῦτα
