2616 3910
256 179 356 257 ΠΡΟΣ
374 177 535 231 nomon
554 179 642 230 ΠΕΡΙ
660 179 823 230 ΠΡΟΙΚΟΣ
842 178 1036 230 ΜΗΤΡΩΙΑΣ.
1083 178 1150 242 495

140 337 256 417 πρᾶξις
275 336 412 420 ἐγένετο.
449 334 503 402 καὶ
522 336 627 415 οὕτως
645 337 664 403 ό
682 341 788 422 πατήρ
806 361 871 422 μου
887 339 942 403 διὰ
955 340 1017 421 τήν
1032 337 1152 405 ἑαυτοῦ

139 445 323 526 πρόκλησιν
341 440 564 526 άναγκασθείς
583 443 729 528 ἐμμεῖναι
748 453 788 529 τῇ
803 445 922 529 διαίτη,
942 442 993 508 ἐπὶ
1008 440 1069 528 μέν
1082 455 1153 522 τοῖς

140 547 373 632 γεγενημένοις
394 547 571 632 ἠγανάκτει
591 547 648 614 καί
670 547 797 633 βαρέως
819 551 927 634 ἔφερε,
952 546 1007 614 καὶ
1025 551 1072 626 εἰς
1090 550 1152 633 τήν

141 654 250 718 οἰκίαν
277 650 350 720 οὐδ’
381 653 426 732 ὣς
453 653 665 733 εἰσδέξασθαι
691 655 830 731 τούτους
856 655 1012 738 ἠξίωσεν,
1040 657 1087 731 εἰς
1114 651 1151 720 δὲ

140 761 219 835 τοὺς
242 761 407 844 φράτερας
429 760 626 844 ἠναγκάσθη
645 760 842 843 εἰσαγαγεῖν.
879 758 934 825 καὶ
951 770 1072 826 τοῦτον
1090 755 1153 844 μὲν

100 887 127 927 τι
141 863 301 949 ἐνέγραψε
326 869 490 947 Βοιωτόν,
517 868 576 931 τὸν
604 859 635 930 δ’
661 865 775 950 ἕτερον
799 867 988 951 Πάμφιλον.
1034 862 1090 950 έμό
1118 860 1148 930 δ’

141 970 246 1048 εὐθὺς
274 973 387 1037 ἔπειθε
413 969 489 1055 περὶ
517 965 727 1036 ὀκτωκαίδεκ’
758 974 813 1056 ἐτη
840 971 1063 1056 γεγενημένον
1090 973 1152 1055 τήν

122 1075 307 1160 Ἑίδφήμου
329 1085 432 1160 γήμαι
452 1075 633 1161 θυγατέρα,
656 1080 860 1160 βουλόμενος
880 1078 1000 1153 παῖδας
1018 1076 1051 1156 ἐξ
1070 1076 1151 1158 ἐμοῦ

141 1179 342 1265 γενομένους
366 1181 501 1247 ἐπιδεῖν.
546 1181 609 1264 ἐγὼ
634 1180 664 1247 δ’
692 1178 717 1247 ὦ
742 1183 861 1266 άνδρες
884 1181 1036 1247 δικασταὶ
1058 1186 1151 1266 νομί-

63 1279 66 1283 ’
143 1291 207 1367 ζων
226 1288 298 1352 δεῖν
315 1284 371 1352 καί
388 1290 551 1372 πρότερον
568 1284 624 1352 καί
642 1287 754 1372 ἐπειδή
772 1282 865 1354 οὗτοι
880 1287 1025 1354 ἐλύπουν
1040 1287 1143 1352 αὐτὸν
1154 1304 1223 1353 1012

143 1394 349 1477 δικαζόμενοι
371 1390 426 1458 καί
448 1393 623 1478 πράγματα
644 1391 852 1478 παρέχοντες,
875 1389 931 1478 ἐμὲ
953 1394 1153 1459 τούναντίον

142 1499 336 1583 εὐφραίνειν
371 1499 499 1564 ἅπαντα
535 1493 692 1565 ποιοῦνθ’
727 1497 777 1566 όσ’
813 1498 926 1587 ἐκείνφ
962 1506 1152 1584 χαριεῖσθαι

100 1624 128 1666 ιε
142 1602 309 1689 μέλλοιμι,
332 1603 493 1688 ἐπείσθην
516 1603 614 1692 αὐτῷ.
660 1608 826 1688 γήμαντος
849 1604 888 1670 δέ
909 1627 974 1689 μου
996 1607 1056 1671 τὸν
1077 1608 1152 1690 τρό-

141 1732 207 1775 πον
228 1719 360 1792 τοῦτον,
384 1709 508 1786 ἐκεῖνος
530 1705 591 1794 μὲν
613 1711 650 1775 τὸ
673 1711 860 1794 θυγάτριόν
882 1733 939 1794 μοι
959 1709 1081 1776 ἐπιδὼν
1099 1735 1152 1793 γε-

141 1818 301 1901 νόμενον,
329 1815 370 1880 οὐ
397 1820 532 1891 πολλοῖς
559 1818 665 1881 ἐτεσιν
688 1815 828 1900 ὕστερον
851 1815 1064 1902 ἀρρωστήσας
1087 1816 1152 1882 ἐτε-

142 1923 313 2004 λεύτησεν·
341 1920 406 2004 ἐγὼ
434 1917 465 1986 δ’
492 1916 518 1987 ὦ
546 1922 666 2003 ἄνδρες
692 1919 842 1987 δικασταὶ
866 1925 986 2000 ζῶντος
1008 1919 1069 2006 μέν
1091 1933 1153 1988 τοῦ

142 2029 265 2112 πατρὸς
287 2023 389 2092 οὐδὲν
413 2025 506 2114 ήίμην
530 2027 601 2092 δεῖν
624 2026 861 2093 ἐναντιοῦσθαι
879 2027 980 2115 αὐτῷ,
1002 2032 1152 2112 τελευτή-

142 2150 262 2208 σαντος
288 2128 318 2196 δ’
346 2131 474 2199 ἐκείνου
497 2131 710 2217 εἰσεδεξάμην
732 2155 767 2198 τε
790 2133 929 2210 τούτους
952 2135 999 2210 εἰς
1019 2135 1082 2216 τήν
1104 2135 1152 2198 οἰ-

141 2241 218 2304 κίαν
240 2234 384 2303 καὶτῶν
407 2241 515 2305 όντων
537 2238 692 2305 ἁπάντων
714 2237 891 2323 μετέδωκα,
916 2239 977 2324 οὐχ
996 2240 1040 2316 ὡς
1058 2239 1153 2304 ἀδελ-

142 2354 221 2428 φοῖς
248 2338 346 2408 οὖσιν
373 2340 467 2430 (οὐδὲ
494 2347 558 2430 γδιρ
585 2344 679 2429 ὑμῶν
701 2347 780 2421 τοὺς
802 2347 946 2421 πολλοὺς
968 2348 1154 2428 λελήθασιν

143 2449 183 2515 δν
214 2451 339 2533 τρόπον
372 2443 465 2515 οὗτοι
493 2447 702 2538 γεγόνασιν),
735 2453 878 2534 νομίζων
907 2448 936 2516 δ’
969 2449 1153 2533 ἀναγκαῖον

143 2550 233 2620 εἶναί
252 2577 324 2638 μοι,
347 2554 459 2636 ἐπειδή
483 2553 501 2620 ὀ
523 2557 630 2638 πατήρ
653 2555 857 2639 ἐξηπατήθη,
880 2557 1059 2621 πείθεσθαι
1081 2568 1152 2633 τοῖς

104 2683 131 2722 ιι
143 2663 259 2744 νόμοις
287 2670 357 2736 τοῖς
382 2658 559 2744 ὑμετέροις.
604 2658 659 2724 καί
687 2659 793 2735 οὕτως
820 2655 876 2723 ὑπ’
909 2658 990 2744 ἐμοῦ
1017 2663 1065 2738 εἰς
1090 2663 1153 2744 τήν

145 2769 254 2832 οἰκίαν
271 2763 507 2849 εἰσδεχθέντες,
531 2767 575 2843 ὡς
594 2764 778 2850 ἐνεμόμεθα
795 2767 836 2830 τά
854 2774 1000 2854 πατρῷα,
1021 2767 1153 2846 ἀξιοῦν-

143 2895 200 2948 τος
225 2871 306 2954 ἐμοῦ
329 2870 510 2954 ἀπολαβεῖν
532 2873 593 2954 τήν
616 2879 673 2954 τής
695 2872 817 2955 μητρός
838 2881 959 2954 προῖκα
982 2872 1154 2939 ἀντενεκά-

143 2983 227 3044 λουν
248 2974 305 3042 καί
328 2972 433 3060 οὗτοι,
454 2973 509 3042 καί
531 2979 660 3061 ἔφασαν
684 2977 881 3060 ὀφείλεσθαι
903 2975 957 3042 καί
980 2987 1019 3062 τῇ
1043 2978 1153 3044 αὑτῶν

143 3081 242 3170 μητρὶ
259 3084 321 3168 τήν
339 3089 416 3166 ίσην
433 3093 562 3166 προῖκα.
599 3083 921 3166 συμβουλευσάντων
941 3081 971 3148 δ’
989 3083 1068 3168 ἡμῖν
1085 3096 1154 3150 τῶν

142 3193 328 3273 παρόντων,
352 3189 391 3252 τά
414 3184 475 3272 μὲν
498 3189 581 3253 άλλα
603 3188 710 3253 πάντα
733 3188 944 3272 ἐνειμάμεθα,
967 3189 1029 3272 τήν
1052 3186 1082 3252 δ’
1106 3191 1153 3254 οἰ-

142 3299 219 3361 κίαν
242 3294 296 3361 καί
319 3297 398 3370 τοὺς
420 3295 540 3370 παῖδας
556 3295 636 3369 τοὺς
655 3295 832 3370 διακόνους
850 3303 910 3360 τοῦ
928 3295 1051 3376 πατρὸς
1069 3293 1153 3372 ἐξαι-

103 3421 129 3464 ιτ
143 3400 259 3487 ρέτους
282 3399 524 3484 ἐποιησάμεθα,
548 3395 592 3463 ἵν’
619 3397 654 3464 ἐκ
677 3395 738 3482 μὲν
759 3408 818 3483 τής
840 3401 959 3481 οἰκίας,
983 3397 1153 3482 ὁποτέροις

143 3506 185 3572 άν
212 3506 306 3591 ἠμῦν
334 3509 489 3590 φαίνηται
520 3504 718 3588 ὀφειλομένη
745 3504 765 3587 ἠ
793 3502 904 3589 προίξ,
933 3498 1026 3569 οὗτοι
1049 3504 1154 3584 αὐτήν
