2644 4182
493 459 593 511 ΠΡΟΣ
611 461 813 512 ΔΕΠΤΙΝΗΝ.
1139 460 1160 522 9

107 637 133 678 ιο
147 613 294 703 εὑρήσετ’
321 620 425 696 οὔσας
447 622 605 703 βελτίους.
641 623 674 686 τά
697 646 726 686 τε
745 623 800 705 γάρ
819 622 860 703 μή
880 619 941 704 μετ’
959 623 1103 706 αἰσχύνης
1120 621 1162 697 ὡς

146 729 343 791 κολακεύοντα
374 729 551 810 λαμβάνειν,
582 725 645 790 ἀλλ’
675 728 709 791 ἐν
741 729 876 814 ἰσηγορίᾳ
910 723 1047 792 δοκοῦντ’
1077 727 1161 804 άξιάν
1198 757 1199 762 ’

146 857 227 908 τινος
245 829 322 897 εἶναι
339 841 484 916 τιμᾶσθαι
501 843 560 897 τῶν
578 840 676 897 καλῶν
694 834 764 914 ἐστι,
785 834 817 897 τά
837 830 871 897 δ’
892 834 952 898 ὑπὸ
970 843 1029 898 τῶν
1049 832 1160 915 ὁμοίων

146 939 275 1003 δκάντων
306 942 529 1021 θαυμάζεσθαι,
560 951 613 1005 τοῦ
640 941 721 1024 παρά
746 952 800 1005 τοῦ
828 941 971 1004 δεσπότου
999 942 1161 1022 λαμβάνειν

147 1044 249 1110 δτιοῶν
271 1054 403 1129 κρεῖττον
425 1041 501 1109 εἰναι
524 1048 614 1110 δοκεῖ.
649 1045 738 1129 παρά
762 1041 822 1128 μὲν
847 1045 919 1128 γάρ.
935 1045 1074 1122 ἐκείνοις
1092 1048 1161 1128 μεί-

148 1153 211 1228 ζων
234 1147 325 1215 ἐστὶν
348 1149 367 1216 δ
390 1159 451 1216 τοῦ
473 1148 651 1235 μέλλοντος
674 1152 782 1234 φόβος
803 1159 860 1234 τῆς
878 1151 1050 1233 παρούσης
1068 1152 1161 1235 χάρι-

146 1279 217 1338 τος,
246 1257 336 1340 παρά
363 1250 395 1320 δ’
419 1254 501 1340 ὑμῖν
529 1257 634 1333 ἀδεῶς
661 1255 703 1321 ἀν
731 1257 816 1342 λάβῃ
842 1280 892 1332 τις
920 1259 1007 1340 ἔχειν
1034 1256 1160 1340 ὑπῆρχε

107 1377 132 1420 ιτ
145 1363 206 1427 τὸν
224 1371 309 1445 γοῦν
327 1361 430 1428 ἀλλον
449 1365 579 1447 χρόνον.
615 1362 633 1427 ὁ
651 1365 769 1428 τοίνυν
787 1363 848 1446 τήν
866 1365 978 1427 πίστιν
996 1361 1150 1445 ἀφαιρῶν
1160 1372 1212 1422 462

146 1478 214 1533 τῶν
237 1468 387 1553 δωρειῶν
410 1470 513 1552 νόμος
536 1463 644 1550 οὗτος,
669 1459 695 1557 β
719 1470 810 1556 μάνην
833 1472 1002 1553 κρείττους
1021 1466 1106 1534 εἰσὶν
1125 1469 1163 1534 αί

145 1571 223 1658 παρ’
245 1573 341 1658 ὑμῶν
359 1571 505 1658 δωρειαὶ,
523 1569 612 1639 τοῦτ’
634 1574 831 1658 ἀφαιρεῖται.
868 1577 975 1639 καίτοι
993 1585 1060 1639 τῶν
1079 1573 1160 1638 άπα-

147 1690 217 1745 σῶν
239 1673 279 1764 ής
302 1681 344 1745 ἀν
365 1703 458 1757 τινος
479 1683 645 1757 πολιτείας
667 1681 704 1746 τὸ
728 1683 921 1765 κομίζεσθαι
943 1683 1022 1756 τοὺς
1040 1681 1160 1756 εὔνους

145 1796 218 1861 τοίς
248 1790 458 1851 καθεστῶσιν
488 1786 586 1870 χάριν
617 1784 746 1872 ἐξέλῃς,
779 1785 820 1852 σά
851 1787 975 1872 μικράν
1006 1786 1161 1869 φυλακήν

147 1891 259 1957 αὐτῶν
281 1891 406 1975 ταύτην
429 1891 609 1976 ἀφῃρηκὼς
632 1895 708 1956 ἔσει.

107 2015 133 2056 1⁸
241 1997 329 2082 Τάχα
356 1999 473 2063 τοίνυν
501 2003 580 2073 ἰσως
606 1996 714 2062 ἐκεῖνο
742 1994 852 2081 λέγειν
879 1994 921 2063 ἀν
944 1996 1160 2081 ἐπιχειρήσειε

147 2106 323 2186 Λεπτίνης,
347 2102 484 2186 ἀπάγων
501 2101 587 2186 ὑμᾶς
606 2102 670 2168 ἀπὸ
688 2103 826 2186 τούτων,
848 2103 893 2179 ὡς
911 2105 949 2169 αἰ
965 2106 1159 2189 λῃτουργίαι

147 2218 212 2274 νῦν
238 2205 300 2292 μὲν
326 2211 374 2286 εἰς
396 2206 538 2292 πένητας
560 2208 763 2293 ἀνθρώπους
785 2211 952 2293 ἔρχονται,
980 2209 1017 2275 ἐκ
1039 2205 1077 2274 δὲ
1100 2216 1161 2274 τοῦ

147 2319 255 2399 νόμου
281 2315 404 2381 τούτου
429 2317 716 2400 λῃτουργήσουσιν
739 2315 775 2380 οἰ
794 2316 1045 2381 πλουσιώτατοι.
1090 2317 1160 2381 ἔστι

149 2419 186 2488 δὲ
213 2417 310 2487 τοῦδ’
337 2419 459 2512 οὑτωσί
482 2417 543 2503 μὲν
565 2419 706 2485 ἀκοῦσαι
729 2421 831 2503 λόγον
853 2419 916 2486 τιν’
943 2423 1033 2505 ἔχον·
1069 2421 1101 2486 εἰ
1123 2419 1164 2486 δέ

146 2551 197 2604 τις
215 2521 287 2593 αὔτ’
305 2527 448 2609 ἀκριβῶς
466 2525 625 2606 ἐξετάσειε
644 2527 769 2603 ψεῦδος
788 2522 831 2590 ἀν
849 2529 979 2609 φανείη.
1013 2523 1078 2591 εἰσί
1095 2526 1160 2610 γάρ

148 2634 257 2719 δήπου
283 2630 360 2717 παρ’
388 2631 467 2715 ήμῑν
497 2632 534 2697 αί
558 2655 592 2698 τε
615 2642 683 2697 τῶν
705 2635 866 2715 μετοίκων
889 2633 1083 2716 λῃτουργίαι
1105 2628 1160 2696 καί

148 2741 186 2804 αἰ
200 2742 375 2820 πολιτικαί,
395 2733 443 2803 ὧν
461 2735 624 2821 ἑκατέρων
642 2735 732 2803 ἐστὶν
750 2747 820 2813 τοῖς
838 2735 1033 2821 εὑρημένοις
1051 2736 1071 2820 ή
1089 2735 1160 2802 ἀτί-

148 2850 234 2928 λεια,
257 2845 301 2930 ήν
323 2838 422 2920 οὗτος
444 2843 641 2928 ἀφαιρεῖται.
686 2844 839 2926 τῶνγὰρ
863 2844 910 2918 εἰς
932 2843 991 2908 τὸν
1014 2845 1160 2925 πόλεμον

147 2950 203 3017 καί
230 2953 292 3036 τήν
319 2952 487 3034 σωτηρίαν
508 2957 567 3032 τῆς
588 2952 714 3026 πόλεως
737 2950 905 3033 εἰσφορῶν
927 2944 983 3013 καὶ
1004 2971 1159 3032 τριηραρ-

148 3068 244 3143 χιῶν,
272 3057 385 3140 ὀρθῶς
410 3053 466 3121 καὶ
494 3056 629 3131 δικαίως
657 3055 768 3131 οὐδείς
795 3048 860 3119 ἐστ’
887 3053 1002 3137 ἀτελής
1030 3054 1065 3119 ἐκ
1092 3064 1160 3118 τῶν

147 3168 298 3230 παλαιῶν
315 3162 440 3245 νόμων,
465 3155 537 3226 οὐδ’
559 3159 619 3237 οὓς
637 3155 735 3237 οὗτος
753 3162 887 3243 ἔγραψε,
909 3163 988 3236 τοὺς
1006 3157 1063 3244 ἀφ’
1086 3155 1159 3246 Ἀρ·

111 3287 135 3326 ιν
148 3268 276 3353 μοδίου.
324 3268 523 3351 σκεψώμεθα
551 3267 592 3349 δή
617 3270 710 3345 τίνας
732 3267 812 3350 ήμῑν
834 3267 977 3332 εἰσποιεῖ
996 3269 1159 3350 χορηγοὺς

148 3375 196 3451 εἰς
217 3373 345 3450 ἐκείνας
366 3375 425 3449 τάς
447 3377 661 3457 λῃτουργίας,
684 3369 738 3438 καί
761 3374 896 3453 πόσους,
920 3369 962 3436 ἀν
985 3372 1028 3455 μή
1052 3373 1159 3455 τούτῳ

148 3478 371 3563 προσέχωμεν,
391 3479 521 3564 ἀφήσει.
552 3480 587 3544 οἰ
602 3475 663 3561 μὲν
681 3481 798 3544 τοίνυν
813 3478 1056 3544 πλουσιώτατοι
1069 3501 1158 3562 τριη-

148 3594 349 3670 ραρχοῦντες
376 3583 428 3650 ἀεὶ
450 3595 518 3650 τῶν
539 3595 705 3668 χορηγιῶν
729 3582 853 3659 ἀτελεῖς
876 3582 1098 3667 ὑπάρχουσιν,
1127 3584 1161 3649 οἰ

149 3684 181 3756 δ’
202 3690 325 3757 ἐλάττω
348 3702 415 3755 τῶν
439 3690 563 3756 ἰκανῶν
580 3688 782 3774 κεκτημένοι,
805 3689 867 3772 τήν
886 3687 1069 3772 ἀναγκαίαν
1088 3689 1158 3756 ἀτέ-

149 3801 241 3861 λειαν
263 3798 408 3880 ἔχοντες,
436 3795 497 3874 ἔξω
520 3805 580 3859 τοῦ
607 3794 723 3872 τέλους
750 3792 836 3860 εἰσὶν
863 3796 997 3860 τούτου·
1034 3795 1158 3860 οὐκοῦν

1315 3879 1317 3996 λ
