2614 3904
174 120 240 186 354
477 122 574 177 XXIX.
597 121 877 176 ΔΗΜΟΣΘΕΝΟΤΣ

172 274 270 367 γματ’
296 281 379 348 αὐτὰ
404 280 534 362 διεξιὼν
557 277 649 367 οἶμαι
672 281 796 370 ῥηιδίως
818 281 898 366 ύμῖν
921 281 1113 366 ἐπιδειῖιιν,
1140 284 1203 348 δι·

132 406 160 450 ιε
173 382 317 456 καιότατ’
344 388 534 473 ἀνθρώπων
557 395 677 454 τοῦτον
700 387 877 472 ὠφληκότα
900 389 961 472 τήν
984 388 1096 472 δίκην,
1125 388 1200 474 οὐχ

173 492 225 560 δτι
246 495 305 560 τὸν
327 494 465 560 Μιλύαν
488 491 635 561 ἐκώλυον
657 496 862 577 βασανίζειν,
890 492 964 560 οὐδ’
991 495 1043 560 δτι
1064 503 1199 560 τοῦτον

172 597 355 682 ἐλεύθερον
378 599 601 684 ὡμολόγησεν,
626 600 662 665 οδ
680 595 717 666 δέ
735 599 898 686 μάρτυρες
916 597 980 667 οἷδ’
1003 599 1197 686 ἐμαρτύρη·

173 721 252 788 σαν,
275 702 347 771 ἀλλ’
374 704 427 771 ότι
448 706 555 772 πολλὰ
577 716 645 772 τῶν
668 705 757 791 ἐμῶν
780 703 960 792 ἐξηλέγχθη
984 707 1105 791 λαβών,
1130 705 1196 774 καὶ

172 812 232 878 τὸν
259 805 353 878 οἷκον
381 811 444 878 οὐκ
471 810 637 897 ἐμίσθωσε
665 823 732 879 τῶν
758 814 872 898 νόμων
898 815 1102 879 κελευόντων
1131 810 1194 878 καὶ

172 918 377 1002 τοῦπατρὸς
400 916 437 983 ἐν
458 925 498 1002 τῇ
523 918 669 1004 διαθήκη
692 919 892 1003 γράψαντος,
916 918 960 996 ὡς
983 917 1047 1002 ἐγὼ
1069 929 1194 1002 σαφῶς

172 1021 253 1106 ὑμῖν
271 1021 437 1102 ἐπιδείξω*
457 1031 560 1089 ταῦτα
578 1019 639 1108 μὲν
657 1025 720 1108 γάρ
739 1019 782 1108 ήν
800 1033 902 1091 πᾶσιν
922 1026 1016 1107 ἰδεῖν,
1036 1023 1071 1090 οδ
1085 1027 1192 1108 νόμοι

172 1126 227 1195 καὶ
255 1130 292 1194 τὸ
320 1134 449 1212 πλῆθος
472 1124 520 1196 ὧν
543 1123 638 1195 ούτοι
661 1130 885 1214 διηρπάκεσαν
907 1131 1097 1216 χρημάτων·
1125 1131 1191 1195 τὸν

172 1233 311 1300 Μιλύαν
334 1228 365 1299 δ’
386 1227 459 1300 οὐδ’
481 1235 571 1313 ὅστις
592 1237 683 1301 ἐστιν
706 1232 817 1313 οὐδεὶς
839 1234 921 1322 ᾔδει.
958 1236 1130 1318 γνώσεσθε
1151 1232 1185 1300 δ’

172 1337 209 1405 ἐκ
240 1349 306 1404 τῶν
334 1338 580 1423 ἐγκεκλημένων
608 1340 658 1405 δτι
686 1334 784 1406 ταῦθ’
816 1339 921 1418 οὕτως
948 1335 1053 1426 ἔχοντ’
1084 1339 1188 1408 ἐστίν.

133 1467 160 1510 ιο
257 1442 340 1528 Ἐγὼ
373 1447 436 1534 γάρ
469 1442 494 1512 δν
527 1447 646 1531 ἄνδρες
674 1443 824 1512 δικασταὶ
851 1447 913 1530 τήν
941 1446 1038 1531 δίκην
1065 1449 1187 1534 ἔλαχον

171 1549 278 1640 τούτφ
297 1559 355 1634 τής
373 1551 549 1637 ἐπιτροπῆς
568 1552 628 1636 οὐχ
647 1551 684 1618 ἓν
703 1555 825 1636 τίμημα
844 1556 992 1635 συνθείς,
1014 1553 1122 1635 ὥσπερ
1142 1555 1187 1618 ἄν

172 1681 222 1734 τις
242 1668 467 1742 συκοφαντεῖν
486 1657 670 1742 ἐπιχειρῶν,
694 1655 765 1723 ἀλλ’
788 1655 927 1724 ἕκαστον
946 1657 1111 1746 ἐγγράψας
1129 1658 1186 1724 καὶ

172 1765 279 1828 πόθεν
303 1764 413 1846 λαβὼν
437 1761 492 1830 καὶ
515 1765 620 1830 πόσον
643 1765 685 1855 τὸ,
704 1768 834 1847 πλῆθος
855 1761 910 1829 καὶ
928 1767 1016 1849 παρὰ
1034 1773 1105 1845 τοῦ,
1129 1763 1184 1830 καὶ

173 1867 324 1953 οὐδαμοῦ
347 1870 407 1934 τὸν
425 1869 563 1934 Μιλύαν
585 1868 780 1954 παρέγραψα
804 1870 848 1947 ὡς
868 1871 980 1936 εἰδότα
997 1893 1029 1935 τι
1047 1871 1184 1937 τούτων.

133 1996 158 2036 τι
173 1976 263 2040 ἐστιν
295 1969 357 2040 οὖν
388 1983 449 2040 τοῦ
480 1970 541 2059 μὲν
573 1973 774 2060 ἐγκλήματος
807 1975 889 2060 άρχή
921 1969 1021 2059 ,,τάδ’
1055 1976 1187 2059 ἐγκαλεῖ

174 2079 396 2165 Δημοσθένης
419 2076 565 2169 Ἀφόβῳ·
599 2081 662 2164 ἔχει
692 2081 757 2166 μου
784 2077 922 2166 χρήματ’
949 2079 1098 2164 ’Ἄφοβος
1125 2079 1179 2146 ἀπ’

173 2187 350 2272 ἐπιτροπῆς
380 2185 533 2271 ἐχόμενα,
566 2185 772 2268 ὀγδοήκοντα
799 2182 860 2270 μὲν
887 2195 986 2270 μνᾶς,
1017 2185 1060 2270 ήν
1088 2190 1183 2270 ἔλαβε

172 2303 292 2381 προῖκα
319 2300 376 2375 τῆς
403 2292 525 2377 μητρὸς
552 2293 633 2356 κατὰ
660 2293 721 2375 τήν
749 2293 916 2376 διαθήκην
943 2302 1003 2358 τοῦ
1028 2296 1181 2380 πατρός“.

172 2408 271 2466 τοῦτο
297 2398 429 2482 πρῶτόν
458 2395 527 2463 ἐστι
553 2409 621 2463 τῶν
647 2398 840 2483 χρημάτων,
869 2392 917 2464 ὧν
940 2397 1185 2485 ἀπεστερῆσθαί

173 2530 266 2591 φημι.
298 2515 367 2582 τοῖς
386 2500 423 2571 δέ
440 2503 604 2589 μάρτυσιν
621 2507 657 2570 τί
672 2505 930 2590 μεμαρτύρηται;
955 2515 1183 2591 ,μαρτυροῦσι

172 2613 420 2698 παραγενέσθαι
442 2610 525 2696 πρὸς
546 2618 591 2699 τῷ
616 2611 765 2696 διαιτητῇ
788 2611 974 2698 Νοθάρχῳ,
998 2605 1046 2676 ὅτ’
1072 2609 1231 2695 ''Amo-854

172 2720 232 2803 βος
255 2718 416 2802 ὡμολόγει
438 2717 576 2782 Μιλύαν
600 2715 780 2802 ἐλεύθερον
803 2711 903 2800 εἶναι,
928 2715 1096 2800 ἀφεθέντα
1118 2717 1180 2783 ὑπὸ

134 2844 159 2887 ιε
173 2833 233 2891 τοῦ
252 2821 495 2909 Δημοσθένους
513 2823 665 2908 πατρός.“
703 2832 852 2889 σκοπεῖτε
871 2825 987 2888 τοίνυν
1005 2821 1082 2909 παρ’
1105 2823 1180 2908 ύμῖν

174 2929 301 3012 αὐτοῖς,
329 2935 363 2995 εῖ
384 2951 435 3007 τις
462 2927 503 2994 ἂν
530 2928 610 3013 ὑμῖν
637 2928 658 3012 ή
687 2928 796 3015 ῥήτωρ
824 2928 844 3012 ή
873 2929 1034 3013 σοφιστὴς
1061 2927 1082 3014 ή
1105 2932 1181 3013 γόης

174 3035 261 3105 οὕτω
280 3036 469 3121 θαυμάσιος
488 3036 581 3100 δοκεῖ
596 3034 753 3119 γενέσθαι
771 3032 826 3100 καὶ
843 3033 951 3117 λέγειν
965 3035 1085 3118 δεινός,
1104 3033 1177 3106 ὥστ’

174 3141 211 3208 ἐκ
238 3142 358 3226 ταύτης
381 3151 438 3226 τῆς
461 3144 642 3227 μαρτυρίας
665 3139 796 3219 διδάξαι
819 3135 881 3206 τιν’
909 3139 1113 3224 ἀνθρώπων,
1139 3141 1180 3218 ὡς

174 3251 241 3334 ἐχει
268 3251 329 3334 τήν
352 3243 461 3335 προῖκ’
484 3247 631 3333 ’Ἄφοβος
653 3257 710 3333 τῆς
733 3249 854 3333 μητρὸς
876 3255 934 3330 τῆς
956 3244 1085 3313 ἑαυτοῦ.
1129 3245 1180 3312 καὶ

175 3358 210 3419 τί
235 3353 356 3438 λέγων,
386 3351 411 3420 δι
439 3356 521 3440 πρὸς
544 3357 641 3434 Διός;
670 3355 911 3440 »ὡμολόγησεν
938 3347 1024 3418 εἶναι
1047 3352 1179 3418 Μιλύαν

176 3456 393 3545 ἐλεύθερονςί(
416 3459 471 3527 καὶ
491 3463 526 3526 τί
540 3466 667 3547 μᾶλλον
685 3463 770 3548 ἔχων
788 3461 849 3545 τήν
867 3469 1000 3544 προῖκας
1023 3453 1123 3524 οὐδὲν
1140 3456 1179 3524 δν
