2590 3900
163 149 227 214 318
460 152 572 205 xxvn.
595 149 875 202 Δευοαοευοεα

162 314 260 396 τρίτον
283 311 393 392 ὀφείλει
415 323 474 377 τῖον
496 315 665 396 χρημάτων·
687 312 775 376 ἀκαί
794 314 972 392 συντίθησιν
991 310 1007 374 δ
1027 311 1123 394 βήτωρ
1141 310 1175 374 ἐκ

125 425 149 477 ,³
163 433 193 473 τε
218 419 278 472 τῶν
305 409 434 493 ἀρχαίων
460 411 511 474 καί
535 422 587 492 τῆς
609 410 792 492 ἐπικαρπίας.
814 443 859 455 -
881 409 965 472 Κατὰ
985 403 1116 490 Ἀφόβου
1139 413 1174 471 Β.
1286 477 1287 482 1

163 508 246 589 Πρός
268 531 350 581 τινας
372 506 554 589 ἀντιρρήσεις
572 507 761 589 εἰσαγομένας
779 505 838 570 όπό
856 517 909 570 τοῦ
925 502 1068 588 Ἀφόβου,
1087 500 1174 579 οὗτος

163 602 179 665 ό
207 604 293 687 λόγος
320 604 532 688 ἐπηγώνισται,
558 603 614 686 ἔχει
641 602 673 668 δὲ
699 603 749 668 καλ
776 613 835 668 τῶν
859 603 1080 686 προειρημένων
1102 602 1173 667 ἐπα-

162 702 319 784 νάμνησιν.

251 946 296 1010 Εἰ
324 941 385 1029 μέν
412 939 557 1029 ἐβούλετ’
579 943 726 1029 ’Ἀφοβος
754 938 780 1010 ὦ
808 943 927 1029 ἀνδρες
950 942 1102 1010 δικασταί
1125 945 1166 1009 τὰ
1176 954 1229 1006 813

164 1052 274 1116 δίκαια
303 1061 428 1133 ποιεῖν,
460 1051 480 1135 ή
510 1050 585 1136 περὶ
613 1045 660 1116 ὧν
688 1052 918 1135 διαφερόμεθα
944 1061 1014 1127 τοῖς
1041 1052 1176 1128 οίκείοις

164 1154 361 1241 ἐπιτρέπειν,
380 1153 482 1223 οὐδὲν
499 1155 542 1222 δυ
560 1156 628 1222 ἐδει
647 1156 750 1222 δικῶν
769 1152 848 1222 οὐδὲ
866 1158 1079 1242 πραγμάτων·
1098 1157 1176 1224 ἀπέ-

163 1286 225 1348 χρη
258 1264 322 1348 γὰρ
354 1261 397 1329 δν
427 1273 498 1340 τοῖς
529 1260 584 1328 ὑπ’
617 1261 753 1346 ἐκείνων
780 1269 984 1346 γνωσθεῖσιν
1011 1262 1175 1348 ἐμμένειν,

163 1369 247 1434 ὥστε
288 1370 451 1454 μηδεμίαν
486 1367 567 1453 ήμῖν
604 1364 690 1434 εἶναι
726 1371 808 1454 πρὸς
843 1376 962 1434 τοῦτον
999 1370 1175 1455 διαφοράν.

164 1473 276 1558 ἐπειδή
306 1471 336 1540 δ’
363 1469 460 1553 οὗτος
487 1477 565 1552 τοὺς
591 1471 652 1560 μέν
680 1485 794 1560 σαφῶς
821 1474 950 1551 είδότας
977 1475 1018 1539 τὰ
1041 1473 1171 1560 ἡμέτερ’

164 1583 268 1665 έφυγε
290 1577 396 1666 μηδὲν
419 1582 601 1666 διαγνῶναι
625 1578 700 1662 περὶ
724 1580 845 1664 αὐτῶν,
868 1581 916 1658 είς
939 1577 969 1645 δ’
991 1580 1076 1665 ὑμᾶς
1095 1585 1175 1660 τοὺς

165 1683 266 1753 οὐδέν
293 1698 360 1752 τῶν
382 1685 550 1772 ήμετέρων
573 1686 716 1771 ἀκριβῶς
739 1684 976 1769 ἐπισταμένους
999 1685 1173 1772 ἐλήλυθεν,

165 1793 290 1877 ἀνάγκη
319 1791 408 1859 ἐστὶν
436 1791 473 1858 ἐν
499 1792 580 1876 ὑμῖν
602 1790 679 1878 παρ’
707 1792 810 1858 αὐτοῦ
832 1799 1012 1877 πειρᾶσθαι
1034 1804 1103 1858 τῶν
1125 1794 1174 1858 δι-

139 1902 269 1964 ακαίων
295 1899 478 1985 τυγχάνειν.
525 1893 601 1964 οῖδα
627 1895 688 1983 μέν
715 1892 777 1963 οὖν
805 1893 831 1964 ὦ
859 1900 979 1980 ἀνδρες
1011 1900 1173 1984 δικασταί,

165 2005 215 2070 ότι
245 2007 329 2090 πρὸς
356 2005 480 2090 ἀνδρας
506 2003 561 2070 καὶ
589 2003 698 2089 λέγειν
725 2005 860 2082 ίκανοὺς
886 2003 941 2072 καὶ
968 2006 1174 2090 παρασκευά-

165 2117 289 2177 σασθαι
323 2110 531 2196 δυναμένους
562 2113 705 2196 χαλεπόν
737 2110 827 2176 ἐστιν
844 2114 906 2190 ·;ε-ίς
936 2110 1049 2197 ἀγῶνα
1078 2118 1174 2177 καθί-

163 2225 308 2284 στασθαι
330 2214 407 2302 περὶ
429 2228 495 2282 τῶν
519 2217 626 2283 όντων
647 2216 813 2302 ἁπάντων,
837 2218 974 2300 ἀπειρόν
993 2218 1074 2283 ὄντα
1092 2241 1173 2296 παν-

163 2324 283 2389 τάπασι
310 2323 513 2409 πραγμάτων
540 2323 595 2388 διά
618 2323 679 2405 τήν
701 2322 847 2406 ἡλικίαν·
875 2323 963 2409 ὅμως
986 2319 1033 2405 δέ,
1055 2329 1172 2410 καίπερ

163 2433 250 2495 πολὺ
277 2429 405 2494 τούτων
432 2427 685 2512 καταδεέστερος
712 2428 775 2510 ὥν,
802 2429 926 2505 πολλὰς
953 2427 1087 2506 ἐλπίδας
1109 2432 1173 2514 ἔχω

163 2534 218 2600 καὶ
245 2529 322 2620 παρ’
348 2534 429 2618 ὑμῖν
456 2532 631 2611 τεύξεσθαι
658 2544 725 2598 τῶν
753 2534 906 2617 δικαίων,
933 2533 988 2600 καί
1015 2534 1110 2619 μέχρι
1135 2559 1174 2619 γε

163 2649 224 2706 τοῦ
256 2640 296 2705 τά
328 2637 529 2723 γεγενημένα
562 2637 746 2716 διεξελθεῖν
776 2637 832 2704 καλ
862 2639 960 2718 αὐτὸς
986 2640 1175 2726 ἀρκούντως

164 2746 271 2832 ἐρεῖν,
295 2742 379 2810 ὥσθ’
406 2743 491 2830 ὑμᾶς
514 2738 588 2830 μήτ’
615 2743 860 2829 ἀπολειφθῆναι
883 2758 950 2812 τῶν
973 2749 1175 2832 πραγμάτων

164 2849 253 2938 μηδὲ.
270 2845 348 2917 καθ’
374 2849 423 2934 έν,
446 2844 520 2936 μήτ’
542 2849 702 2935 ἀγνοῆσαι
725 2849 800 2937 περὶ
823 2845 872 2917 ὧν
895 2853 1005 2937 δεήσει
1025 2855 1086 2937 τήν
1103 2863 1225 2937 μνῆ-814

136 2976 232 3044 εφον
256 2957 410 3041 ἐνεγκεῖν.
448 2955 563 3041 δέομαι
585 2953 615 3022 δ’
636 2952 777 3040 ὑμῶνῶ
797 2959 916 3044 ἀνδρες
934 2959 1084 3025 δικασταὶ
1102 2954 1170 3045 μετ’

163 3063 295 3140 εὐνοίας
317 3058 346 3128 τ’
372 3063 516 3129 ἀκοῦσαί
534 3086 611 3148 μου,
638 3061 701 3128 κάν
723 3063 903 3147 ἠδικῆσθαι
927 3065 1026 3150 δοκῶ,
1048 3070 1174 3152 βοηθή·

163 3172 223 3235 σαί
245 3193 301 3253 μοι
323 3172 363 3235 τὰ
386 3171 506 3235 δίκαια.
552 3171 731 3254 ποιήσομαι
755 3166 785 3234 δ’
813 3171 857 3248 ὡς
880 3168 922 3236 ἀν
945 3171 1096 3257 δύνωμαι
1119 3174 1174 3239 διὰ

163 3274 377 3359 βραχυτάτων
399 3277 479 3352 τοὺς
502 3277 629 3358 λόγους.
668 3277 750 3341 ὅθεν
774 3269 836 3340 οὖν
855 3275 959 3362 βᾷστα
978 3280 1174 3361 μαθήσεσθε

163 3377 239 3463 περὶ
261 3379 387 3464 αὐτῶν,
411 3380 569 3446 ἐντεῦθεν
592 3382 677 3466 ὑμᾶς
699 3379 756 3447 καλ
779 3381 842 3466 ἐγὼ
865 3393 998 3464 πρῶτον
1020 3385 1173 3466 πειράσο-

164 3506 222 3564 μαι
246 3485 422 3551 διδάσκειν.
