2938 4180
252 138 314 204 196
549 143 649 195 xxm.
673 141 953 195 Δευοεοεαονιι

248 299 304 368 καὶ
325 301 343 368 ὑ
363 301 517 387 Μέντωρ,
542 302 577 367 οί
596 300 752 387 κηδεσταί
769 311 829 369 τοῦ
849 300 1060 384 Ἀρταβάζου,
1083 302 1264 382 ἄνθρωποι

247 406 319 473 νέοι
340 405 395 473 καλ
417 405 612 494 κεχρημένοι
635 408 872 495 ἀπροσδοκήτῳ
897 407 1031 492 εὑτυχία
1048 415 1088 492 τη
1107 414 1168 472 τοῦ
1188 403 1264 491 Ἀρ-

247 515 390 599 ταβάζου
417 516 548 602 κηδείᾳ,
575 518 775 598 βουλόμενοι
801 522 859 597 της
886 514 995 599 χώρας
1017 512 1131 596 ἄρχειν
1155 511 1265 589 εὐθὺς

247 618 285 686 όν
312 622 427 706 εἰρήνη
455 617 510 686 καὶ
531 627 692 704 τιμᾶσθαι
714 617 769 684 καὶ
792 620 836 704 μὴ
860 622 1016 703 πολεμεῖν
1039 613 1122 702 μηδὲ
1145 618 1253 683 κινδυ-

247 727 370 809 νεύειν,
394 728 553 792 πείθουσι
574 727 634 792 τὸν
654 719 851 810 Ἀρτάβαζον
873 733 935 791 τοῦ
956 720 1018 809 μὲν
1040 729 1264 808 τιμωρεῖσθαι

246 832 306 898 τὸν
334 833 529 916 Χαρίδημον
555 829 719 915 άφέσθαι,
749 830 941 896 ἀποστεῖλαι
968 827 999 896 δ’
1030 828 1262 911 ὑπόσπονδον,

247 937 461 1014 διδάσκοντες
483 937 528 1014 όις
550 935 655 1020 ὑμεῖς,
676 934 739 1002 κάν
762 936 888 1014 ἐκεῖνος
906 937 950 1020 μὴ
968 935 1064 1021 θέλη,
1088 935 1262 1018 διαβιβᾶτε

196 1058 235 1100 1³⁸
248 1039 304 1107 καὶ
327 1042 369 1109 ού
391 1043 569 1126 δυνήσεται
586 1042 735 1108 κωλύειν.
773 1043 818 1119 όις
835 1038 871 1108 δέ
890 1043 1045 1126 τυγχάνει
1062 1040 1185 1124 ταύτης
1201 1049 1263 1124 της

247 1146 372 1230 άλόνου
394 1146 449 1214 καὶ
471 1148 724 1232 ἀπροσδοκήτου
742 1150 906 1233 σωτηρίας
924 1146 943 1213 ὁ
962 1147 1164 1231 Χαρίδημος,
1188 1148 1261 1213 δια-

246 1253 307 1335 βάς
334 1255 382 1330 είς
408 1254 469 1337 την
493 1257 707 1338 Χερρόνησον
734 1250 787 1338 ἐφ’
814 1253 918 1319 αὑτοῦ
941 1253 997 1318 διά
1019 1253 1077 1329 τδς
1101 1253 1261 1337 σπονδάς,

246 1360 410 1426 τοσούτου
429 1356 460 1444 γ’
483 1358 618 1444 ἐδέησεν
637 1360 791 1426 ἐπελθεῖν
808 1367 854 1447 τῷ
875 1360 991 1454 Κότυῖ,
1014 1359 1189 1444 γεγραφὼς
1206 1358 1261 1424 ὅτι

246 1463 308 1551 οὑχ
328 1464 490 1549 ὑπομενεῖ
505 1468 615 1544 Κότυς
633 1465 736 1532 αὐτὸν
755 1466 899 1548 ἐπιόντα,
922 1463 1024 1549 ἣτην
1043 1467 1261 1550 Χερρόνησον

246 1571 334 1649 ὅπως
352 1569 518 1656 κομιεῖσθ’
535 1572 628 1656 ὑμεῖς
647 1571 845 1657 συμπρᾶξαι,
865 1572 947 1637 ὥστε
965 1571 1067 1637 πάλιν
1084 1571 1261 1655 μισθώσας

245 1677 348 1744 αὑτὸν
374 1685 420 1766 τῷ
443 1681 564 1762 Κότυῖ,
591 1678 632 1743 τύ
658 1676 824 1743 ὑπόλοιπα
846 1689 914 1743 τῶν
936 1676 1104 1762 ὑμετέρων
1126 1681 1260 1761 χωρίων

245 1783 427 1869 Κριθώτην
453 1782 510 1849 καὶ
534 1780 716 1850 Ἐλαιοῦντ’
743 1782 936 1868 έπολιόρκει.
982 1779 1038 1848 καὶ
1065 1781 1116 1848 ὅτι
1142 1790 1257 1865 ταῦτα,

244 1886 300 1956 καὶ
318 1883 404 1973 ἡνίκ’
424 1885 469 1954 ὑπ’
486 1884 530 1973 ην
547 1888 585 1956 έν
603 1899 642 1974 τῇ
658 1886 750 1974 Ἀσίᾳ
767 1886 822 1954 καὶ
840 1889 902 1972 τὴν
920 1887 1098 1972 ἐπιστολὴν
1116 1890 1260 1972 ἔπεμπεν

244 1995 327 2078 πρὸς
348 1992 450 2076 ὑμᾶς,
473 1991 626 2076 έγνωκδις
647 2002 757 2059 ποιεῖν
780 1990 972 2075 ἐφενάκιζεν
993 1991 1090 2077 ὑμᾶς,
1114 1993 1178 2059 άπὸ
1200 2003 1259 2078 της

245 2098 430 2181 διαβάσεως
459 2097 503 2183 ἣν
535 2099 711 2182 ἐποιήσατο
743 2098 929 2181 γνώσεσθε·
963 2098 999 2164 ἐκ
1025 2099 1088 2183 γάρ
1116 2095 1257 2184 Ἀβύδου

243 2214 302 2288 τῆς
327 2205 386 2270 τὸν
415 2202 540 2270 ἅπανθ’
571 2205 651 2290 ὑμῖν
678 2208 801 2290 χρόνον
829 2204 952 2291 έχθρᾶς
977 2203 1033 2271 καὶ
1061 2205 1145 2272 ὅθεν
1171 2203 1256 2290 ἦσαν

244 2308 282 2376 oc
296 2310 431 2392 Σηστὸν
448 2312 699 2394 καταλαβόντες,
718 2312 765 2386 είς
779 2311 913 2393 Σηστδν
932 2309 1110 2394 διέβαινεν,
1128 2308 1221 2397 ἣν
1189 2337 1256 2398 ειχε

194 2434 232 2477 ιιι
245 2417 363 2492 Κότυς.
407 2419 514 2482 καίτοι
542 2418 586 2501 μὴ
614 2418 761 2500 νομίζετε
788 2409 862 2499 μήτ’
888 2413 930 2481 δν
956 2419 1036 2494 τοὺς
1054 2411 1255 2503 Ἀβυδηνοὺς

183 2520 348 2588 αὑτὸν
374 2520 599 2607 ὑποδέχεσθαι
626 2517 702 2607 μήτ’
727 2516 770 2588 αὖ
797 2524 876 2598 τοὺς
903 2520 940 2589 έν
963 2531 1004 2608 τῇ
1027 2527 1163 2612 Σηστῷ,
1189 2534 1306 2608 τῆςσῖε

245 2627 419 2709 έπιστολης
444 2627 526 2712 ὑμῖν
551 2627 678 2710 ἐκείνης
700 2626 921 2712 πεπεμμένης,
947 2651 963 2693 ε
965 2629 1045 2715 ίμὴ
1068 2627 1254 2716 συνῄδεσαν

244 2732 334 2822 αὑτῷ
353 2737 562 2818 φενακίζοντι
580 2737 664 2816 τότε,
685 2731 741 2799 καί
758 2733 994 2817 συνεξηπάτων
1012 2734 1119 2819 αὐτοί,
1137 2739 1254 2819 βουλό·

244 2861 340 2925 μενοι
362 2847 423 2906 τοῦ
445 2835 506 2923 μέν
530 2840 686 2923 διαβῆναι
706 2841 745 2906 τὸ
769 2836 943 2926 στράτευμ’
967 2840 1052 2925 ὑμᾶς
1074 2854 1253 2927 παρασχεῖν

244 2946 306 3029 την
338 2943 540 3029 ἀσφάλειαν,
578 2947 755 3030 διαβάντος
786 2942 833 3029 δ’,
870 2945 950 3031 ὅπερ
982 2947 1106 3032 συνέβη
1137 2950 1253 3027 δόντος

193 3113 195 3117 .
242 3047 441 3137 Ἀρταβάζου
472 3053 533 3136 την
565 3052 695 3134 άδειαν,
728 3051 841 3129 αὑτοῖς
872 3052 1014 3138 ,ὑπάρξαι
1045 3054 1106 3138 τὴν
1132 3057 1252 3140 χρείαν.

245 3159 295 3224 ὅτι
317 3161 435 3225 τοίνυν
462 3158 550 3226 οὑτω
577 3155 668 3223 ταῦτ’
700 3161 781 3243 ἔχει,
808 3157 882 3242 λέγε
909 3160 966 3236 τδς
993 3158 1180 3244 ἐπιστολάς,
1211 3161 1251 3245 ἣν

243 3260 273 3329 τ’
299 3267 444 3348 ἔπεμψεν
472 3265 596 3342 ἐκεῖνος
622 3260 677 3330 καλ
703 3264 762 3341 τὰς
788 3266 878 3350 παρὰ
904 3276 972 3330 τῶν
995 3264 1165 3350 ἀρχόντων
1186 3277 1250 3341 των

245 3369 281 3436 ἐκ
308 3372 538 3455 Χερρονήσου·
565 3371 739 3454 γνώσεσθε
765 3372 828 3455 γάρ
856 3370 892 3436 έκ
919 3370 1047 3436 τούτων
1075 3371 1126 3436 δτι
1151 3367 1248 3437 ταῦθ’

182 3475 184 3480 ’
246 3474 349 3551 οὕτως
373 3478 445 3558 ἔχει.
1360 3475 1361 3502 ³
