2938 4180
518 235 602 305 Κατ’
620 237 928 326 εειτωοκεανουε.
1160 233 1224 300 201

214 392 272 501 καὶ
301 402 347 484 τῷ
374 391 436 480 μὲν
456 389 678 484 Ἀθηνοδώρῳ
702 395 827 480 συνέβη
852 398 1020 480 διαφεῖναι
1042 397 1103 479 τήν
1126 395 1227 461 δύνα-

215 513 284 586 μιν,
307 498 445 587 χρήματ’
472 501 533 568 ούκ
556 505 665 588 έχοντι
686 499 763 586 παρ’
791 503 885 587 ὑμῶν
908 499 981 568 οὐδ’
1004 501 1160 592 ιἰφορμήν
1182 509 1227 589 τῷ

214 605 359 695 πολέμῳ,
378 617 423 695 τῷ
440 611 570 695 Χαβρίᾳ
589 605 625 675 δέ
644 611 724 693 μίαν
741 617 828 673 ναῦν
842 611 951 692 έχοντι
964 610 1071 692 μόνην
1086 606 1229 690 ἐκπλεῖν,

211 717 251 779 ’τί
270 724 362 779 ποιεῖ
381 715 481 779 πόλιν
499 708 597 791 οὗτος
615 713 634 780 ὁ
653 716 857 798 Χαρίδημος;
882 713 922 792 ἃς
939 708 999 797 μὲν
1019 714 1127 796 ὤμοσε
1146 713 1229 795 πρὸς

214 821 276 885 τὸν
295 817 533 905 Ἀθηνόδωρον
556 823 729 903 συνθήκας
751 821 887 904 ἔξαρνος
908 823 1065 902 γίγνεται,
1092 816 1146 882 καὶ
1169 819 1229 884 τὸν

215 924 473 1012 Κερσοβλέπτην
492 924 668 1008 ἀρνεῖσθαι
686 928 809 1009 πείθει,
828 927 949 1010 γράφει
968 920 998 990 δ’
1017 922 1128 1007 ἑτέρας
1146 924 1229 1007 πρὸς

214 1032 276 1097 τὸν
304 1035 455 1115 Χαβρίαν
482 1033 529 1096 ἔτι
556 1040 624 1096 τῶν
649 1033 733 1114 πρὸς
759 1032 996 1115 Κηφισόδοτον
1027 1027 1230 1112 δεινοτέρας·

216 1136 280 1203 οὐκ
306 1139 391 1221 ἔχων
419 1129 449 1200 δ’
475 1135 601 1212 ἐκεῖνος
616 1132 717 1219 Ιοἶμαι
745 1138 891 1221 δύναμιν
914 1136 1063 1221 στέργειν
1085 1134 1228 1218 ήναγκοί-

155 1263 200 1304 ιιι
217 1245 287 1322 ζετο
310 1241 448 1318 τούτοις.
486 1240 686 1318 ἀκούσαντες
709 1240 739 1306 δ’
763 1242 856 1326 ὑμεῖς
878 1251 992 1324 ταῦτα,
1015 1241 1052 1307 ἐν
1069 1250 1115 1329 τῷ
1135 1241 1228 1328 δήμῳ

215 1350 328 1430 λόγων
360 1345 536 1434 ῥηθέντων
567 1351 700 1412 πολλῶν
731 1345 787 1413 καὶ
818 1359 886 1412 τῶν
917 1352 1099 1430 συνθηκῶν
1125 1369 1230 1429 παρα-

215 1459 489 1536 ναγνωσθεισῶν,
513 1453 589 1518 οὔτε
611 1454 672 1536 τήν
694 1455 844 1538 Χαβρίου
867 1451 969 1530 δόξαν
992 1451 1229 1536 αἰσχυνθέντες

217 1559 295 1626 οὔτε
321 1570 388 1624 τῶν
416 1560 713 1643 συναγορευόντων
741 1558 878 1641 οὐδένα,
907 1559 1219 1642 ἀπεχειροτονήσατε
1229 1570 1281 1622 σῖε

216 1663 273 1743 καὶ
298 1666 419 1742 ταύτας
445 1665 547 1730 πόλιν
573 1665 632 1740 τὰς
658 1667 845 1747 συνθήκας,
872 1661 927 1729 καὶ
954 1667 1139 1748 ψηφίζεσθε
1166 1665 1229 1748 ύή-

217 1787 326 1855 φισμα
344 1770 544 1847 Γλαύκωνος
566 1772 728 1853 εἰπόντος,
752 1769 889 1836 ἑλέσθαι
910 1770 1063 1854 πρέσβεις
1082 1766 1149 1835 δέκ’
1172 1771 1229 1834 δν-

217 1878 300 1961 δρας
322 1877 355 1956 ἐξ
378 1877 472 1961 ὑμῶν
495 1877 616 1957 αὐτῶν,
639 1877 779 1954 τούτους
802 1874 847 1958 δ’,
871 1874 913 1941 διν
936 1873 996 1960 μὲν
1018 1875 1139 1961 ἐμμένη
1157 1885 1230 1952 ταῖς

141 2003 143 2009 ·
216 1982 300 2066 πρὸς
317 1979 553 2066 Ἀθηνόδωρον
573 1985 758 2065 συνθήκαις
776 1981 794 2048 ὁ
813 1981 1074 2066 Κερσοβλέπτης,
1099 1981 1228 2065 ὁρκίσαι

217 2087 318 2153 πόλιν
342 2088 456 2170 αὐτόν,
479 2089 511 2154 εί
532 2083 569 2154 δέ
588 2089 643 2172 μή,
665 2091 754 2172 παρὰ
773 2085 834 2173 μὲν
851 2099 925 2154 τοῖν
944 2089 1041 2153 δυοῖν
1059 2086 1229 2171 βασιλέοιν

217 2194 399 2277 ἀπολαβεῖν
420 2197 500 2271 τοῦς
522 2193 759 2277 όριιους,ιπρὸς
782 2191 813 2259 δ’
835 2193 964 2260 ἐκεῖνον
982 2193 1070 2270 ὅπως
1087 2195 1228 2276 πολεμή-

145 2323 201 2365 us
217 2319 291 2365 σετε
324 2301 554 2382 βουλεύεσθαι.
600 2300 868 2366 ἐκπεπλευκότων
900 2295 937 2365 δὲ
964 2311 1031 2364 τῶν
1058 2298 1229 2383 πρέσβεων

105 2477 113 2506 .›
218 2408 395 2489 συμβαίνει
425 2417 495 2481 τοῖς
526 2408 660 2491 χρόνοις
691 2408 739 2483 είς
769 2403 867 2471 τοῦθ’
900 2398 1059 2489 ύιιηγμέυ’
1093 2406 1156 2491 ήδη
1188 2405 1229 2470 τδ

216 2513 407 2597 πράγματα,
434 2515 618 2598 τριβόντων
644 2514 771 2578 τούτων
794 2510 850 2578 καὶ
873 2512 974 2577 οὐδὲν
997 2511 1126 2577 διπλοῦν
1149 2507 1229 2576 οὐδὲ

218 2619 349 2684 δίκαιον
371 2619 452 2703 ὑμῖν
476 2621 662 2684 ἐθελόντων
684 2619 819 2703 πρᾶξαι,
845 2613 921 2684 ὥστ’
948 2617 1159 2702 ἐβοηθοῦμεν
1181 2620 1229 2695 είς

216 2725 378 2809 Εὔβοιαν,
401 2724 455 2790 καὶ
480 2725 593 2808 Κόρης
612 2719 692 2808 ήκεν
711 2727 795 2809 έχων
813 2727 891 2800 τοὺς
909 2723 1034 2807 ξένους,
1058 2723 1112 2790 καὶ
1131 2741 1228 2808 στρα-

216 2831 316 2915 τηγὸς
342 2827 402 2914 ὑφ’
427 2829 523 2915 ὑμῶν
551 2829 763 2914 αὐτοκράτωρ
786 2833 834 2906 είς
858 2834 1071 2915 Χερρόνησον
1094 2829 1227 2908 ἐξέπλει.

217 2937 305 3003 ούτω
328 2938 451 3021 γριίφει
469 2937 570 3002 πόλιν
588 2939 761 3019 συνθήκας
778 2939 862 3021 πρὸς
878 2939 939 3002 τὸν
958 2937 1103 3021 Καίρητα,
1124 2958 1229 3019 παρα-

216 3041 400 3127 γενομένου
420 3053 481 3108 τοῦ
495 3040 735 3133 Ἀθηνοδίιρου
752 3040 808 3108 καὶ
825 3054 892 3108 τῶν
910 3042 1086 3128 βασιλέων,
1108 3045 1229 3120 ταύτας

217 3150 314 3236 αἴπερ
341 3147 427 3215 είσὶν
454 3151 586 3233 ἄρισται
608 3148 663 3214 καὶ
687 3150 898 3214 δικαιόταται.
943 3146 998 3214 καὶ
1022 3149 1131 3232 έργοις
1154 3146 1228 3213 ἑαυ-

215 3256 276 3321 τὸν
299 3254 479 3339 ἐξήλεγξεν,
502 3255 554 3321 ότι
575 3260 818 3340 καιροφυλακεῖ
837 3255 899 3338 τήν
920 3257 1019 3319 πόλιν
1042 3253 1150 3337 ήμῶν,
1173 3251 1229 3318 καί

156 3356 202 3425 ιιι
217 3357 319 3426 οὐδὲν
338 3359 467 3444 ἁπλοῦν
486 3363 630 3443 ἔγνωκεν
648 3371 757 3426 ποιεῖν
776 3357 849 3425 οὐδ’
873 3366 957 3426 ῖσον.
988 3354 1055 3424 εἷθ’
1074 3359 1115 3425 δν
1134 3355 1224 3440 ὁρᾶτ’
1321 3375 1322 3380 ’

116 3491 119 3496 ’
216 3467 253 3533 ἐκ
276 3475 494 3553 προσαγωγῆς
517 3466 597 3550 ὑμῖν
621 3470 737 3550 φίλον,
765 3464 820 3531 καὶ
844 3467 932 3543 ὅπως
953 3463 995 3530 δν
1018 3464 1103 3549 ὑμᾶς
1127 3467 1228 3530 δύνα-

215 3579 300 3639 σθαι
323 3575 455 3659 νομίζη,
480 3571 568 3638 οὕτω
591 3574 673 3657 πρὸς
694 3573 780 3657 ὑμᾶς
802 3571 934 3648 εὐνοίας
957 3573 1083 3660 έχοντα,
1106 3580 1227 3636 τοῦτον
1330 3603 1332 3608 ·
