2616 3910
174 155 241 219 442
467 155 590 210 xxxvl.
613 153 892 208 ΔΗΜΟΣΘΕΝΟΤΣ

174 317 295 382 Σόλων
322 315 460 392 οὐδενὸς
488 317 592 380 άλλοο
614 311 711 380 ἕνεκα
732 320 845 379 θείναι
868 312 985 395 αὐτόν,
1014 312 1034 396 ἢ
1057 321 1120 378 τοῦ
1144 315 1195 396 μὴ

175 427 459 505 συκοφαντεῖσθαι
487 420 580 504 ὑμᾶς.
625 429 695 497 τοῖς
721 415 782 504 μὲν
804 419 868 503 γάρ
893 418 1125 502 ἀδικουμένοις
1147 420 1196 483 τὰ

174 521 264 592 πέντ’
295 528 349 611 ἔτη
379 526 495 593 ίκανδν
521 519 661 610 ἡγήσατ’
692 520 779 592 εἶναι
807 522 1060 609 είσπράξασθαι
1093 526 1184 589 κατὰ
1197 537 1251 587 953

174 628 212 698 δὲ
243 643 310 699 τῶν
336 629 553 715 ψευδομένων
579 632 639 696 τὸν
666 633 790 716 χρόνον
817 629 949 716 ἐνόμισε
978 634 1195 715 σαφέστατον

173 739 309 822 ἔλεγχον
337 739 481 803 ἔσεσθαι.
526 734 582 802 καὶ
609 731 664 819 ἅμ’
696 735 808 820 ἐπειδὴ
837 735 1004 801 ἀδύνατον
1031 739 1117 818 έγνω
1145 735 1195 801 ὂν

173 843 252 920 τούς
273 866 308 910 τε
332 845 582 927 συμβάλλοντας
603 839 658 907 καλ
680 844 759 918 τοὺς
777 841 945 927 μάρτυρας
964 839 1014 907 άελ
1034 845 1102 924 ζῆν,
1126 843 1195 908 τὸν
1288 869 1293 886 “

173 951 279 1034 νόμον
306 947 380 1016 άντλ
401 949 530 1015 τούτων
552 949 689 1032 ἔθηκεν,
718 948 807 1026 ὅπως
829 947 955 1032 μάρτυς
977 954 1028 1031 είη
1050 956 1112 1012 τοῦ
1137 949 1194 1012 δι-

175 1058 273 1120 καίου
294 1064 364 1132 τοῖς
387 1053 528 1140 ἐρήμοις.

134 1180 161 1221 ιε
264 1161 424 1245 Θαυμάζω
443 1163 559 1226 τοίνυν
578 1154 674 1243 ἔγωγ’
694 1154 721 1225 ὦ
740 1160 861 1242 ἄνδρες
879 1160 1039 1242 δικασταί,
1058 1161 1093 1222 τί
1108 1159 1186 1224 ποτ’

175 1264 265 1332 έστλν
292 1265 314 1331 δ
344 1267 427 1351 πρὸς
452 1262 543 1331 ταῦτ’
575 1264 773 1350 ἐπιχειρήσει
799 1262 909 1348 λέγειν
937 1261 1193 1350 Ἀπολλόδωρος

105 1391 108 1402 ·
175 1371 298 1439 οὑτοσί.
334 1371 460 1457 οὐγὰρ
484 1371 589 1436 ίκείνό
612 1368 643 1454 γ’
667 1370 861 1454 ὑπείληφεν,
885 1369 930 1447 ὡς
952 1369 1055 1454 ὑμεῖς,
1079 1367 1190 1454 μηδὲν

175 1478 316 1563 δρῶντες
339 1479 386 1555 είς
408 1478 556 1562 χρήματα
574 1485 693 1543 τοῦτον
713 1473 925 1559 ἠδικημένον,
948 1473 1110 1561 ὀργιεῖσθ’
1135 1475 1189 1541 ὅτι

172 1585 236 1668 την
267 1578 377 1668 μητέρ’
409 1585 528 1668 ἔγημεν
561 1582 664 1648 αὐτοῦ
695 1585 860 1665 Φορμίων.
906 1581 948 1646 οὐ
979 1582 1043 1666 γάρ
1071 1581 1192 1663 άγνοεῑ

174 1698 288 1772 τοῦτο,
316 1683 389 1755 οὐδ
416 1689 517 1755 αὐτὸν
541 1687 698 1771 λέληθεν,
726 1682 800 1752 οὐδ’
825 1687 919 1771 ὑμῶν
947 1687 1106 1770 πολλούς,
1135 1688 1188 1752 ὅτι

175 1795 355 1879 Σωκράτης
391 1793 410 1861 δ
441 1796 632 1879 τραπεζίτης
663 1792 804 1876 ἐκεῖνος,
840 1795 930 1878 παρά
960 1805 1028 1858 τῶν
1058 1797 1186 1877 κυρίων

175 1899 372 1984 ἀπαλλαγεὶς
404 1901 513 1985 ὥσπερ
542 1899 560 1966 δ
587 1900 709 1966 τούτου
735 1900 857 1984 πατήρ,
890 1900 1014 1965 ἔδωκεν
1041 1900 1185 1986 Σατύρῳ

102 2066 105 2072 .
136 2028 162 2068 ιο
175 2008 237 2091 τὴν
263 2005 383 2072 ἑαυτοῦ
409 2017 566 2089 γυναῖκα,
599 2003 719 2071 ἑαυτοῦ
746 2001 825 2070 ποτδ
852 2003 1029 2093 γενομένῳ.
1074 2003 1186 2090 ἕτερος

176 2117 313 2196 Σωκλῆς
337 2113 588 2198 τραπεζιτεύσας
610 2113 711 2176 ἔδωκε
734 2113 796 2196 τὴν
819 2109 939 2177 ἑαυτοῦ
962 2122 1103 2194 γυναῖκα
1131 2115 1185 2176 Τι-

175 2219 313 2306 μοδήμῳ
340 2227 385 2306 τῷ
413 2227 478 2284 νῦν
505 2215 549 2283 ἔτ’
581 2219 654 2283 ὄντι
680 2215 735 2282 καὶ
763 2220 874 2302 ζῶντι,
905 2215 1073 2304 γενομένῳ
1099 2216 1181 2283 ποθ’

176 2325 288 2390 αὑτοῦ.
334 2322 390 2390 καὶ
416 2324 458 2390 ού
480 2326 585 2408 μόνον
609 2323 732 2388 ἐνθάδε
754 2331 853 2388 τοῦτο
876 2331 1031 2389 ποιοῦσιν
1054 2323 1090 2387 ολ
1109 2321 1185 2408 περὶ

174 2431 233 2506 τὰς
251 2429 405 2514 ἐργασίας
423 2431 516 2506 ὄντες
532 2429 653 2506 ταύτας
671 2424 697 2494 ὦ
717 2430 836 2513 άνδρες
850 2426 1034 2513 Ἀθηναῖοι,
1055 2424 1126 2495 ἀλλ’
1148 2429 1186 2496 έν

176 2537 299 2620 Αίγίνη
322 2536 423 2600 ἔδωκε
443 2535 688 2619 Στρυμόδωρος
706 2531 849 2624 Ἑρμαίῳ
872 2543 917 2623 τῷ
937 2533 1056 2601 ἑαυτοῦ
1075 2534 1185 2622 οίκέτη

176 2642 237 2725 τὴν
267 2652 422 2724 γυναῖκα,
455 2637 510 2705 καὶ
536 2641 776 2724 τελευτησάσης
804 2640 930 2722 ἐκείνης
957 2643 1057 2706 ἔδωκε
1085 2642 1185 2707 πάλιν

176 2749 238 2830 την
259 2746 430 2831 θυγατέρα
455 2747 517 2829 τὴν
545 2744 674 2812 ἑαυτοῦ.
709 2744 775 2823 ,καὶ
802 2749 945 2825 πολλοὺς
972 2745 1014 2812 ιλν
1040 2749 1109 2832 ἔχοι
1136 2771 1185 2826 τις

137 2875 164 2916 το
178 2855 282 2920 είπείν
313 2853 494 2930 τοιούτους.
541 2855 685 2930 εἰκότως·
717 2853 797 2938 ὑμῖν
828 2848 888 2937 μὲν
921 2854 985 2939 γάρ
1013 2847 1038 2918 ὦ
1066 2855 1186 2938 ἄνδρες

174 2956 348 3045 Ἀθηναῖοι
376 2969 446 3036 τοῖς
472 2959 560 3042 γένει
586 2963 750 3043 πολίταις,
783 2956 862 3025 οὐδὲ
888 2961 926 3024 δν
953 2964 1082 3043 πλῆθος
1108 2984 1184 3046 χρη-

178 3067 290 3150 μάτων
317 3063 391 3130 άυτλ
419 3074 479 3130 τοῦ
502 3064 620 3148 γένους
643 3069 745 3131 καλόν
769 3065 858 3131 ἐστιν
881 3064 1029 3131 ἑλέσθαι·
1056 3076 1126 3142 τοίς
1149 3064 1184 3133 δὲ
1289 3094 1293 3126 ι

178 3181 276 3238 τοῦτο
299 3167 360 3255 μὲν
383 3172 525 3254 δωρειάν
547 3170 568 3253 ἢ
591 3168 667 3255 παρ’
692 3171 786 3254 ὑμῶν
808 3171 829 3254 ἣ
851 3169 929 3255 παρ’
952 3172 1062 3238 άλλων
1085 3184 1184 3238 τινῶν

181 3282 329 3361 λαβοῦσι,
351 3285 391 3362 τῇ
413 3277 495 3361 τύχη
520 3270 604 3353 δ’ἐξ
627 3275 728 3361 ἀρχῆς
751 3275 814 3341 άπὸ
837 3285 898 3342 τοῦ
920 3281 1186 3362 χρηματίσασθαι

178 3382 234 3449 καὶ
258 3382 377 3467 ἑτέρων
400 3384 500 3447 πλείω
523 3384 710 3465 κτήσασθαι
732 3381 788 3449 καλ
812 3383 922 3448 αὐτῶν
944 3385 1072 3450 τούτων
1092 3384 1185 3464 άξιω-

179 3493 285 3566 θεῖσι,
307 3482 398 3553 ταῦτ’
425 3485 494 3553 ἐστὶ
516 3488 693 3571 φυλακτέα.
739 3490 852 3570 διόπερ
876 3492 1015 3555 Πασίων
1039 3489 1057 3556 δ
1080 3494 1185 3573 πατὴρ
