2590 3900
173 167 241 233 262
477 171 574 226 mv,
598 171 878 225 Δεαοεοουουε

117 415 176 475 ιο,
498 394 634 455 “οεΚοε
652 401 842 454 mmm

266 513 446 590 Ψηφιούμαι
471 510 544 572 κατὰ
571 512 641 586 τοὺς
665 511 778 592 νόμους
800 511 851 574 καλ
873 512 908 574 τδι
930 515 1109 594 ψηφίσματα
1131 521 1184 575 τού
1261 568 1263 572 .

218 605 316 686 δήμου
341 616 395 668 τοῦ
414 601 585 684 Ἀθηναίων
612 607 663 669 καί
684 618 737 689 τῆς
760 612 871 690 βουλῆς
893 619 953 672 τῶν
975 610 1183 673 πεντακοσίων.

216 702 267 764 καί
289 703 438 785 τύραννον
461 702 498 765 ού
520 714 695 784 ψηφιοῦμαι
718 699 794 768 εἶναι
817 701 883 768 οὐδ’
909 703 1091 790 ὀλιγαρχίαν·
1113 703 1181 771 οὐδ’

216 798 269 861 ἐάν
296 822 340 872 τις
368 801 498 886 καταλύη
525 799 578 862 τόν
606 801 702 882 δῆμον
729 801 781 864 τὸν
805 797 992 884 Ἀθηναίων,
1021 803 1041 884 ή
1069 803 1136 891 λέγη
1163 802 1184 884 ή

216 895 384 984 ἐπιψηφίζῃ
403 895 482 979 παρὰ
501 906 602 975 ταῦτα,
620 898 658 962 ού
675 899 826 978 πείσομαι·
850 897 920 962 ούδέ
938 909 997 962 τών
1015 909 1107 981 χρεών
1124 909 1183 962 τών

217 993 302 1056 ἰδίων
325 992 478 1068 ἀποκοπὰς
497 991 567 1056 ούδέ
584 1003 640 1076 γῆς
659 992 831 1073 ἀναδασμὸν
850 1003 902 1075 τῆς
923 989 1094 1075 Ἀθηναίων
1114 992 1181 1059 οὐδ’

217 1090 333 1152 οἰκιῶν·
363 1087 433 1153 οὐδὲ
456 1091 526 1165 τοὺς
549 1093 715 1172 φεύγοντας
738 1091 867 1172 κατάξω,
894 1090 964 1154 ούδέ
986 1085 1030 1155 ών
1052 1094 1183 1166 θάνατος

216 1186 420 1270 κατέγνωσται,
443 1185 513 1251 ούδέ
533 1188 603 1260 τούς
622 1186 764 1266 μένοντας
783 1186 867 1262 ἐξελῶ
885 1188 966 1270 παρὰ
983 1189 1053 1262 τοὺς
1071 1189 1183 1269 νόμους

216 1282 287 1356 τοὺς
314 1283 467 1365 κειμένους
490 1284 540 1346 καί
563 1284 599 1346 τδι
621 1285 800 1364 ψηφίσματα
822 1295 875 1348 τοῦ
898 1286 995 1366 δήμου
1018 1296 1072 1348 τού
1092 1282 1183 1366 Ἀθη-

217 1381 311 1443 ναίων
328 1381 379 1443 καλ
400 1391 453 1462 τῆς
475 1386 586 1464 βουλής
609 1377 673 1443 οὔτ’
694 1381 783 1455 αὐτὸς
805 1381 862 1464 ἐγώ
880 1379 943 1446 οὔτ’
964 1382 1055 1446 άλλον
1073 1381 1183 1446 οόδένα

216 1478 300 1541 ἐάσω.
346 1473 419 1541 οὐδ’
443 1477 536 1561 ἀρχήν
567 1478 737 1558 καταστήσω
769 1474 836 1540 ὥστ’
866 1477 965 1562 άρχειν
995 1480 1174 1544 ὑπεύθυνον
1184 1496 1235 1545 w

217 1574 289 1638 ὄντα
308 1574 407 1658 ἐτέρας
425 1575 526 1657 ἀρχῆς,
548 1573 599 1638 καί
616 1585 676 1638 τῶν
693 1575 780 1638 ἐννέα
798 1574 947 1658 ἀρχόντων
965 1576 1016 1641 καί
1034 1588 1087 1642 τού
1106 1579 1182 1660 ἱερο-

216 1673 369 1754 μνήμονος
392 1673 442 1736 καί
463 1673 529 1734 όσαι
546 1672 618 1753 μετὰ
635 1681 694 1734 τῶν
712 1672 799 1735 ἐννέα
817 1672 965 1756 ἀρχόντων
983 1677 1182 1756 κυαμεύονται

215 1779 251 1856 τῇ
275 1767 349 1856 αύτή
368 1767 471 1856 ήμέρηι,
493 1769 544 1832 καλ
560 1769 690 1849 κήρυκος
708 1767 759 1832 καί
775 1771 930 1852 πρεσβείας
948 1771 999 1833 καί
1017 1771 1181 1855 συνέδρων·

216 1866 287 1931 ούδέ
316 1867 361 1941 δλς
388 1867 444 1947 τήν
470 1865 564 1946 αύτήν
587 1865 682 1947 ἀρχήν
707 1866 759 1928 τὸν
787 1865 878 1930 αύτδν
905 1865 999 1950 άνδρα
1027 1866 1098 1931 οὐδὲ
1126 1869 1180 1932 δύο

216 1965 306 2048 άρχδις
329 1963 415 2046 άρξαι
435 1963 488 2025 τὸν
511 1963 603 2025 αὐτὸν
625 1962 657 2025 ἐν
680 1969 720 2048 τῷ
744 1963 823 2050 αύτῷ
842 1963 975 2052 ἐνιαυτῷ.
1013 1963 1083 2027 ούδέ
1102 1966 1181 2046 δῶρα

217 2061 336 2142 δέξομαι
362 2071 415 2142 τῆς
441 2058 583 2140 ἡλιάσεως
610 2059 695 2122 ἕνεκα
722 2056 785 2123 οὔτ’
810 2061 900 2135 αύτδς
926 2061 982 2144 ἐγώ
1005 2057 1069 2124 οὔτ’
1094 2061 1180 2136 ἀλλος

216 2160 283 2242 ἐμοί
313 2153 377 2222 οὔτ’
405 2156 478 2238 άλλη
507 2157 618 2231 εἰδότος
643 2157 732 2238 ἐμοῦ,
764 2155 830 2220 ούτε
856 2157 942 2245 τέχνη
969 2156 1037 2220 οὔτε
1063 2170 1180 2245 μηχανή
1229 2237 1231 2240 Ι

216 2256 351 2341 ούδεμιήι.
394 2255 445 2317 καί
465 2253 573 2338 γέγονα
595 2252 651 2316 οὐκ
674 2253 792 2316 ἐλαττον
813 2252 834 2334 ή
856 2250 1002 2337 τριάκοντ’
1028 2255 1087 2334 ἐτη.
1130 2256 1180 2318 καί

214 2353 396 2437 ἀκροάσομαι
431 2361 485 2415 τοῦ
516 2374 546 2415 τε
577 2350 742 2432 κατηγόρου
773 2350 823 2414 καί
838 2367 841 2378 “
854 2362 908 2414 τού
940 2350 1178 2435 ἀπολογουμένου

215 2449 325 2532 δμοίως
352 2448 480 2529 ἀμφοῖν,
507 2447 557 2510 καί
584 2448 809 2528 διαψηφιοῦμαι
834 2449 901 2532 περί
923 2449 1015 2512 αύτού
1038 2443 1076 2511 ού
1098 2447 1178 2529 ἀνή

215 2549 314 2622 δίωξις
336 2535 366 2634 ᾖ.
404 2546 569 2626 ἐπομνύναι
587 2545 661 2626 Δία,
683 2547 834 2625 Ποσειδῶ,
857 2545 1015 2627 Δήμητρα,
1036 2545 1087 2609 καί
1108 2547 1178 2608 ἐπα-

215 2651 327 2729 ρᾶσθαι
353 2643 489 2720 ἐξώλειαν
516 2643 609 2728 ἐαυτῷ
632 2641 682 2703 καί
704 2642 784 2726 οίκίρι
805 2651 841 2728 τή
864 2641 986 2722 έαυτού,
1014 2642 1089 2705 εἴτι
1110 2645 1177 2706 τού-

213 2765 273 2806 των
294 2742 490 2824 παραβαίνοι,
513 2740 686 2823 εύορκοῦντι
709 2738 740 2802 δέ
763 2738 856 2802 πολλὰ
878 2737 997 2822 κάγαθά
1019 2733 1102 2801 εἶναι.

255 2865 409 2938 Ἑντοιῦθ’
430 2870 492 2936 οὐκ
514 2873 564 2936 ένι
587 2866 613 2937 ώ
636 2872 756 2957 ἄνδρες
777 2871 938 2953 δικασταί,
961 2865 1063 2953 ,οὐδὲ
1087 2870 1175 2954 δήσω

165 2977 355 3065 Ἀθηναίων
373 2976 525 3042 ούδένιύέ.
562 2978 602 3040 τά
620 2978 683 3061 γάρ
701 2980 858 3060 κρίνοντα
876 2976 933 3053 τὰς
954 2979 1079 3060 κρίσεις
1095 2973 1176 3040 άπά-

167 3101 229 3164 σας
250 3086 292 3150 τά
315 3076 497 3167 δικαστήρι’
523 3081 627 3164 ἐστίν,
656 3074 707 3159 οἷς
730 3082 862 3160 ἐξουσία
885 3079 953 3146 ἐστὶ
975 3077 1030 3147 καὶ
1053 3082 1175 3165 δεσμὸν

167 3190 223 3258 καὶ
246 3185 318 3258 ἀλλ’
344 3189 362 3255 ό
384 3213 416 3254 τι
439 3187 480 3254 ἀν
503 3189 688 3271 βούλωνται
712 3188 998 3272 καταγιγνώσκειν.

114 3313 154 3356 ¹⁶²
252 3295 308 3374 Ὡς
330 3293 390 3381 μέν
414 3289 479 3361 οὖν·
499 3295 623 3374 ἔξεστιν
646 3293 726 3379 ὑμῖν
745 3295 868 3379 δεσμὸν
886 3290 1173 3377 καταγιγνώσκειν.

167 3399 258 3467 ταῦτ’
282 3402 499 3485 ἐπιδείκνυμι·
523 3400 568 3477 ὡς
590 3397 627 3464 δέ
649 3401 689 3465 τά
712 3397 917 3483 δεδικασμέν’
940 3399 1045 3483 ἀκυρα
1066 3411 1173 3465 ποιεῖν

168 3504 223 3568 καλ
260 3507 371 3571 δεινὸν
405 3504 460 3572 καὶ
491 3506 629 3572 ἀνόσιόν
661 3505 730 3572 ἐστι
761 3509 815 3572 καλ
848 3507 956 3590 δήμου
986 3508 1172 3590 κατάλυσις,
