2616 3910
493 151 593 202 ΠΡΟΣ
610 151 802 203 AAKPITON.
1087 145 1151 212 431

144 310 268 376 οὐκοῦν
287 310 470 377 ὑπόλοιπόν
489 309 579 376 ἐστιν
597 310 632 374 οί
650 312 837 393 στρατηγοί.
868 309 951 374 άλλδι
968 311 1047 385 τοὺς
1064 331 1155 393 τριη-
1183 339 1185 342 ·

145 417 288 502 ράρχους
306 421 516 498 καθιστᾶσιν,
536 415 716 500 ἐμπορικὴν
731 411 768 480 δέ
783 415 879 498 δίκην
894 415 1053 499 οὐδεμίαν
1067 413 1155 479 είσά-

103 543 130 582 ιο
144 539 272 605 γουσιν.
305 521 369 605 ἐγὼ
394 519 424 587 δ’
446 520 514 606 είμλ
532 524 685 605 ἔμπορος,
707 518 823 585 καὶσὺ
843 518 1059 603 ἀδελφόςκαὶ
1077 523 1154 602 κλη-

145 632 287 713 ρονόμος
306 625 380 704 ἑνὸς
397 638 464 692 τῶν
483 627 636 712 ἐμπόρων
655 637 715 691 τοῦ
734 627 894 708 λαβόντος
912 623 989 710 παρ’
1007 625 1102 709 ημῶν
1115 625 1156 689 τδ

141 733 305 817 ,ἐμπορικὰ
327 736 484 818 χρήματα.
521 742 582 798 ποῖ
602 727 664 796 οὖν
688 733 739 796 δεῖ
760 732 884 815 ταύτην
907 732 1072 796 εἰσελθεῖν
1094 731 1156 814 την

145 841 256 924 δίκην;
291 838 428 917 δίδαξον
455 834 481 903 ὦ
509 838 667 922 Λάκριτε,
700 840 805 921 μόνον
832 839 962 902 δίκαιόν
989 860 1022 901 τι
1049 835 1157 920 λέγων

144 943 200 1010 καὶ
230 946 312 1011 κατδι
339 949 418 1020 τοὺς
445 945 578 1029 νόμους.
624 936 694 1008 ἀλλ’
726 942 787 1008 ούκ
813 945 904 1008 ἐστιν
931 942 1018 1008 οὕτω
1046 943 1156 1018 δεινὸς

145 1051 325 1136 άνθρωπος
348 1050 474 1132 οὐδείς,
498 1049 587 1126 ὅστις
610 1047 653 1113 δν
674 1047 749 1130 περὶ
772 1049 933 1114 τοιούτων
955 1049 1156 1132 πραγμάτων

144 1159 214 1241 ἐχοι
236 1181 268 1222 τι
292 1158 424 1222 δίκαιον
446 1157 558 1221 εἰπεῖν.

101 1284 129 1325 ιο
236 1263 285 1328 Οὐ
307 1267 424 1330 τοίνυν
446 1271 549 1327 ταῦτα
572 1263 678 1344 μόνον
701 1255 726 1324 ὦ
751 1261 869 1345 άνδρες
893 1256 1043 1325 δικασταὶ
1062 1260 1155 1326 δεινδι

144 1369 208 1453 ἐγὼ
240 1369 355 1452 πάσχω
387 1367 451 1434 ὑπὸ
479 1371 649 1452 Λακρίτου
680 1369 831 1448 τουτουί,
864 1365 946 1431 ἀλλὰ
974 1364 1029 1431 καὶ
1056 1363 1156 1450 χωρὶς

143 1483 204 1539 τοῦ
232 1473 489 1555 ἀποστερεῖσθαι
516 1473 557 1537 τδ
583 1474 732 1556 χρήματα
759 1472 806 1547 είς
832 1473 911 1548 τοὺς
934 1469 1091 1556 ἐσχάτους
1114 1469 1156 1535 διν

143 1580 324 1655 κινδύνους
342 1578 510 1662 ἀφικόμην
528 1579 566 1642 τὸ
584 1577 706 1642 τούτου
724 1577 833 1661 μέρος,
853 1578 884 1641 εί
901 1580 945 1660 μή
964 1600 1020 1660 μοι
1038 1576 1059 1658 ἡ
1077 1593 1155 1659 συγ-

58 1703 60 1707 ’
143 1685 255 1770 γραφη
280 1685 417 1768 ἐβοήθει
439 1683 459 1767 η
482 1684 566 1768 πρὸς
587 1683 736 1761 τούτους,
760 1681 815 1748 καὶ
837 1682 1011 1768 ἐμαρτύρει
1029 1683 1081 1748 ὅτι
1099 1685 1146 1760 είς
1156 1694 1206 1746 941

141 1793 202 1856 τὸν
231 1791 365 1855 Πόντον
397 1789 504 1853 ἔδωκα
531 1789 571 1852 τδι
598 1789 747 1872 χρήματα
774 1785 830 1852 καί
856 1788 957 1853 πάλιν
986 1785 1153 1871 Ἀθήνας.

143 1904 211 1962 ίστε
244 1896 307 1979 γὰρ
341 1890 367 1958 ὦ
400 1894 519 1977 ἄνδρες
548 1890 699 1957 δικασταὶ
726 1893 785 1957 τὸν
812 1895 918 1977 νόμον
946 1892 990 1968 ὡς
1016 1896 1155 1976 χαλεπός

143 2001 244 2082 ἐστιν,
268 1999 327 2066 ἐάν
348 2022 399 2076 τις
417 1995 607 2081 Ἀθηναίων
626 1995 748 2063 άλλοσέ
763 2019 821 2062 ποι
840 2000 999 2082 σιτηγήσῃ
1017 1997 1038 2082 ἣ
1058 1993 1154 2082 Ἀθη-

142 2109 233 2189 ναζε,
260 2105 281 2188 ἢ
308 2109 456 2192 χρήματα
485 2105 622 2188 δανείσῃ
649 2109 696 2180 είς
724 2104 805 2168 άλλο
832 2127 864 2167 τι
892 2102 1050 2188 ἐμπόριον
1072 2104 1093 2187 ἢ
1116 2107 1153 2171 τὸ

140 2208 340 2294 Ἀθηναίων,
363 2202 431 2276 οἷαι
457 2212 566 2294 ζημίαι
587 2207 663 2294 περὶ
685 2209 814 2275 τούτων
834 2211 930 2292 εἰσίν,
954 2210 998 2286 ὡς
1016 2211 1154 2294 μεγάλαι

101 2341 128 2382 51
142 2299 209 2384 καὶΙ
230 2318 346 2381 δειναί.
392 2320 518 2400 μᾶλλον
550 2313 580 2378 δ’
613 2315 716 2380 αὐτὸν
747 2314 921 2397 ἀνάγνωθι
953 2315 1067 2392 αὐτοῖς
1095 2317 1154 2382 τὸν

142 2426 263 2506 νόμον,
287 2418 332 2486 ἵν’
360 2420 594 2504 ἀκριβέστερον
616 2420 781 2504 μάθωσιν.

577 2603 714 2656 ΝΟΜΟΣ.

229 2704 386 2790 Ἀργύριον
414 2703 444 2769 δὲ
472 2703 512 2786 μη
540 2704 648 2780 ἐξεῖναι
670 2703 811 2768 ἐκδοῦναι
830 2702 1001 2786 Ἀθηναίων
1024 2701 1154 2770 καὶτῶν

188 2805 332 2887 μετοίκων
359 2811 418 2864 τῶν
442 2797 588 2882 Ἀθήνησι
616 2804 832 2882 μετοικούντων
860 2805 979 2883 μηδενί,
1011 2803 1085 2885 μηδὲ
1112 2798 1155 2867 ὧν

188 2897 271 2965 οὗτοι
288 2902 389 2982 κύριοί
406 2901 494 2979 εἰσιν,
513 2901 554 2972 εἰς
572 2910 650 2962 ναῦν
668 2899 733 2980 ἥτις
751 2899 789 2962 δν
808 2900 848 2980 μὴ
866 2900 953 2988 μέλλη
972 2899 1052 2976 άξειν
1073 2908 1155 2964 σῖτον

184 2994 344 3078 Ἀθήναζε,
366 2996 416 3058 καὶ
438 2994 526 3057 τάλλα
549 2995 583 3056 τδι
605 2995 790 3078 γεγραμμένα
812 2998 879 3080 περὶ
901 2997 1024 3060 ἑκάστου
1047 2999 1154 3062 αὐτῶν.

187 3096 241 3158 ἐὰν
260 3094 291 3156 δέ
309 3118 352 3168 τις
370 3094 446 3181 ἐκδῷ
466 3093 545 3175 παρδι
562 3088 657 3173 ταῦτ’,
676 3087 824 3174 εἶναιτὴν
843 3095 935 3174 φύσιν
949 3095 999 3157 καλ
1013 3095 1068 3175 τὴν
1082 3095 1155 3159 ἀπο-

186 3191 307 3276 γραφὴν
338 3201 391 3254 τού
423 3191 565 3274 αἰργυρίου
597 3190 671 3272 πρὸς
703 3192 772 3264 τοὺς
799 3191 987 3273 ἐπιμελητάς,
1017 3194 1154 3274 καθάπερ

187 3300 240 3370 τῆς
267 3288 342 3362 νεὼς
366 3288 491 3350 καὶτοῦ
515 3288 596 3349 σίτου
619 3287 745 3368 εἴρηται,
771 3289 845 3350 κατὰ
868 3289 966 3350 ταύτά.
1011 3289 1062 3351 καί
1084 3289 1153 3367 δίκη

187 3387 267 3471 αύτῷ
291 3384 331 3466 μὴ
352 3385 423 3447 ἐστο
441 3384 577 3466 περὶτοῦ
596 3383 749 3466 ἀργυρίου,
773 3379 810 3446 ού
829 3383 867 3446 δν
885 3385 960 3470 ἐκδῷ
982 3384 1085 3446 άλλοσέ
1102 3407 1154 3446 ποι

187 3479 384 3562 ἢἈθηναζε’
408 3479 481 3562 μηδὲ
504 3479 576 3562 ἀρχὴ
600 3478 734 3561 εἰσαγέτω
757 3480 823 3561 περὶ
845 3483 951 3543 τούτου
972 3481 1108 3561 μηδεμία
