2938 4180
541 219 625 272 m'
643 220 952 273 ΑΡΙΣΤΟΚΡΑΤΟΤΣ.
1184 215 1248 282 19Ὶ

640 432 840 484 ΕῙΠΣΤΟΛΗ.
1097 459 1102 467 ·

325 527 542 622 Ἐὐθυμεῖσθ’
560 532 643 603 όθευ
662 530 697 603 οἷ
713 536 818 621 διέβη,
837 536 870 616 ἐξ
885 535 1029 619 Ἀβύδου
1046 539 1094 614 είς
1107 539 1250 622 Σιρστόν.

239 634 293 724 ἄρ’
323 635 386 707 οὖν
417 640 525 708 οἴεσθ’
555 641 783 720 ὑποδέξασθαι
814 646 892 720 τοὺς
920 637 1123 727 Ἀβυδηνοὺς
1154 640 1197 708 δυ
1227 639 1249 726 ἦ

238 749 318 822 τοὺς
336 751 513 830 Σηστίους,
537 749 568 812 εί
588 748 633 832 μὴ
656 749 890 831 συνεξηπάτων
914 749 968 814 ότε
986 749 1047 831 τὴν
1064 749 1147 835 πρὸς
1165 749 1251 831 ὑμᾶς

239 854 380 935 ἔπεμπεν
404 853 595 936 ἐπιστολήν;

329 952 409 1040 Λέν’
435 958 548 1036 αὐτοῖς
573 960 635 1041 τὴν
661 959 837 1043 ἐπιστολὴν
860 959 973 1042 αὐτόν.
1017 957 1072 1025 καί
1094 956 1246 1042 θεωρεῖτ’

239 1058 266 1127 ὦ
286 1063 405 1147 ἄνδρες
420 1062 593 1150 Ἀθηναῖοι
611 1064 669 1142 τδς
683 1065 868 1151 ὑπερβολὰς
882 1059 929 1131 ὧν
945 1064 1043 1141 αὐτὸς
1057 1063 1249 1148 περὶαύτοῦ

238 1171 321 1251 πρὸς
339 1169 426 1253 ὑμᾶς
443 1172 586 1253 ἔγραψεν
601 1170 756 1254 ἐπαίνων,
775 1171 815 1236 τὰ
828 1167 889 1254 μὲν
903 1170 948 1246 ὡς
960 1172 1116 1254 πεποίηκε
1131 1168 1248 1255 λέγων,

237 1275 279 1339 τδι
302 1271 333 1340 δ’
359 1273 624 1360 ὑπισχνούμενος
637 1279 804 1360 ποιήσειν.
842 1275 925 1360 λέγε.

639 1487 839 1540 ΕΠΙΣΤΟΛΗ.

182 1609 224 1647 ιω
329 1593 424 1656 Καλολ
446 1588 491 1674 γ’,
515 1590 557 1656 οὐ
576 1592 654 1676 γὰρ;
680 1586 705 1656 ὦ
725 1592 845 1675 όίνδρες
859 1588 1032 1675 Ἀθηναῖοι
1050 1593 1091 1658 τὰ
1109 1616 1248 1678 γενραμ

239 1697 323 1782 με’να
341 1696 396 1762 καὶ
414 1697 547 1783 χάριτος
564 1701 688 1780 πολλῆς
706 1694 783 1781 ἄξι’,
806 1703 840 1776 εί
853 1694 886 1781 γ’
907 1694 950 1781 ἦν
968 1697 1086 1782 ἀληθῆ.
1119 1707 1184 1763 νῦν
1203 1697 1247 1781 δ’,

239 1802 293 1868 ὅτε
312 1799 373 1886 μὲν
390 1813 458 1866 τῶν
472 1803 628 1867 σπονδῶν
643 1801 704 1866 οὐκ
718 1801 800 1889 ᾤετο
814 1803 999 1886 τεύξεσθαι,
1018 1800 1109 1869 ταῦτ’
1127 1802 1244 1890 ἔγραφ’

238 1907 418 1987 ἐξαπατῶν·
443 1905 556 1990 ἐπειδὴ
580 1901 611 1972 δ’
637 1909 767 1991 ἔτυχεν,
791 1904 858 1990 λέγ’
885 1899 931 1974 οἷ’
957 1906 1119 1992 ἐποίησεν.

639 2119 839 2172 ΕΠΙΣΤΟΛΗ.

329 2225 463 2291 Οὐκοῦν
494 2235 556 2291 τοῦ
585 2231 776 2310 κομιεῖσθαι
803 2223 1015 2291 τάπολωλότα
1041 2223 1137 2311 χωρί’
1167 2225 1249 2294 ὑπο-

237 2329 404 2415 σχομένου
427 2332 623 2414 Χαριδήμου
652 2331 828 2414 διαβάντος
855 2329 960 2414 φησὶν
987 2330 1005 2396 ὁ
1034 2333 1144 2417 ἅρχων
1167 2335 1247 2417 Κρι-

236 2437 350 2518 θώτης
376 2433 451 2520 περὶ
477 2447 546 2500 τῶν
567 2435 784 2520 ὑπαρχόντων
806 2443 1007 2519 γεγενῆσθαι
1030 2439 1159 2521 μείζους
1180 2447 1248 2504 τῶν

238 2543 401 2624 πρότερον
432 2543 511 2618 τοὺς
541 2542 729 2618 κινδύνους.
776 2538 843 2623 λέγ’
875 2539 908 2620 ἐξ
938 2540 1049 2626 ἑτέρας
1076 2542 1248 2629 ἐπιστολῆς

238 2645 410 2724 ἐπιδείξας.

638 2771 838 2822 ΕΠΙΣἸῸΛΗ.

326 2851 406 2939 Αέγ’
432 2855 465 2936 ἐξ
488 2855 608 2943 ἑτέρας.

637 3017 838 3068 ΕΠΙΣΤΟΛΗ.
1248 3023 1299 3072 674

180 3140 223 3182 τοι
321 3117 436 3208 ’ορᾶθ’
454 3121 505 3188 ὅτι
522 3126 733 3208 πανταχόθεν
750 3124 788 3188 τὸ
805 3132 940 3209 πρᾶγμα
954 3134 1178 3210 μαρτυρεῖται,
1196 3124 1247 3191 ὅτι

237 3228 356 3310 όιαβδις
378 3227 439 3294 αιάι
461 3226 515 3293 ἐπὶ
533 3229 592 3294 τὸν
610 3231 733 3309 Κότυν,
757 3223 828 3294 ἀλλ’
849 3227 902 3313 ἐφ’
923 3228 1009 3313 ἡμᾶς
1027 3226 1095 3314 μετ’
1118 3229 1247 3296 ἐκείνου

236 3333 420 3416 ἐπορεύετο.
452 3335 500 3398 ἔτι
517 3337 635 3400 τοίνυν
651 3336 776 3419 ταύτην
794 3337 901 3418 μόνην
920 3335 1096 3418 ἀνάγνωθί
1110 3358 1168 3419 μοι
1185 3336 1247 3418 τὴν

235 3437 423 3521 ἐπιστολήν,
442 3440 500 3516 τὰς
518 3437 548 3504 δ’
571 3440 671 3516 όίλλας
689 3443 739 3506 ἔα·
762 3441 864 3524 δῆλον
881 3440 946 3526 γὰρ
959 3439 1040 3525 ὑμῖν
1052 3461 1118 3506 που
1131 3436 1242 3525 μέμον’

234 3544 281 3622 ὡς
302 3545 524 3628 πεφενάκικεν
545 3545 637 3628 ὑμᾶς.
675 3544 757 3629 λέγε.
