2616 3910
448 175 547 226 Πεοε
566 153 834 230 mmmmm
1081 171 1146 238 457

140 330 169 398 δ’
202 334 265 418 ἔφη
293 333 434 410 τούτους
460 334 643 417 βούλεσθαι
671 335 753 420 πρὸς
780 333 877 418 ἡμᾶς,
910 332 966 401 καὶ
993 333 1148 413 συνάξειν

140 438 239 515 αὐτὸς
264 439 363 523 ἡμᾶς,
391 437 446 503 καὶ
474 437 686 523 παραινέσειν
713 440 818 526 τούτῳ
846 439 953 512 πάντα
977 450 1086 506 ποιεῖν
1107 440 1147 504 τὰ

98 564 125 604 ιε
139 539 239 610 δίκαι’
266 543 354 628 ἐμοί,
381 541 437 609 καὶ
460 551 592 610 οίεσθαι
614 547 749 610 πείσειν.
795 545 840 621 ὡς
863 541 900 610 δέ
923 549 1147 630 συνήλθομεν,
1275 535 1278 545 ’

138 652 178 716 τά
205 647 267 734 μέν
292 651 457 715 πολλάτί
478 652 531 715 δεῖ
552 649 674 734 λέγεινς
704 645 785 734 ἡκον
808 646 840 715 δ’
868 651 903 715 οί
923 650 1149 716 δεδανεικέναι

8 772 16 834 ξ
139 757 321 840 φάσκοντες
343 756 462 845 τούτῳ,
486 753 539 821 ἐπὶ
562 764 607 844 τῷ
631 755 834 844 ἐργαστηρίῳ
857 753 1003 833 καὶτοῖς
1027 756 1147 840 ἀνδρα-

137 863 269 944 πόδοις,
301 859 322 926 ά
353 860 447 946 ἡμεῖς
478 861 663 946 ἐπριάμεθα
686 863 782 945 παρδι
813 861 1061 946 Μνησικλέους,
1092 859 1147 927 καὶ

8 1011 9 1024 ι
139 963 239 1034 οὐδὲν
262 963 304 1051 ἡν
328 967 457 1034 ἁπλοῦν
475 961 548 1033 οὐδ’
570 965 661 1050 ὑγιὲς
679 969 814 1034 τούτων.
847 968 953 1033 πάντα
971 966 1002 1033 δ’
1024 967 1147 1051 ἐξελεγ-

8 1087 9 1090 ’
138 1077 272 1159 γόμενοι
299 1075 406 1158 ῦευδή
429 1074 595 1158 λέγοντες,
623 1073 677 1139 καὶ
699 1083 760 1139 τοῦ
782 1073 1015 1158 Μνησικλέους
1035 1076 1147 1158 βεβαι-

9 1163 10 1170 ’
139 1188 258 1256 οῦντος
279 1179 370 1264 ἡμῖν,
393 1185 639 1263 προκαλοῦνται
661 1183 845 1264 πρόκλησιν
862 1180 946 1264 ἡμᾶς
964 1181 1009 1258 ὡς
1027 1179 1067 1245 οὐ
1086 1180 1139 1245 δε-
1147 1187 1200 1240 910

138 1283 307 1369 ξομένους,
328 1285 349 1370 ἢ
368 1289 571 1370 κομίσασθαι
588 1287 629 1351 τά
646 1287 794 1370 χρήματα
812 1287 919 1351 πάντα
936 1284 1013 1370 παρ’
1036 1286 1147 1351 αὐτῶν

137 1389 192 1456 καί
221 1390 393 1475 ἀπελθεῖν,
427 1391 448 1476 ἡ
477 1394 631 1458 διαλῦσαι
659 1400 746 1475 σφᾶς
772 1388 855 1475 ὑπὲρ
884 1387 931 1458 ὧν
957 1391 1146 1472 ἐνεκάλουν,

8 1505 9 1516 ³
138 1498 328 1581 αἰτιώμενοι
349 1502 461 1585 πολλῷ
484 1502 638 1574 πλείονος
661 1494 723 1575 ἄξι’
751 1499 838 1584 ἔχειν
861 1491 909 1562 ὧν
932 1498 1146 1580 ἐδεδώκειμεν

8 1641 9 1650 1
96 1625 123 1664 ιε
136 1602 321 1688 χρημάτων.
363 1601 506 1680 ἀκούσας
529 1600 560 1668 δ’
585 1603 661 1687 ἐγώ,
683 1601 882 1690 παραχρήμ’,
906 1600 985 1670 οὐδὲ
1008 1607 1145 1687 βουλευ-

8 1793 10 1798 ,
137 1709 294 1792 σάμενος,
326 1712 528 1791 κομίσασθαι
561 1709 792 1793 συνεχώρησα,
823 1706 878 1774 καὶ
909 1710 968 1775 τὸν
995 1709 1146 1792 Εὔεργον

8 1827 10 1842 '
137 1800 260 1879 ἔπεισα.
293 1813 405 1896 ἐπειδή
430 1811 460 1878 δ’
483 1815 550 1879 ἔδει
572 1815 613 1878 τά
630 1811 775 1900 χρήμαθ’
797 1813 882 1899 ἡμᾶς
900 1813 1147 1898 ἀπολαμβάνειν

8 1909 10 1990 J
136 1917 193 1984 καὶ
219 1920 256 1984 τὸ
283 1913 407 2003 πρᾶγμ’
433 1921 480 1996 είς
505 1929 603 1985 τοῦτο
632 1929 792 2004 προῆκτο,
822 1920 884 1988 οὐκ
912 1921 1040 2004 ἔφασαν
1066 1919 1146 2003 μετὰ

137 2033 241 2091 ταῦτα
259 2026 381 2091 δώσειν
399 2025 434 2090 οί
448 2022 516 2090 τότ’
534 2023 630 2090 ἐκεῖν’
644 2025 931 2110 ἐπαγγειλάμενοι,
955 2027 986 2091 εί
1002 2026 1046 2110 μὴ
1065 2046 1147 2109 πρα-

137 2139 234 2214 τῆρες
248 2125 434 2215 γιγνοίμεθ’
445 2131 539 2215 ἡμεῖς
551 2142 618 2196 τῶν
632 2133 805 2216 κτημάτων
819 2132 942 2214 αὐτοῖς,
957 2140 1040 2196 νοῦν
1055 2133 1145 2215 έχον-

136 2258 190 2313 τες
209 2232 234 2301 ὦ
255 2238 373 2320 άνδρες
389 2233 561 2318 Ἀθηναῖοι
579 2233 649 2301 κατ’
666 2237 748 2302 αὐτό
766 2260 803 2319 γε
820 2245 932 2302 τοῦτο·
952 2234 1064 2321 ἐώρων
1082 2236 1146 2319 γάρ

137 2341 222 2428 ἡμᾶς
245 2334 290 2407 οἷ’
315 2341 632 2426 ἐσυκοφαντούμεθα
657 2340 734 2423 [ὑπὸ
757 2341 902 2422 τούτου].
938 2342 983 2418 ὡς
1006 2336 1146 2407 οὖνκαὶ

138 2443 228 2514 ταῦτ’
251 2447 360 2540 άληθή
384 2445 479 2530 λέγω,
499 2445 581 2531 λαβέ
596 2471 653 2531 μοι
670 2445 726 2512 καὶ
743 2448 864 2524 ταύτας
881 2447 940 2525 τὰς
957 2451 1145 2534 μαρτυρίας.

511 2659 513 2666 “
540 2657 744 2712 ΜΑΡΓΤΡΙΑΙ.

8 2809 19 2840 ,,
98 2786 124 2827 ιι
224 2761 355 2848 Ἐπειδὴ
374 2767 491 2830 τοίνυν
509 2765 546 2829 τὸ
565 2759 687 2850 πρᾶγμ’
704 2762 840 2831 ἐνταῦθ’
862 2763 1014 2850 εἱστήκει,
1032 2764 1087 2831 καὶ
1105 2767 1146 2832 τὰ

8 2871 12 2888 ’
137 2865 199 2954 μέν
225 2867 362 2955 χρήματ’
390 2869 431 2935 οὐ
458 2857 610 2956 προΐενθ’
637 2869 696 2948 οὓς
723 2869 886 2956 ἐπήγαγεν
913 2865 1025 2953 οὗτος,
1053 2871 1146 2955 ἡμεῖς

139 2972 169 3041 δ’
194 2978 327 3054 εἰκότως
350 2971 546 3061 ἐφαινόμεθ’
569 2969 616 3040 ὧν
639 2975 978 3061 ἐωνήμεθακρατεῖν,
1002 2975 1145 3043 ἱκέτευεν

138 3081 232 3149 ἐδεῖτ’
259 3083 426 3168 ἠντιβόλει
447 3091 616 3168 πρατῆρας
638 3082 723 3168 ἡμᾶς
744 3087 928 3166 γίγνεσθαι.
974 3082 1146 3161 ἀξιοῦντος

138 3186 176 3255 δέ
197 3191 319 3255 τούτου
341 3186 397 3254 καὶ
419 3188 525 3253 πολλά
548 3185 727 3272 δεηθέντος
750 3187 842 3273 ἐμοῦ,
864 3185 919 3253 καὶ
941 3189 977 3252 τί
992 3188 1033 3254 οῦ
1051 3191 1146 3274 ποιή-

97 3313 270 3375 16σαντος;
294 3293 349 3362 καὶ
371 3291 468 3360 τοῦθ’
490 3292 657 3378 ὑπέμεινα.
693 3294 781 3378 ὁρῶν
805 3291 835 3359 δ’
857 3294 960 3359 αὐτὸν
981 3287 1007 3359 ὦ
1026 3294 1145 3377 ἄνδρες

135 3399 307 3488 Ἀθηναῖοι
334 3402 500 3484 κακοήθη,
527 3398 582 3466 καὶ
606 3401 644 3465 τὸ
668 3395 728 3484 μὲν
751 3400 783 3480 ἐξ
807 3399 909 3485 ἀρχῆς
930 3408 991 3464 τοῦ
1014 3403 1145 3483 Μνησι-

139 3505 256 3584 ιιλέους
278 3512 524 3590 κατηγοροῦντα
546 3506 629 3591 πρὸς
650 3505 744 3590 ἡμᾶς,
768 3507 867 3571 πάλιν
888 3501 919 3570 δ’
942 3495 968 3590 ᾧ
987 3508 1084 3588 φίλος
1102 3500 1145 3587 ἡν
