2614 3904
497 210 596 262 ΠΡΟΣ
615 210 765 263 ΔΦΟΒΟΝ
1070 209 1133 274 361

532 477 721 530 ΜΑΡΤΤΡΙΔ.

81 599 111 640 ⁶⁵
217 585 295 657 Πῶς
323 575 386 648 οὖν
409 581 450 646 ἀν
472 604 522 659 τις
545 581 751 666 σαφέστερον
773 578 946 665 ἐξελέγξειε
968 599 1137 666 συκοφαν-

125 685 310 771 τουμένους
335 685 421 770 ἡμᾶς
439 684 502 752 καὶ
528 687 902 773 καταμεμαρτυρημένον
928 688 1056 772 τάληθῆ
1081 685 1137 753 καλ

126 793 188 876 τήν
217 794 313 876 δίκην
339 792 476 869 δικαίως
503 792 718 877 ὠφλημένην,
745 791 765 876 ή
788 801 909 859 τούτου
930 795 991 859 τὸν
1012 795 1138 876 τρόπον

127 896 326 975 ἐπιδεικνύςς
356 895 487 980 οἰκέτην
513 898 573 962 τὸν
597 897 658 980 τήν
681 900 866 982 μαρτυρίαν
887 892 1049 983 γράφοντ’
1075 898 1137 964 οὐκ

126 1003 332 1088 ἐθελήσαντα
353 1011 474 1068 τοῦτον
491 1006 680 1088 βασανίζειν
698 1001 772 1090 περὶ
792 1003 986 1070 αὐτῶντῶν
1005 1027 1126 1089 μεμαρ-
1137 1019 1186 1069 εει

127 1110 334 1195 τυρημίνων·
366 1115 488 1175 Αίσιον
510 1110 570 1175 τὸν
593 1109 740 1192 ἀδελφὸν
764 1110 867 1176 αὐτοῦ
888 1118 991 1176 ταῦτα
1014 1132 1136 1193 μεμαρ-

83 1235 112 1275 ⁶⁶
126 1218 307 1300 τυρηκότα,
334 1215 356 1280 ἀ
378 1232 483 1299 φησιν
507 1210 592 1280 εἶναι
614 1216 736 1298 ψευδῆ·
768 1223 887 1280 τοῦτον
910 1215 1011 1281 αὐτὸν
1033 1214 1136 1280 ταύτὰ

125 1333 196 1398 τοῖς
231 1321 394 1405 μάρτυσιν
429 1318 488 1396 οὓς
522 1319 634 1386 διώκει
665 1322 936 1406 μεμαρτυρηκότα
967 1344 1023 1404 μοι
1053 1319 1136 1386 κατὰ

126 1428 306 1510 Δήμωνος,
339 1427 436 1501 ὄντος
467 1424 555 1513 αύτῷ
582 1427 682 1490 θείου
708 1422 763 1490 καὶ
791 1427 1047 1510 συνεπιτρόπου·
1078 1426 1137 1502 τὰς

125 1534 331 1615 θεραπαίνας
358 1530 420 1596 οὐκ
446 1527 647 1614 ἐθελήσανθ’
674 1526 758 1615 ὑπὲρ
783 1539 844 1596 τοῦ
871 1532 930 1598 τὸν
953 1532 1136 1613 ἄνθρωπον

126 1637 307 1722 ἐλεύθερον
334 1630 420 1701 εἶναι
446 1638 648 1720 βασανίζειν·
675 1637 736 1720 τήν
762 1634 885 1721 μητέρα
908 1637 969 1720 τήν
992 1635 1137 1719 ἐμαυτοῦ

126 1747 239 1809 πίστιν
265 1739 341 1828 περὶ
367 1741 495 1808 τούτων
522 1740 690 1808 ἐπιθεῖναι
716 1739 795 1807 καθ’
821 1741 915 1827 ήμῶν
938 1740 1136 1808 ἐθέλουσαν·

126 1859 194 1914 τῶν
219 1849 330 1914 ἄλλων
353 1849 489 1913 οἰκετῶν
513 1847 574 1914 οὐκ
597 1847 802 1930 ἐθελήσαντα
823 1855 944 1913 τοῦτον
967 1854 1137 1932 παραλαμ·

126 1956 243 2040 βύνειν
265 1952 399 2036 οὐδένα,
424 1965 491 2019 τῶν
513 1950 608 2018 πάντ’
636 1955 774 2019 εἰδότων
796 1958 923 2039 μᾶλλον
945 1952 965 2038 ή
989 1956 1135 2032 Μιλύας·

126 2071 195 2126 τῶν
217 2060 395 2146 μαρτύρων
417 2062 453 2125 οδ
469 2060 740 2144 κατεμαρτύρουν
757 2058 894 2144 χρήματ’
917 2061 1003 2144 ἐχειν
1022 2059 1136 2142 αὐτόν,

87 2185 113 2225 ετ
129 2162 241 2229 οὐδενὶ
269 2176 335 2232 τῶν
362 2167 659 2249 ψευδομαρτυριῶν
686 2164 948 2250 ἐπεσκημμένον·
976 2167 1037 2250 τήν
1065 2167 1135 2232 δια-

126 2271 238 2353 θήκην
260 2269 322 2336 οὐκ
344 2269 522 2354 ἀποδόντα,
545 2266 624 2336 οὐδὲ
644 2271 703 2336 τὸν
722 2265 816 2336 ολκον
834 2272 1051 2354 μισθώσαντα
1067 2284 1136 2337 τῶν

127 2378 241 2461 νόμων
258 2378 475 2441 κελευόντων·
492 2379 605 2441 πίστιν
622 2375 789 2442 ἐπιθεῖναι
807 2378 1036 2462 προομνύντος
1054 2377 1136 2462 ἐμοῦ

128 2479 277 2548 καὶτῶν
303 2482 495 2566 μαρτύρων,
525 2478 602 2547 ὥστ’
633 2481 794 2566 ἀφεῖσθαι
821 2491 941 2549 τοῦτον
963 2493 1031 2548 τῶν
1057 2507 1136 2569 χρη-

129 2588 241 2672 μάτων
272 2583 350 2651 καθ’
381 2585 403 2652 ἀ
433 2589 492 2653 τὸν
519 2587 655 2653 Μιλύαν
685 2585 856 2673 ἐξῄτησεν,
889 2588 951 2654 ούκ
977 2587 1137 2672 οίηθέντα

129 2694 214 2770 δεῑνς
247 2692 292 2777 μδ
323 2695 402 2770 τοὺς
432 2696 550 2775 θεοὺς,
582 2692 645 2776 ἐγὼ
677 2689 738 2779 μὲν
770 2693 832 2759 ούκ
863 2691 905 2760 ἀν
933 2691 1036 2779 ἔχοιμ’
1068 2695 1135 2761 ἐπι-

129 2797 233 2876 δείξαι
254 2796 344 2864 ταῦτ’
368 2796 601 2883 ἀκριβέστερον
622 2797 643 2882 ή
661 2807 782 2866 τοῦτον
799 2801 859 2866 τὸν
877 2803 1010 2887 τρόπον.
1047 2802 1136 2868 ούτω

128 2907 244 2971 τοίνυν
279 2915 434 2988 φανερῶς
463 2915 530 2970 τῶν
561 2927 595 2969 τε
627 2905 805 2989 μαρτύρων
837 2907 1134 2992 καταψευδόμενος,

128 3009 183 3078 καὶ
215 3010 251 3076 ἐκ
281 3021 348 3076 τῶν
374 3011 576 3095 πραγμάτων
603 3006 704 3076 ούδέν
731 3011 960 3096 ζημιούμενος,
992 3011 1048 3079 καὶ
1073 3016 1137 3097 τήν

90 3136 115 3176 ⁶8
129 3119 225 3201 δίκην
258 3118 392 3193 δικαίως
423 3116 598 3200 ὠφληκώς,
631 3117 719 3200 ὅμως
751 3116 969 3202 ἀναισχυντεῖ.
1018 3117 1073 3186 καὶ
1105 3123 1138 3186 εί

129 3220 188 3308 μέν
225 3224 269 3308 μή
300 3219 356 3288 καλ
386 3223 474 3307 παρὰ
505 3232 575 3298 τοῖς
606 3222 710 3288 αὑτοῦ
741 3225 852 3306 φίλοις
882 3220 938 3288 καὶ
969 3227 1057 3309 παρὰ
1088 3235 1133 3312 τῷ

130 3331 278 3414 διαιτητῇ
300 3325 572 3413 προεγνωσμένος
594 3327 721 3393 ἀδικεῖν
741 3328 880 3405 τούτους
898 3328 1039 3396 ἐποιεῖτο
1056 3335 1136 3408 τοὺς

129 3438 263 3518 λόχους,
295 3429 394 3517 ήττον
426 3431 468 3498 ἀν
497 3429 539 3516 ήν
566 3433 659 3514 ἀξιον
686 3434 881 3517 θαυμάζειν·
914 3445 978 3500 νῦν
1006 3435 1036 3501 δ’
1067 3436 1133 3502 ἐπι-

128 3538 244 3622 τρίψαι
267 3562 306 3624 με
329 3541 444 3616 πείσας
462 3533 619 3628 Ἀρχένεφ
642 3535 696 3605 καλ
716 3539 926 3624 Δρακοντίδη
945 3536 1000 3604 καὶ
1021 3541 1134 3623 Φοίυφ,
