2614 3904
440 233 442 238 .
487 189 571 242 KAT'
590 191 742 242 ΑΦΟΒΟΤ
759 193 791 246 A.
1084 189 1149 255 335

93 363 123 405 ⁶⁹
138 345 368 432 ἐξηρίθμησεν.
406 348 479 434 ἐμοὶ
504 345 534 414 δ’
557 349 593 414 ἐκ
615 350 780 434 τεττάρων
803 348 858 416 καλ
882 349 960 416 δέκα
977 351 1150 416 ταλάντων

137 451 173 518 ἐν
198 451 265 519 δέκ’
288 457 374 519 ἐτεσι
397 456 479 538 πρὸς
501 455 560 520 τὸν
583 459 707 539 χρόνον
728 480 763 521 τε
786 454 842 521 καὶ
864 458 925 540 την
948 455 1077 523 ἐκείνου
1098 462 1149 541 μί·

137 566 267 625 σθωσιν
298 558 400 625 πλέον
431 559 452 644 ἢ
484 561 661 644 τριπλάσια
690 562 772 626 κατά
800 564 837 626 τὸ
866 564 952 639 είκὸς
979 572 1149 646 προσῆκον

135 665 308 748 γενέσθαι,
336 675 434 730 τοῦτο
459 667 514 730 διδι
537 669 571 730 τί
592 666 653 731 οὐκ
677 665 846 751 ἐποίησεν,
875 667 1009 752 ἐρωτᾶτ’
1037 668 1148 735 αὐτόν.

135 773 167 836 εί
191 767 252 856 μέν
279 772 343 856 γὰρ
370 770 502 854 βέλτιόν
529 788 634 855 φησιν
662 767 746 838 εἶναι
775 774 818 857 μὴ
847 780 1064 858 μισθωθῆναι
1089 777 1149 840 τὸν

135 871 240 959 οἶκον,
264 877 400 954 δειξάτω
423 878 467 961 μη
492 878 649 942 διπλάσια
674 874 757 961 μηδὲ
781 880 957 964 τριπλάσιά
979 903 1036 965 μοι
1056 903 1149 964 γενε·

134 982 275 1067 νημένα,
300 977 371 1047 ἀλλ’
398 981 482 1047 αὐτά
504 983 544 1057 τά
567 983 687 1068 ἀρχαῖά
711 1008 767 1068 μοι
789 983 884 1050 πάντ’
911 985 1149 1071 ἀποδεδομένα.

135 1090 166 1152 εί
197 1082 227 1153 δ’
257 1088 293 1153 ἐκ
324 1089 489 1173 τεττάρων
521 1087 576 1154 καὶ
611 1087 699 1154 δέκα,
721 1091 890 1156 ταλάντων
918 1092 954 1157 οί
978 1088 1038 1177 μὲν
1066 1090 1144 1177 μηδ’

135 1191 362 1278 ἑβδομήκοντα
381 1203 464 1278 μνᾶς
482 1197 768 1280 παραδεδώκασιν,
790 1196 808 1262 ὁ
827 1192 864 1261 δὲ
882 1196 937 1263 καὶ
956 1199 1038 1283 πρὸς
1056 1197 1148 1283 ὀφεί-

134 1301 235 1365 λοντά
258 1297 291 1383 μ’
320 1299 436 1389 [αὐτῷ]
461 1298 640 1384 ἀπέγραψε,
663 1313 733 1379 πῶς
751 1301 981 1380 ἀποδέξασθαί
995 1327 1027 1370 τι
1045 1322 1147 1390 προσ-

133 1407 205 1489 ήκει
228 1405 357 1470 τούτων
380 1409 562 1489 λεγόντων;
587 1407 742 1491 οὐδαμῶς
766 1410 947 1492 δήπουθεν.

91 1529 121 1569 ιο
227 1512 397 1595 Τοσαύτης
418 1515 534 1577 τοίνυν
559 1511 674 1589 οὐσίας
693 1537 749 1598 μοι
768 1519 1045 1598 καταλειφθείσης
1063 1516 1148 1600 ὅσην

134 1614 167 1694 ἐξ
195 1615 297 1701 ἀρχῆς
323 1616 501 1700 ἠκούσατε,
528 1615 583 1683 καὶ
611 1627 672 1685 τοῦ
696 1622 812 1704 τρίτου
835 1618 956 1705 μέρους
978 1624 1147 1705 πρόσοδον

134 1721 236 1806 αὐτῆς
262 1723 430 1806 φερούσης
457 1726 661 1806 πεντήκοντα
688 1734 787 1808 μνᾶς,
818 1725 892 1804 ἐξὸν
920 1727 1050 1805 τούτοις
1076 1739 1147 1806 τοῖς

134 1827 391 1911 ἀπληστοτάτοις
414 1830 601 1914 χρημάτων,
624 1827 680 1895 καὶ
699 1832 730 1896 εί
746 1831 790 1914 μὴ
810 1837 957 1914 μισθοῦν
975 1832 1034 1898 τὸν
1053 1828 1146 1899 οἶκον

134 1933 329 2018 ἐβούλοντο,
357 1934 421 2000 ἀπὸ
447 1931 510 2019 μὲν
531 1937 659 2001 τούτων
682 1947 749 2001 τῶν
772 1939 997 2021 προσιόντων,
1024 1938 1147 2016 ἐῶντας

134 2040 243 2125 ὥσπερ
267 2036 334 2126 εἶχε
356 2042 438 2106 κατὰ
461 2043 583 2126 χώραν,
607 2041 692 2125 ἡμᾶς
713 2065 748 2108 τε
771 2042 907 2128 τρέφειν
929 2041 983 2108 καὶ
1006 2045 1046 2109 τά
1063 2047 1147 2130 πρὸς

133 2145 195 2228 τὴν
226 2148 324 2212 πόλιν
358 2148 511 2230 διοικεῖν,
543 2145 600 2213 καὶ
628 2143 678 2213 ὅτ’
711 2147 743 2226 ἐξ
772 2149 883 2214 αὐτῶν
910 2153 1145 2235 περιεγίγνετο,

92 2272 120 2311 οι
133 2261 236 2317 ταῦτα
263 2262 550 2337 προσπεριποιεῖν,
577 2254 640 2337 τὴν
668 2250 698 2318 δ’
730 2255 833 2337 ἀλλην
861 2254 980 2319 οὐσίαν
1008 2255 1146 2342 ἐνεργὸν

133 2359 322 2441 ποιήσασιν,
346 2353 452 2424 οὖσαν
470 2361 591 2443 ταύτης
611 2361 800 2444 διπλασίαν,
823 2359 935 2437 αὑτοῖς
952 2358 997 2444 τ’,
1021 2365 1052 2428 εἰ
1067 2386 1145 2448 χρη-

133 2465 246 2548 μάτων
265 2463 467 2548 ἐπεθύμουν,
487 2457 591 2549 μέτρι’
611 2463 644 2542 ἐξ
663 2464 774 2531 αὐτῶν
793 2469 917 2549 λαβεῖν,
937 2468 1014 2551 ἐμοί
1027 2491 1063 2534 τε
1081 2473 1145 2535 σὺν

132 2581 203 2647 τοῖς
226 2570 375 2655 ἀρχαίοις
396 2572 456 2636 τὸν
480 2565 574 2636 οἶκον
598 2568 633 2636 ἐκ
655 2582 723 2636 τῶν
741 2573 917 2656 προσόδων
936 2577 1033 2658 μείζω
1052 2587 1147 2660 ποιη-χ

133 2694 200 2760 σαι,
225 2677 351 2741 τούτων
375 2671 436 2759 μὲν
460 2672 561 2740 ούδέν
580 2674 750 2759 ἐποίησαν,
774 2677 975 2763 ἀποδόμενοι
995 2678 1024 2744 δ’
1048 2680 1145 2766 ἀλλη-

134 2785 204 2858 λοις
226 2783 266 2847 τά
289 2785 445 2850 πλείστου
465 2780 538 2858 ἀξια
556 2793 630 2860 τῶνΙ
643 2781 874 2868 ἀνδραπόδων,
898 2786 938 2850 τά
958 2782 995 2850 δέ
1012 2789 1134 2853 παντά-
1145 2801 1196 2850 833

132 2905 235 2953 πασιν
261 2886 497 2970 ἀφανίσαντες,
511 2933 512 2936 ¹
526 2885 607 2971 ἐμοῦ
627 2884 695 2971 μὲν
723 2876 856 2954 ἀνεῖλον
879 2888 934 2954 καὶ
959 2893 1018 2975 τὴν
1040 2892 1144 2978 ὑπάρ-

133 3011 259 3078 χουσαν
284 2995 469 3079 πρόσοδον,
498 2997 593 3077 σφίσι
617 2991 647 3058 δ’
675 2992 788 3071 αὐτοῖς
810 2995 852 3059 ού
875 2997 995 3081 μικράν
1019 2997 1055 3062 ἐκ
1077 3010 1144 3064 τῶν

93 3119 119 3158 ⁶2
133 3099 221 3184 ἐμῶν
235 3100 535 3166 κατεσκευάσαντο.
571 3102 729 3182 λαβόντες
752 3097 788 3165 δέ
811 3099 866 3166 καὶ
889 3100 977 3167 τᾶλλ’
1001 3105 1145 3188 αἰσχρῶς

133 3205 254 3272 οὑτωσὶ
277 3207 395 3290 πάντα,
417 3205 520 3272 πλέον
542 3204 563 3288 ἣ
585 3207 624 3270 τά
642 3205 761 3289 ἡμίσεα
780 3217 846 3271 τῶν
865 3209 1041 3292 χρημάτων
1060 3206 1143 3294 μηδὲ

132 3318 519 3397 καταλειφθηναικοινη
546 3311 666 3389 πάντες
689 3311 971 3397 ἀμφισβητοῦσιν,
1000 3316 1044 3391 ὡς
1066 3337 1143 3381 πενυ

131 3419 331 3490 τεταλάντου
348 3459 349 3463 =
364 3414 401 3482 δέ
428 3420 533 3502 μόνον
560 3425 620 3501 τῆς
646 3417 761 3494 ου’σίας
788 3419 891 3502 ούσης
918 3419 953 3486 ἐκ
979 3423 1142 3504 τοσαύτης

131 3526 214 3602 τοὺς
232 3526 358 3608 λόγους
375 3522 627 3610 ἀπενηνόχασιν,
652 3523 693 3590 οὐ
712 3527 881 3610 πρόσοδον
900 3522 960 3610 μὲν
978 3525 1012 3604 ἐξ
1031 3525 1141 3590 αὐτῶν
