2612 3918
175 137 238 200 102
487 141 557 189 XXI.
581 137 860 191 ΔΗΜΟΣΘΕΝΟΤΣ

170 300 375 382 θεραπαίνας
401 297 551 380 κέκτηται
578 300 701 375 πολλδις
727 297 748 382 ἣ
776 297 893 381 σκεύη,
921 294 990 362 ἀλλ’
1018 295 1055 374 ὃς
1077 293 1119 362 δν
1142 295 1180 361 ἐν

169 405 299 482 τούτοις
327 406 474 490 λαμπρὸς
500 402 557 470 καὶ
585 408 758 489 φιλότιμος
785 395 821 490 ᾖ,
849 399 897 468 ὧν
924 403 1027 469 ἅπασι
1051 401 1181 487 μέτεστι

170 522 239 588 τοῖς
260 515 396 588 πολλοῖς
418 511 524 595 ὑμῶν·
549 505 597 577 ὧν
620 507 720 577 οὐδέν
744 511 898 595 εὑρήσετε
918 509 1024 597 τούτῳ
1042 512 1179 594 προσόν.

123 635 159 674 ιω
256 615 353 683 Ἀλλδ
376 620 416 702 νὴ
440 621 509 682 Δία
531 619 647 702 τριήρη
672 616 848 683 ἐπέδωκεν·
878 616 1002 699 ταύτην
1024 617 1087 701 γδιρ
1111 609 1176 681 οἶδ’

171 723 221 788 ὄτι
240 726 428 809 θρυλήσεύ,
452 721 507 790 ιιαδ
526 726 624 808 φύσει
643 722 730 808 ,ἐγὼ
748 721 829 808 ὑμῖν
847 725 965 808 τριήρη
984 721 1179 803 ἐπέδωκα“].

171 828 292 895 οὑτωσὶ
316 831 356 913 δὴ
379 832 544 913 ποιήσατε.
583 831 614 895 εί
630 826 691 914 μέν
710 823 736 894 δι
755 830 875 914 ἄνδρες
894 821 1065 912 Ἀθηναῖοι
1084 831 1180 911 φιλο-

169 939 277 1019 τιμίας
299 935 408 1000 εἵνεκα
431 936 555 1018 ταύτην
578 933 752 1016 ἐπέδωκεν,
775 933 819 1018 ἣν
841 935 1000 1018 προσήκει
1022 944 1089 999 τῶν
1112 956 1179 999 τοι-

170 1042 279 1105 ούτων
301 1041 388 1125 ἐχειν
410 1040 518 1125 χολριν,
541 1041 665 1124 ταύτην
683 1036 764 1124 ἔχετ’
788 1039 876 1128 αὐτῷ
895 1038 1067 1122 κόπόδοτε,
1084 1038 1179 1124 ὑβρί-

172 1150 237 1226 ζειν
265 1144 301 1213 δέ
324 1150 367 1233 μὴ
392 1149 488 1213 δῶτε·
519 1147 658 1223 οὐδενὸς
679 1149 743 1232 γδρ
766 1146 956 1231 πράγματος
979 1140 1052 1212 οὐδ’
1078 1148 1180 1232 ἔργου

171 1261 269 1319 τοῦτο
297 1251 536 1337 συγχωρητέον.
583 1254 614 1317 εί
640 1248 677 1318 δέ
704 1254 745 1335 δὴ
773 1250 827 1317 καὶ
855 1253 979 1328 δειλίας
1000 1249 1056 1317 καὶ
1079 1251 1179 1318 ἐναν-

171 1360 266 1445 δρίας
293 1360 401 1424 εἵνεκα
429 1359 639 1444 δειχθήσεται
661 1366 758 1424 τοῦτο
781 1358 981 1441 πεποιηκώς,
1009 1358 1053 1443 μὴ
1075 1380 1180 1441 παρα-

171 1471 365 1550 κρουσθῆτε.
411 1476 480 1542 πῶς
502 1458 564 1530 οὖν
587 1470 732 1542 είσεσθε;
757 1461 821 1546 ἐγὼ
843 1459 1020 1530 καὶτοῦτο
1044 1464 1179 1547 διδάξω,

121 1587 158 1627 1⁶1
173 1572 306 1637 ἄνωθεν
330 1568 377 1654 δέ,
400 1573 525 1656 βραχὺς
544 1571 610 1656 γύρ
634 1566 706 1635 ἐσθ’
729 1569 747 1634 δ
770 1571 879 1652 λόγος,
903 1567 992 1650 λέξω.
1030 1568 1175 1655 ἐγένοντ’

172 1679 219 1754 είς
241 1678 390 1760 Εὔβοιαν
413 1677 577 1753 ἐπιδόσεις
599 1673 676 1761 παρ’
702 1675 783 1760 ὑμῖν
804 1687 943 1760 πρῶται·
966 1676 1094 1742 τούτων
1117 1677 1179 1742 ούκ

171 1778 213 1866 ἦν
235 1785 388 1863 Μειδίας,
414 1780 484 1848 ἀλλ’
511 1781 586 1865 ἐγὼ,
611 1779 667 1848 καὶ
690 1785 951 1867 συντριήραρχος
972 1777 1015 1865 ἦν
1038 1805 1093 1866 μοι
1119 1787 1178 1849 Φι-

173 1895 263 1966 λῖνος
286 1887 304 1955 δ
328 1889 568 1974 Νικοστράτου.
608 1887 716 1970 ἕτεραι
739 1887 890 1972 δεύτεραι
913 1888 993 1971 μετὰ
1014 1885 1104 1954 ταῦτ’
1132 1892 1179 1966 είς

166 1993 345 2060 Ὄλυνθον
370 1990 448 2060 ούδέ
470 1995 599 2060 τούτων
621 1988 664 2076 ἦν
683 1994 833 2070 Μειδίας.
870 1997 977 2059 καίτοι
998 1997 1058 2060 τόν
1079 2019 1117 2078 γε
1136 1995 1178 2078 δὴ

172 2103 349 2185 φιλότιμον
371 2109 539 2186 πανταχοῦ
562 2109 728 2185 προσῆκεν
747 2099 960 2179 ἐξετάζεσθαι.
992 2104 1098 2186 τρίται
1114 2111 1179 2167 νῦν

172 2201 268 2272 αὗται
290 2209 467 2292 γεγόνασιν
490 2206 665 2284 ἐπιδόσεις·
690 2201 826 2272 ἐνταῦθ’
847 2205 997 2273 ἐπέδωκε.
1035 2218 1117 2286 πῶςς
1141 2207 1178 2272 ἐν

171 2323 211 2400 τῇ
238 2318 343 2400 βουλῇ
370 2312 576 2398 γιγνομένων
600 2313 781 2379 ἐπιδόσεων
802 2313 918 2397 παρὼν
941 2311 1002 2378 ούκ
1024 2311 1179 2379 ἐπεδίδου

120 2435 158 2476 1⁶¹
171 2423 258 2486 τότε·
277 2419 389 2503 ἐπειδὴ
410 2417 446 2486 δέ
464 2424 715 2505 πολιορκεῖσθαι
732 2421 811 2495 τοὺς
829 2418 865 2484 ἐν
888 2419 1055 2502 Ταμύναις
1072 2432 1234 2501 awa-567

171 2527 288 2603 τιώτας
316 2525 540 2610 ἐξηγγέλλετο,
566 2523 621 2590 καὶ
650 2526 774 2602 πάντας
801 2524 921 2604 ἐξιέναι
944 2527 1023 2601 τοὺς
1043 2523 1178 2590 ὑπολοί

171 2655 255 2708 πους
274 2631 400 2715 ἱππέας,
419 2627 467 2698 ὧν
485 2623 532 2708 εἷς
551 2625 648 2708 οὗτος
666 2626 719 2714 ἦν,
740 2630 1005 2716 προεβούλευσεν
1023 2630 1044 2714 ἡ
1062 2634 1178 2717 βουλή,

70 2769 73 2775 ·
171 2747 348 2822 τηνικαῦτα
380 2735 543 2823 φοβηθεὶς
573 2737 635 2821 τὴν
668 2740 848 2825 στρατείαν
872 2737 1009 2820 ταύτην,
1042 2739 1088 2814 είς
1116 2739 1179 2822 τὴν

173 2842 332 2908 ἐπιοῦσαν
359 2841 550 2925 ἐκκλησίαν,
578 2839 658 2923 πρὶν
683 2839 737 2907 καὶ
761 2841 944 2927 προέδρους
966 2841 1178 2927 καθέζεσθαι,

171 2949 349 3035 παρελθὼν
372 2947 544 3014 ἐπέδωκεν.
590 2956 635 3036 τῷ
660 2949 778 3031 δῆλον,
804 2948 887 3012 ὥστε
910 2942 987 3032 μηδ’
1013 2948 1179 3015 ἀντειπεῖν

173 3056 275 3122 αὐτὸν
298 3057 396 3140 ἔχειν,
418 3055 469 3120 ότι
492 3054 553 3138 τὴν
576 3057 749 3140 στρατείαν
769 3053 913 3137 φεύγων,
937 3055 978 3121 ού
997 3058 1178 3143 φιλοτιμίᾳ,

172 3156 262 3229 τοῦτ’
284 3160 452 3244 ἐποίησενς
471 3171 541 3237 τοῖς
559 3161 639 3245 μετδι
656 3169 758 3224 ταῦτα
777 3167 975 3245 πραχθεῖσιν
992 3157 1048 3226 ὑπ’
1066 3161 1177 3228 αὐτοῦ.

121 3288 159 3328 ιιι
172 3269 209 3334 τὸ
233 3263 294 3353 μέν
316 3267 379 3350 γδιρ
402 3278 543 3352 πρῶτον,
568 3266 611 3343 ὡς
635 3265 696 3331 ούκ
715 3264 831 3346 ἐδόκει,
855 3268 1035 3351 προϊούσης
1052 3277 1110 3352 τῆς
1127 3267 1177 3334 έκ-

173 3375 308 3456 κλχσίας
330 3371 386 3438 καλ
409 3375 517 3455 λόγων
540 3370 757 3456 γιγνομένων,
782 3381 840 3455 τῆς
861 3384 928 3437 τῶν
953 3372 1078 3438 ίππέων
1100 3376 1178 3459 βοη-

174 3482 268 3554 θείας
290 3479 354 3565 ἥδη
378 3480 460 3561 δεῖν,
484 3475 555 3544 ἀλλ’
582 3478 800 3546 ἀνεπεπτώκει
822 3479 863 3545 τδ
885 3488 942 3564 τῆς
965 3477 1093 3561 ἐξόδου,
1117 3479 1178 3546 ούκ
