2612 3918
175 127 239 192 128
482 134 568 188 Χάει.
591 130 871 185 amomum

171 291 426 373 βεβουλευκέναι
449 288 503 356 καί
527 293 591 380 ὅτῳ
614 294 672 377 μή·
696 295 803 357 καίτοι
824 291 903 368 τούς
925 315 962 374 γε
985 290 1029 375 μή
1052 291 1183 355 αἰτοῦν-

172 418 229 472 τας
251 393 335 480 μηδὲ
358 401 472 482 λαβεῖν
495 397 669 476 ἀξιοῦντας
690 401 763 483 [τήν
782 398 900 483 ἀρχήν]
921 394 994 463 οὐδ’
1017 397 1184 482 ἐπερωτᾶν

133 515 159 556 1⁰
172 509 347 586 προσήκεν.
383 506 465 588 πρὸς
486 507 603 570 τοίνυν
624 506 755 582 τούτοις
774 506 863 569 ἔστιν
883 502 903 568 δ
922 504 1067 569 Μειδίου
1086 525 1183 586 κατή-

171 617 353 693 μοροῦντος
375 619 432 694 τής
456 614 579 694 βουλῆς
601 609 656 677 καὶ
679 612 789 676 ἀλλων
811 619 925 692 τινῶν,
951 608 1184 692 ἀναπηδῶντες

173 714 208 778 οί
222 717 409 798 βουλευταί,
429 714 562 782 ἐδέοντο
581 718 625 800 μή
645 725 732 799 σφᾶς
750 714 936 800 ἀφελέσθαι
955 716 1017 798 τήν
1032 715 1183 800 δωρειάν.

171 818 226 885 καὶ
248 816 338 886 ταῦτ’
361 822 401 887 ού
424 817 501 907 παρ’
523 822 605 906 ἐμοῦ
629 825 682 888 δεί
701 822 873 888 πυθέσθαι
895 825 974 898 τοὺς
992 821 1184 900 δικάζοντας

172 926 266 1011 ὑμᾶς,
290 925 359 992 ἀλλ’
383 926 477 994 αὐτοὶ
500 932 660 1013 παρόντες
684 925 747 994 ἴστ’
770 928 807 993 έν
828 935 874 1015 τῷ
901 928 994 1015 δήμῳ
1012 929 1183 1011 γενόμενα.

173 1030 256 1098 ὥσθ’
283 1033 363 1098 ὅταν
386 1029 446 1116 μέν
470 1033 513 1117 μή
537 1043 585 1118 φή
608 1035 670 1117 τήν
692 1035 819 1118 βουλήν
842 1035 958 1115 αἰτεῖν,
981 1030 1080 1098 ταῦθ’
1102 1031 1183 1098 ὑπο-

172 1141 367 1224 λαμβάνετε·
390 1139 441 1205 ὅτι
464 1133 495 1204 δ’
517 1138 596 1206 ούδδ
615 1141 674 1206 τὸν
693 1141 799 1224 δῆμον
818 1139 856 1226 ἐᾷ
878 1140 1008 1205 διδόναι
1026 1139 1070 1222 μή
1089 1160 1183 1223 ποιή-

133 1245 327 1331 1ῑσαμένοις
354 1247 411 1322 τάς
437 1255 520 1323 ναῦς
543 1245 561 1313 ὁ
584 1249 702 1331 νόμος,
728 1244 783 1312 καὶ
806 1239 896 1311 τοῦτ’
923 1243 1081 1323 ἐπιδείξω.
1128 1245 1184 1310 διδι

171 1361 273 1418 ταῦτα
295 1352 358 1436 γάρ
380 1347 406 1417 ὦ
425 1352 545 1437 ἀνδρες
563 1349 740 1435 Ἀθηναῖοι
759 1361 879 1418 τοῦτον
898 1352 1040 1435 ἔχειτὸν
1058 1352 1183 1436 τρόπον

172 1457 191 1524 δ
222 1461 338 1543 νόμος,
372 1459 415 1542 μή
450 1457 570 1538 ἐξεῖναι
601 1467 641 1543 νή
674 1461 780 1543 βουλή
812 1459 856 1542 μή
889 1454 1094 1542 ποιησαμένῃ
1126 1459 1183 1534 τάς

171 1567 316 1651 τριήρεις
333 1566 464 1647 αἰτῆσαι
482 1565 544 1647 τήν
564 1565 717 1646 δωρειάν,
737 1565 793 1630 ἵνα
810 1560 892 1649 μηδὲ
906 1566 1089 1647 βιασθῆναι
1103 1558 1181 1648 μηδ’

173 1663 418 1755 ἐξαπατήθήναι
440 1668 562 1753 γένοιτ’
586 1668 639 1734 ἐπὶ
661 1677 707 1757 τῷ
730 1670 831 1757 δήμῳ.
869 1668 910 1734 ού
928 1668 991 1753 γάρ
1010 1663 1092 1754 ρ’ίετο
1111 1669 1184 1735 δεῖν

173 1777 191 1842 δ
214 1774 320 1853 τιθεὶς
342 1777 401 1842 τὸν
425 1778 540 1860 νόμον,
566 1773 619 1840 ἐπὶ
642 1784 682 1858 τῇ
705 1785 772 1840 τῶν
796 1777 960 1857 λεγόντων
984 1774 1123 1859 δυνάμει
1145 1776 1183 1841 τὸ

172 1891 306 1968 πρᾶγμα
327 1890 538 1964 καταστῆσαι,
563 1878 633 1946 ἀλλ’
656 1879 675 1945 δ
699 1882 830 1947 δίκαιον
852 1875 895 1964 ήν
917 1879 1027 1965 εὑρεῖν
1046 1881 1111 1966 ἀμα
1129 1880 1185 1946 καὶ

172 1987 345 2074 συμφέρον
366 1996 412 2076 τῷ
437 1987 546 2075 δήμςο,
569 1990 663 2074 νόμῳ.
685 1987 851 2072 τετάχθαι.
896 1987 955 2062 τάς
976 1989 1121 2070 τριήρεις
1144 1988 1185 2052 ού

171 2098 361 2178 πεποίησαι;
381 2095 426 2179 μή
444 2096 562 2158 τοίνυν
579 2099 663 2158 αίτει
677 2093 738 2177 τήν
753 2093 903 2178 δωρειάν.
932 2093 1017 2158 ὅπου
1031 2087 1063 2157 δ’
1080 2095 1185 2158 αίτείν

173 2203 234 2269 οὐκ
256 2201 305 2289 ἐᾷ,
328 2211 398 2277 πῶς
421 2199 461 2266 ού
485 2200 617 2284 σφόδρα
641 2200 767 2266 δοῦναί
785 2223 822 2283 με
845 2199 978 2276 κωλύεις

134 2321 158 2362 ¹²
252 2306 366 2386 ’Ἄξιον
392 2309 508 2371 τοίνυν
536 2300 562 2370 ὦ
587 2305 707 2391 ἀνδρες
727 2302 902 2388 ’Λθήναίοι
924 2305 1055 2370 κάκεῖνο
1079 2304 1184 2385 ἐξετά-

172 2432 244 2499 σαι,
270 2417 306 2479 τί
325 2409 454 2496 δήποτ’,
485 2410 526 2476 ἀν
549 2413 652 2476 τάλλα
674 2406 777 2476 πάνθ’
802 2410 822 2494 ή
847 2413 952 2495 βουλή
976 2416 1083 2488 καλῶς
1105 2415 1184 2496 βου-

172 2523 273 2606 λεύσή
296 2517 352 2585 καὶ
370 2516 484 2603 μηδεὶς
503 2520 559 2603 έχή
578 2514 684 2602 μηδὲν
702 2516 885 2601 ἐγκαλέσαι,
908 2520 966 2595 τὰς
984 2514 1021 2583 δέ
1039 2519 1185 2603 τριήρεις

172 2629 217 2712 μή
239 2628 429 2710 ποιήσηται,
458 2624 518 2691 οὐκ
542 2623 645 2704 ἔξεστι
669 2626 786 2706 λαβεῖν
809 2624 871 2706 τήν
895 2623 1047 2708 δωρειάν.
1089 2623 1185 2709 εὑρή-

172 2750 244 2798 σετε
276 2733 338 2817 γάρ
370 2729 459 2796 τοῦτ’
494 2732 632 2815 ἰσχυρὸν
665 2725 748 2815 ὑπὲρ
780 2738 842 2795 τοῦ
875 2731 983 2814 δήμου
1013 2733 1174 2814 κείμενον.
1185 2741 1236 2794 σῦλ

172 2834 263 2921 οἶμαι
289 2839 353 2923 γάρ
380 2835 422 2902 ἀν
450 2834 565 2921 μηδέν’
597 2835 778 2919 ἀντειπεῖν,
807 2836 851 2912 ὡς
879 2835 939 2920 οὐχ
968 2835 1029 2901 ὅσα
1055 2837 1184 2902 πώποτε

171 2953 211 3030 τῇ
230 2947 323 3010 πόλει
341 2937 452 3026 γέγον’
473 2941 493 3026 ή
513 2951 577 3006 νῦν
596 2939 661 3006 ἔστ’
684 2936 786 3025 ἀγάθ’
811 2941 829 3025 ή
848 2942 985 3026 θάτερα,
1006 2941 1062 3008 ’ίνα
1080 2939 1185 3026 μήδδν

172 3059 253 3118 εἴπω
276 3054 442 3135 φλαῦρον,
472 3047 508 3112 έκ
529 3057 588 3132 τής
610 3057 677 3113 τῶν
700 3049 862 3133 τριήρων,
885 3049 925 3114 τὰ
948 3044 1009 3133 μὲν
1031 3051 1185 3132 κτήσεως,

133 3170 159 3212 1⁸
172 3159 213 3224 τά
231 3155 261 3222 δ’
279 3155 441 3230 ἀπουσίας
458 3152 604 3237 γέγονεν.
638 3146 712 3220 οἷον
731 3191 768 3201 -
785 3155 891 3220 πολλὰ
910 3150 971 3240 μὲν
989 3155 1032 3220 ἀν
1049 3178 1099 3232 τις
1117 3157 1185 3240 ἔχοι

173 3263 281 3347 λέγειν
303 3253 358 3327 καὶ
381 3261 504 3326 παλαιά
525 3258 581 3326 καὶ
604 3261 717 3326 καινά·
742 3258 762 3325 δ
788 3257 817 3325 δ’
843 3255 906 3326 ούν
929 3269 1030 3326 πᾶσιν
1052 3259 1181 3345 μάλιστ’

174 3368 312 3432 ἀκοῦσαι
334 3367 496 3452 γνώριμα,
519 3373 619 3432 τοῦτο
643 3362 713 3451 μὲν,
739 3368 769 3432 εί
790 3364 965 3450 βούλεσθ’,
989 3366 1024 3431 οί
1044 3368 1084 3432 τά
1097 3390 1186 3453 προ-

173 3473 296 3546 πύλαια
319 3471 374 3537 καὶ
397 3474 457 3539 τὸν
480 3468 671 3558 παρθενῶν’
694 3473 970 3572 οἰκοδομήσαντες
993 3472 1113 3538 ἐκείνοι
1131 3472 1187 3540 καλ
