2614 3904
173 181 240 249 390
453 185 578 237 xxxm.
603 179 908 252 [Διιποτοτοοττ]

171 349 306 413 πολλῶν
329 343 409 427 ὑμίν
431 341 519 408 τοῦτ’
543 342 702 422 ἐπιδείξω.
739 341 802 424 ἐγὼ
824 342 888 426 γάρ
909 336 936 407 ἐι
955 341 1076 426 ἄνδρες
1095 341 1197 407 δικα-

171 447 248 515 σταὶ
271 451 378 515 πολύν
400 449 463 533 ἥδη
487 451 611 534 χρόνον
633 446 687 514 ἐπὶ
709 455 766 530 τῆς
789 447 943 532 ἐργασίας
961 446 1009 512 ὢν
1028 455 1086 530 της
1104 449 1197 512 κατὰ

173 556 358 638 θάλατταν,
386 553 480 640 μέχρι
507 554 569 640 μέν
595 575 685 630 τινος
708 552 807 630 αὐτὸς
831 552 1062 635 ἐκινδύνευον,
1092 552 1193 618 οὔπω

172 654 204 727 δ’
230 663 285 745 ἐτη
314 658 403 726 ἐστίν
432 659 525 743 ἕπτά,
555 657 612 744 ἀφ’
640 653 682 725 οὗ
708 660 745 725 τὸ
769 655 829 743 μὲν
851 662 948 724 πλεῖν
969 656 1192 740 καταλέλυκα,

172 765 287 850 μέτρια
306 762 336 832 δ’
359 769 444 852 ἔχων
462 767 592 844 τούτοις
610 775 770 850 πειρῶμαι
791 775 960 841 ναυτικοῖς
979 763 1191 847 ἐργάζεσθαι.

145 871 229 936 ῡδιά
252 867 289 938 δέ
311 874 349 938 τὸ
373 873 515 956 ἀφῖχθαι
537 873 721 956 πολλαχόσε
741 867 797 935 καὶ
816 871 927 936 διὰτὸ
947 865 1036 935 εἶναί
1051 892 1107 953 μοι
1127 871 1190 946 τάς

173 977 343 1062 διατριβὰς
368 976 442 1062 περὶ
465 978 502 1043 τὸ
526 976 696 1062 ἐμπόριον,
719 979 893 1060 γνωρίμως
916 978 979 1060 ἐγω
1002 985 1071 1052 τοῖς
1094 977 1189 1039 πλεί-

172 1097 263 1160 στοις
285 1095 351 1149 τῶν
374 1085 542 1150 πλεόντων
565 1083 627 1166 τὴν
648 1083 831 1148 θάλατταν·
854 1083 985 1159 τούτοις
1004 1078 1042 1148 δέ
1060 1092 1130 1158 τοῖς
1150 1081 1188 1147 ἐκ

172 1189 357 1266 Βυζαντίου
378 1184 433 1253 καὶ
456 1186 544 1251 πάνυ
568 1187 695 1262 οίκείως
717 1196 856 1272 χρῶμαι,
880 1187 936 1252 διὰ
958 1189 996 1252 τὸ
1019 1186 1187 1270 ἐνδιατρῖ-

171 1299 232 1368 υαι
259 1289 387 1358 αὐτόθι.
433 1294 567 1376 ἔχοντος
595 1289 635 1357 δέ
659 1314 724 1376 μου
752 1289 858 1369 οὕτως
885 1292 929 1369 ὡς
953 1290 1053 1376 λέγω,
1081 1291 1238 1358 κατέ-894

171 1399 318 1462 πλευσαν
342 1397 441 1480 δεῦρο
460 1398 572 1480 τρίτον
590 1398 663 1473 ἐτος
681 1391 778 1473 ούτός
796 1419 830 1462 τε
849 1394 904 1464 καὶ
922 1401 1059 1480 πολίτης
1077 1397 1182 1464 αὐτοῦ

173 1501 370 1587 Παρμένων,
393 1503 572 1582 Βυζάντιος
594 1497 655 1585 μὲν
674 1503 711 1567 τὸ
730 1499 837 1585 γένος,
860 1503 969 1586 φυγδς
989 1499 1019 1567 δ’
1043 1503 1183 1568 ἐκεῖθεν.

144 1609 414 1694 ιπροσελθόντες
437 1606 477 1674 δέ
496 1631 554 1692 μοι
576 1606 613 1673 ἐν
630 1615 676 1696 τῷ
696 1607 840 1695 ἐμπορίῳ
860 1603 959 1686 οὗτος
976 1607 1030 1673 καὶ
1051 1609 1068 1675 ὁ
1090 1613 1182 1694 Παρ-

171 1713 295 1797 μένων,
323 1713 537 1798 ἐμνήσθησαν
564 1711 639 1800 περὶ
667 1713 838 1798 ἀργυρίου.
885 1716 977 1798 ἔτυχε
1005 1710 1042 1779 δέ
1065 1713 1181 1780 οὑτοσί

171 1817 315 1903 ὀφείλων
340 1818 392 1885 ἐπὶ
414 1829 453 1905 τη
477 1818 532 1901 νηὶ
553 1829 591 1904 τῇ
611 1818 731 1885 ἑαυτοῦ
749 1821 987 1902 τετταράκοντα
1006 1828 1102 1903 μνᾶς,
1125 1818 1180 1885 καὶ

172 1925 207 1989 οί
231 1935 369 2010 χρῆσται
395 1927 593 2007 κατήπειγον
620 1925 723 1990 αὐτὸν
750 1925 966 2001 ἀπαιτοῦντες
990 1923 1045 1990 καί
1067 1924 1179 2008 ἐνεβά·

170 2055 269 2097 τευον
296 2034 343 2108 είς
369 2032 430 2116 τὴν
457 2040 557 2113 ναῦν,
586 2032 758 2114 εἰληφότες
781 2038 822 2115 τῇ
844 2030 1054 2117 ὑπερημερίᾳ,
1101 2029 1179 2097 ἀπο-

171 2136 322 2224 ρουμένῳ
347 2134 376 2202 δ’
399 2137 498 2222 αὐτῷ,
522 2144 606 2219 μνᾶς
628 2131 687 2220 μὲν
712 2133 791 2200 δέκα
810 2135 827 2201 ό
847 2133 1036 2218 Παρμένων
1055 2135 1179 2221 ἀμολό·1

169 2251 251 2328 γἠσε
270 2245 401 2325 δώσειν,
424 2242 598 2324 τριάκοντα
617 2237 654 2306 δέ
672 2250 756 2326 μνᾶς
775 2241 880 2307 ἐδείτό
899 2263 964 2324 μου
985 2235 1083 2317 οὗτος
1101 2258 1178 2306 συν-

170 2359 367 2435 ευπορῆσαι,
409 2348 602 2430 αἰτιώμενος
642 2349 720 2425 τοὺς
756 2350 896 2432 χρήστας
933 2345 1178 2431 ἐπιθυμοῦντας

170 2466 227 2541 τῆς
258 2457 341 2533 νεὼς
373 2452 624 2537 διαβεβληκέναι
658 2452 759 2519 αὐτὸν
792 2453 828 2519 ἐν
855 2459 901 2540 τῷ
929 2452 1090 2543 ἐμπορίῳ,
1122 2453 1177 2518 ἵνα

170 2563 355 2646 κατάσχωσι
386 2562 447 2643 τὴν
475 2568 561 2624 ναῦν
589 2561 635 2635 είς
662 2557 804 2643 ἀπορίαν
831 2560 1093 2642 καταστήσαντες
1118 2569 1177 2624 τοῦ

147 2669 356 2734 ιάποδοῦναι
378 2668 417 2731 τὰ
438 2668 593 2751 χρήματα.
630 2661 703 2747 ἐμοὶ
721 2661 781 2749 μὲν
800 2659 862 2730 οὖν
881 2664 943 2729 οὐκ
961 2667 1053 2748 ἔτυχε
1071 2667 1176 2752 παρὸν

171 2775 343 2860 ἀργύριον,
362 2773 529 2856 χρώμενος
546 2762 576 2834 δ’
593 2766 791 2854 Ἡρακλείδη
805 2777 850 2858 τῷ
864 2771 1047 2854 τραπεζίτῃ,
1065 2772 1175 2837 ἔπεισα

171 2880 273 2946 αὐτὸν
310 2880 460 2944 δανεῖσαι
492 2876 532 2939 τὰ
563 2877 711 2958 χρήματα
743 2877 886 2958 λαβόντα
918 2871 974 2959 ἐμὲ
1006 2874 1175 2961 ἐγγυητήν.

170 2987 235 3068 ἤδη
255 2982 291 3049 δέ
309 2995 377 3048 τῶν
395 2982 570 3064 τριάκοντα
584 2990 676 3064 μνῶν
690 2978 951 3064 πεπορισμένων,
970 2983 1062 3065 ἔτυχε
1077 3001 1175 3068 προσ-

170 3089 356 3173 κεκρουκώς
378 3111 409 3152 τι
432 3088 537 3174 τούτῳ
562 3085 578 3150 ὁ
603 3085 801 3171 Παρμένων·
827 3085 1046 3170 ὡμολογηκὼς
1069 3082 1099 3152 δ’
1125 3089 1174 3154 εὐ-

170 3197 330 3282 πορήσειν
357 3193 446 3281 αὐτῷ
476 3191 553 3258 δέκα
580 3201 678 3275 μνᾶς,
707 3190 761 3257 καὶ
788 3191 915 3258 τούτων
943 3193 1095 3270 δεδωκὼς
1121 3197 1175 3272 τὰς

171 3313 275 3388 τρεῖς,
302 3303 357 3365 διὰ
380 3301 416 3364 τὸ
441 3297 637 3384 προειμένον
661 3298 820 3383 ἀργύριον
842 3297 1040 3382 ἠναγκάζετο
1063 3298 1173 3366 καὶτὸ

145 3408 290 3472 ελοιπὸν
319 3407 457 3471 διδόναι.
502 3403 602 3480 αὐτὸς
628 3400 690 3488 μὲν
717 3398 778 3469 οὖν
806 3405 862 3470 διά
884 3402 973 3471 τοῦτ’
1000 3404 1062 3470 οὐκ
1083 3405 1173 3488 ἐβού-

174 3517 247 3574 λετο
270 3513 475 3592 ποιήσασθαι
492 3511 529 3574 τὸ
549 3512 764 3592 συμβόλαιον,
787 3506 842 3594 ἐμὲ
862 3504 893 3576 δ’
914 3509 1041 3577 ἐκέλευε
1059 3512 1172 3596 πρᾶξαι
