2602 3910
513 109 727 166 PRAEFATIO.
1089 109 1127 162 IX

120 273 203 333 stare
229 291 296 334 non
319 270 449 355 debere,
476 271 532 335 sed
559 270 616 335 illa
644 271 812 336 eximenda
840 294 918 338 esse.
963 272 1037 357 Ego
1065 273 1130 344 hoc,

6 417 13 474 ι
119 379 244 442 tantum
268 376 364 459 addo,
395 376 582 466 collatorem
610 399 669 461 pro
698 379 744 443 eis
772 379 889 462 quibus
918 379 1047 443 obelum
1075 400 1127 460 ap

118 477 279 563 pinxit'in
301 479 386 546 libro
411 482 530 547 collato
554 505 592 547 ea
614 483 790 569 invenisse,
814 506 895 567 quae
920 487 1051 558 διπλαῖς
1072 505 1127 546 no-

119 588 186 648 tata
209 586 390 650 adscribere
414 609 509 651 suum
533 609 602 652 esse
627 588 728 673 duxit,
752 610 896 673 quaeque
920 589 992 654 dein
1017 588 1126 652 abeis

6 771 8 776 Ι
119 711 197 772 quae
226 692 451 756 describebant
478 692 564 757 inter
593 695 730 759 oratoris
758 696 857 760 verba
887 699 963 760 sunt
989 699 1126 779 recepta.

118 796 227 860 Veluti
250 797 285 860 iu
307 801 327 878 ξ
346 799 387 862 97
416 799 496 863 haec
518 821 604 863 nuno
626 821 693 863 non
716 799 785 864 sine
810 822 928 886 magna
951 799 1127 864 offensione

117 902 282 987 leguntur:
304 912 425 968 τοῦτον
442 905 619 987 ὑβρίζοντα
636 907 792 986 λαβόντες
806 911 852 980 εἴς
865 928 940 969 τινα
954 915 1021 970 τῶν
1035 910 1127 970 πολι-

118 1019 181 1072 τῶν
205 1007 360 1090 ἆφήσετε,
384 1007 438 1072 καὶ
457 1006 537 1092 μήθ’
562 1007 676 1091 ἑορτῆς
694 1005 775 1093 μήθ’
799 1010 896 1091 ἱερῶν
918 1013 998 1094 μήτε
1021 1013 1127 1094 νόμον

119 1111 188 1194 μήτ’
211 1114 317 1178 ἄλλον
335 1116 476 1197 μηδενὸς
494 1117 656 1198 πρόνοιαν
676 1117 893 1198 ποιούμενον;
919 1117 960 1182 οὐ
983 1126 1127 1206 καταψη-
1192 1147 1196 1156 ’

119 1225 264 1300 φιεῖσθες
295 1219 335 1284 οὐ
358 1221 564 1304 παράδειγμα
587 1223 753 1303 ποιήσετε;
781 1219 837 1295 καὶ
860 1225 894 1286 τί
915 1215 1030 1308 φήσετ’
1053 1217 1078 1285 ὦ
1098 1222 1126 1284 ἄ.

120 1326 159 1401 d.;
187 1323 250 1389 κτὲ.
297 1325 415 1389 Verbis
443 1324 497 1390 καὶ
525 1322 606 1409 μήθ’
639 1325 753 1410 ἑορτῆς
862 1330 1013 1410 ποιήσετε
1042 1326 1127 1392 obeli

6 1505 8 1508 Ι
120 1431 257 1514 appositi
278 1436 353 1495 sunt
371 1432 406 1494 in
426 1431 459 1516 S,
482 1433 597 1496 διπλαῖ
618 1431 835 1516 ὠβελισμέναι
854 1433 889 1496 in
907 1433 944 1516 B,
966 1433 1002 1497 in
1020 1431 1047 1498 F
1065 1434 1126 1497 hae

119 1537 221 1601 tribus
245 1536 391 1600 versibus
415 1536 592 1622 prioribus,
621 1536 706 1602 obeli
733 1538 968 1622 posterioribus
992 1537 1126 1602 duobus.

119 1642 188 1720 Hoc
203 1647 261 1726 est,
281 1643 309 1708 si
323 1666 373 1708 me
393 1644 518 1708 audias:
540 1644 576 1706 in
591 1643 663 1708 aliis
683 1644 838 1728 exemplis
856 1647 955 1710 verba
973 1643 1028 1709 καὶ
1042 1639 1123 1727 μήθ’

182 1749 385 1829 ποιούμενον
405 1750 585 1832 exstabant,
608 1749 741 1812 deerant
765 1749 805 1812 οὐ
828 1760 942 1826 καταφ.
1034 1752 1125 1831 ποιή-

121 1872 199 1934 σετε,
217 1854 253 1918 in
267 1853 339 1918 aliis
355 1858 476 1918 contra.
511 1854 601 1917 Vidit
614 1852 764 1938 Weilius,
781 1852 1053 1940 interrogationes
1068 1856 1126 1920 has

121 1959 158 2022 οὐ
180 1983 262 2035 κατ.;
289 1959 330 2023 οὐ
348 1981 379 2024 π.
398 1981 430 2024 π.
451 1983 524 2024 cum
544 1981 681 2042 eaquae
701 1959 847 2044 sequitur
864 1982 931 2024 non
954 1960 1035 2024 bene
1055 1983 1126 2025 oon-

118 2064 217 2150 iungi,
236 2086 310 2128 oum
325 2065 371 2130 sic
389 2087 447 2150 per
461 2087 495 2129 se
509 2066 635 2149 positae
654 2067 716 2130 hoo
729 2066 796 2130 fere
812 2065 1007 2151 significent:
1031 2088 1127 2151 „ergo

121 2171 337 2255 condemnate,
361 2171 543 2254 exemplum
564 2171 599 2235 in
623 2193 696 2234 eum
720 2170 835 2255 edite“;
865 2171 921 2235 sed
942 2171 976 2235 id
1000 2193 1127 2256 quoque

121 2275 342 2359 manifestum,
363 2298 430 2341 non
453 2277 522 2342 sine
545 2299 643 2342 causa
667 2275 704 2340 G.
727 2275 768 2341 Η,
789 2274 997 2340 Schaeferum
1019 2276 1128 2360 priora

121 2380 170 2445 καὶ
193 2375 275 2464 μήθ’
367 2384 570 2466 ποιούμενον
594 2382 654 2448 eici
677 2381 832 2465 voluisse,
860 2386 892 2445 et
919 2381 1077 2446 alterutra
1099 2383 1127 2446 si

122 2484 303 2572 dempseris,
327 2485 536 2550 offensionem
554 2486 635 2550 tolli.
672 2484 759 2550 Nam
782 2485 861 2550 haec
881 2486 1010 2568 quidem
1029 2489 1127 2553 etiam
1207 2539 1212 2552 .

121 2613 286 2656 numerose
306 2595 442 2656 structa:
466 2600 586 2656 τοῦτον
605 2592 779 2675 ὑβρίζοντα
804 2593 960 2672 λαβόντες
983 2599 1030 2670 εἷς
1053 2618 1126 2660 τινα

122 2709 182 2760 τῶν
197 2701 342 2761 πολιτῶν
357 2694 509 2778 ἀφήσετ’,
525 2697 565 2760 οὐ
579 2691 850 2779 καταψηφιεῖσθ’,
866 2697 906 2760 οὐ
921 2700 1128 2783 παράδειγμα

122 2807 267 2884 ποιήσετε
276 2800 315 2886 1);
350 2801 422 2887 Ego
447 2807 556 2866 autem
579 2802 741 2866 sollertiae
761 2807 794 2866 et
817 2802 958 2867 acumini
981 2808 1126 2869 veterum

122 2907 370 2991 diorthotarum,
400 2907 455 2991 qui
484 2907 612 2991 quidem
636 2912 780 2972 oratores
809 2909 1033 2993 tractaverint,
1061 2934 1126 2975 nou

122 3016 244 3077 tantum
268 3014 394 3098 tribuo,
417 3017 455 3077 ut
478 3018 592 3097 suopte
615 3013 747 3099 ingenio
771 3035 826 3077 cos
850 3014 933 3078 hanc
956 3015 1019 3079 loci
1043 3017 1126 3080 male

122 3115 220 3183 habiti
238 3119 396 3183 medelam
416 3119 577 3182 invenisse
597 3121 731 3183 credam.
770 3119 808 3183 Id
828 3141 904 3183 vero
924 3124 956 3183 et
974 3120 1036 3185 hoc
1055 3121 1126 3186 loco

187 3366 214 3434 1)
236 3367 344 3418 Τοῦτον
427 3359 565 3431 ἀφήσετ’
586 3385 620 3408 ω
640 3365 672 3417 ob
754 3361 918 3428 ποιήσεται

271 3449 974 3520 νο--υοι-ιοι-ω-υ--υ-(α
