2590 3900
392 196 859 252 κευιειττοοτττοαοτε.
1063 194 1131 261 283

119 363 186 418 τῶν
218 356 327 439 λόγων
358 362 503 442 πλῆθος,
536 359 638 435 έθους
669 357 778 424 εἵνεκα
807 355 862 423 καὶ
888 366 947 440 τῆς
974 355 1131 442 ὑμετέρας

121 458 308 544 ἀκροάσεως
339 463 411 529 δεῖν
442 466 662 548 ποιήσασθαι,
693 467 868 549 κεκρίσθαι
901 460 938 528 δὲ
966 472 1066 529 τοῦτο
1092 465 1131 528 τὸ

120 575 252 652 πρᾶγμα
280 569 380 634 πάλαι
406 569 472 635 ὑπὸ
499 578 557 652 τῆς
580 568 720 636 ἑκάστου
742 571 874 654 φύσεως
897 575 1048 652 οῖκοθεν,
1076 567 1132 635 καὶ

119 681 183 736 νῦν
206 674 238 738 εί
258 672 320 758 μέν
342 677 429 741 εἰσιν
450 675 544 760 ὑμῶν
567 676 604 740 οί
623 679 756 753 πλείους
779 667 845 741 οἷοι
867 677 945 751 τοὺς
962 678 1132 758 πονηροὺς

121 783 231 860 φιλεῖν
263 778 318 846 καὶ
350 779 481 868 σςόζειν,
513 781 620 865 μάτην
650 780 924 869 ἐρραψῳδηκότας
951 780 1035 864 ἡμᾶς
1062 782 1131 846 ἔσε-

120 889 212 968 σθαι,
236 888 268 950 εἰ
289 883 320 951 δ
347 878 414 951 οἷοι
436 897 556 970 μισεῖν,
580 889 685 972 δίκην,
708 885 767 952 ἐὰν
789 887 870 963 θεὸς
891 885 988 972 θέλη,
1010 895 1131 952 τοῦτον

121 991 251 1057 δώσειν.

93 1111 107 1154 ³
209 1102 353 1164 Πολλῶν
378 1094 415 1164 δὲ
438 1099 549 1181 λόγων
571 1097 756 1185 εἰρημένων
778 1096 834 1163 καὶ
855 1099 990 1164 πάντων
1012 1103 1131 1181 καλῶς,

120 1203 181 1268 οὐκ
199 1203 330 1287 ὀκνήσω
348 1206 431 1288 πρὸς
448 1204 534 1288 ὑμᾶς
552 1206 657 1270 εἰπεῖν
675 1204 697 1268 ά
714 1201 745 1287 γ’
768 1202 840 1288 ἐμοὶ
859 1209 1021 1288 φαίνεται.
1058 1201 1132 1288 ἐμοὶ

118 1310 181 1394 γάρ
209 1307 284 1376 οὐδ’
312 1308 426 1375 ὁτιοῦν
454 1308 597 1375 ἐοικέναι
624 1311 718 1376 δοκεῖ
742 1320 811 1387 τοῖς
838 1311 950 1387 άλλοις
975 1309 993 1376 ὁ
1016 1309 1132 1393 παρὼν
1211 1381 1214 1388 Α

118 1413 218 1498 ἀγών.
261 1427 410 1482 σκοπεῖτε
434 1413 464 1481 δ’
492 1414 624 1482 οὑτωσί.
668 1417 751 1498 πρὸς
773 1413 890 1482 ἅπαντ’
917 1419 1069 1500 ἔρχονται
1091 1416 1132 1480 τά

119 1521 314 1606 δικαστήρια
337 1523 373 1587 ολ
392 1517 453 1606 μὲν
482 1519 632 1588 δικασταὶ
658 1523 748 1603 παρά
775 1531 836 1588 τοῦ
862 1523 1050 1606 κατηγόρου
1077 1519 1132 1586 καὶ

118 1636 178 1722 τοῦ
205 1629 392 1713 φεύγοντος
415 1629 453 1693 τὸ
476 1636 610 1714 πρᾶγμα
633 1629 862 1712 μαθησόμενοι
884 1624 959 1712 περὶ
983 1621 1024 1692 οὑ
1048 1628 1121 1710 δεη-
1133 1639 1180 1689 771

119 1749 169 1799 σει
194 1737 257 1818 τὴν
279 1744 395 1819 ψῆφον
419 1734 564 1816 ἐνεγκεῖν
587 1733 725 1817 αὑτούς,
752 1734 789 1801 οί
809 1729 840 1799 δ’
867 1733 1030 1799 ἀντίδικοι
1052 1731 1128 1817 μεθ’

119 1837 240 1908 ἑαυτοῦ
273 1841 390 1920 δείξων
422 1839 574 1924 ἑκάτερος
604 1841 684 1906 ὄντα
710 1841 751 1905 τὰ
777 1850 844 1905 τῶν
871 1842 985 1923 νόμων
1013 1839 1132 1904 δίκαια.

94 1947 158 2011 4τὺ
182 1944 219 2013 δὲ
242 1947 363 2013 τοῦτου
385 1954 447 2012 τοῦ
469 1945 598 2028 ἀγῶνος
618 1956 688 2021 πῶς
706 1948 785 2030 ἔχεις
810 1945 846 2011 ολ
861 1941 922 2030 μὲν
941 1945 1133 2023 δικάσοντες

119 2051 213 2136 ὑμεῖς
235 2052 329 2136 ἥκετε
352 2057 479 2137 μᾶλλον
501 2050 596 2136 ἡμῶν
617 2061 684 2115 τῶν
707 2052 901 2134 κατηγόρων
919 2051 1055 2134 εἰδότες,
1077 2048 1133 2116 καὶ

119 2158 298 2243 ὀφείλοντα
324 2164 370 2244 τῷ
398 2158 547 2245 δημοσίῳ
577 2165 698 2222 τοῦτον
724 2153 780 2221 καὶ
807 2154 1073 2241 ἐγγεγραμμένον
1096 2155 1134 2222 έν

120 2265 298 2349 άκροπόλει
326 2261 382 2328 καὶ
409 2264 471 2328 οὐκ
498 2262 573 2341 έξὸν
600 2263 689 2351 αὐτῷ
717 2261 839 2345 λέγειν·
876 2257 962 2326 ὥσθ’
993 2260 1133 2328 ἕκαστον

118 2371 213 2456 ὑμῶν
236 2371 425 2455 κατηγόρου
446 2369 539 2448 τάξιν
562 2371 649 2453 ἔχειν
672 2365 728 2434 καὶ
749 2368 788 2432 τὰ
807 2363 906 2432 δίκαι’
929 2365 1064 2450 εἰδέναι,
1088 2371 1131 2452 μὴ

94 2484 244 2561 ὅμαθεῖν
272 2478 414 2542 δεῖσθαι.
460 2474 479 2541 ὁ
508 2470 545 2539 δὲ
569 2477 763 2559 κρινόμενος
785 2484 853 2539 τῶν
875 2468 936 2556 μὲν
959 2474 1006 2551 είς
1029 2490 1133 2559 σωτη-

119 2586 198 2667 ρίαν
225 2584 397 2666 φερόντων
424 2573 496 2646 ἀλλ’
527 2578 601 2645 οὐδ’
632 2579 747 2646 ὁτιοῦν
774 2580 933 2664 πάρεστιν
960 2580 1060 2664 ἔχων,
1092 2581 1133 2645 οὐ

118 2692 199 2766 τοὺς
224 2685 307 2773 ὑπὲρ
331 2688 518 2753 αὐτοῦτοῦ
541 2687 731 2772 πράγματος
754 2688 876 2767 λόγους
899 2686 1064 2770 δικαίους,
1092 2687 1133 2752 οὐ

118 2796 179 2860 τὸν
206 2793 328 2861 ἑαυτοῦ
353 2797 431 2878 βίον
458 2792 690 2877 ἀνθρώπινον,
722 2792 783 2858 οῦκ
809 2789 881 2857 ἄλλ’
913 2789 988 2857 οὐδ’
1020 2791 1133 2859 ὁτιοῦν

119 2899 264 2983 ἀγαθόν·
284 2896 329 2964 δι’
351 2898 372 2964 ἃ
391 2896 421 2963 δ’
443 2897 485 2964 δν
503 2895 557 2963 καὶ
576 2896 654 2983 μηδ’
671 2897 786 2964 ὁτιοῦν
804 2897 930 2962 άδικῶν
947 2921 997 2975 τις
1015 2899 1132 2982 ἔδεισε,

120 3005 176 3070 διὰ
194 3003 292 3071 ταῦθ’
315 2999 413 3081 οὗτος
432 3009 536 3069 οῖεται
555 3006 784 3087 σωθήσεσθαι·
804 3001 841 3068 έν
857 3003 922 3085 γάρ
941 3010 981 3087 τῇ
999 3012 1057 3087 τῆς
1075 3026 1134 3070 πο-

93 3114 237 3196 ινηρίας
259 3110 426 3195 ὑπερβολῇ
449 3110 510 3194 τὴν
533 3108 650 3175 ἐλπίδα
672 3118 730 3194 τῆς
752 3112 916 3193 σωτηρίας
934 3110 1008 3194 ἔχει.
1046 3111 1132 3176 οὑτω

121 3214 151 3282 δ’
183 3216 328 3302 ἐχόντων
358 3219 501 3298 τούτων,
533 3215 628 3282 δοκεῖ
656 3219 717 3300 μοί
740 3239 789 3291 τις
816 3213 879 3280 οὐκ
906 3213 949 3280 ἂν
975 3214 1133 3300 ἁμαρτεῖν

120 3325 233 3407 εἰπόν,
266 3323 317 3389 ὅτι
348 3332 413 3389 νῦν
439 3325 585 3407 κρίνεται
612 3318 674 3407 μὲν
699 3319 964 3408 Ἀριστογείτων,
998 3321 1132 3405 δοκιμά-

89 3410 95 3422 ⁰
121 3431 218 3508 ζεσθε
248 3426 285 3496 δὲ
313 3427 367 3495 καὶ
395 3425 606 3495 κινδυνεύεθ’
637 3429 731 3512 ὑμεῖς
757 3424 833 3513 περὶ
861 3427 968 3511 δόξης.
1014 3428 1046 3491 εί
1072 3422 1133 3510 μὲν

119 3535 184 3620 γάρ
211 3532 402 3620 ὀφθήσεσθ’
429 3533 482 3601 ἐπὶ
508 3545 579 3612 τοῖς
606 3534 692 3602 οὑτω
721 3545 879 3620 φανεροῖς
901 3531 965 3598 καὶ.
978 3532 1132 3615 μεγάλοις
