2612 3918
164 123 207 188 88
478 129 551 183 m
573 127 852 184 ακαοεοειιοεε
1288 106 1290 206 λ

162 287 455 370 μεταγιγνώσκειν,
480 292 592 374 πολλῷ
616 285 775 373 δεινότερ’
801 287 943 374 ὕστερον
965 290 1049 358 άλλα
1069 308 1172 378 προσ·
1290 334 1291 392 χ

162 389 296 476 εξεργάζ
295 415 381 477 οιτο,
408 390 464 458 καλ
490 401 597 481 χρῷτο
624 401 670 482 τῷ
695 399 853 463 πλουτεῖν
874 396 919 480 μὴ
942 394 995 462 ἐπί
1017 391 1109 462 ταῦτ’
1135 397 1173 464 έν

162 488 213 574 οἷς
162 496 365 582 ομηδένα
387 499 543 580 βλάπτων
565 499 664 577 αὐτὸς
686 501 823 585 ἄμεινόν
845 524 877 566 τι
901 511 967 568 τῶν
991 503 1086 569 ίδίων
1108 506 1173 587 θη-

161 619 264 687 σεται,
287 601 358 670 ἀλλ’
380 602 433 670 ἐπί
455 604 625 687 τάναντία,
649 605 687 672 έν
709 597 760 683 οἷς
782 605 904 684 ἀδίκως
927 607 1075 692 έκβαλύν
1096 633 1172 676 τινα

160 706 216 775 καλ
237 713 496 794 προπηλακίσας,
520 709 640 777 ἑαυτὸν
663 711 868 796 εὐδαιμονιεῖ
889 721 947 798 της
963 718 1169 795 περιουσίας;
1292 793 1293 810 ,

108 831 148 872 ¹1⁰
160 824 263 882 ταῦτα
285 819 402 882 τοίνυν
426 811 452 881 ὦ
471 818 591 900 ἄνδρες
607 814 780 902 Ἀθηναίω
799 819 1030 908 πάντατούτῳ
1048 819 1171 905 πέπρα-

160 945 231 987 κται
260 919 330 988 κατ’
361 921 452 1006 ἐμοῦ.
496 920 552 988 καὶ
580 924 643 1008 γδρ
671 925 781 990 αίτίαν
808 923 953 1008 έπήγαγέ
977 948 1033 1010 μοι
1061 929 1171 1011 φόνου

159 1029 267 1113 ψευδῆ
285 1027 339 1094 καὶ
359 1025 459 1094 οὐδέν
478 1025 551 1112 έμοί
569 1032 816 1113 προσήκουσαν,
834 1030 879 1107 ὡς
897 1031 978 1098 αὐτὸ
994 1033 1031 1096 τὸ
1045 1031 1168 1119 πρᾶγμ’
1293 1025 1294 1050 ³

160 1134 320 1218 έδηλωσε,
352 1132 407 1200 καί
438 1135 573 1218 γραφὴν
604 1136 797 1215 λιποταξίου
826 1133 859 1220 μ’
890 1135 1056 1219 ἐγράψατο
1083 1148 1171 1222 τρεῖς

160 1240 259 1317 αὐτὸς
281 1240 386 1318 τάξεις
409 1241 578 1322 λελοιπώς,
602 1239 658 1307 καί
681 1252 748 1306 τῶν
767 1240 805 1307 ἐν
822 1241 951 1329 δ’ύβοίᾳ
969 1244 1171 1328 πραγμάτων

160 1344 267 1433 (τουτί
293 1347 357 1431 γάρ
387 1341 430 1412 αὖ
456 1354 578 1432 μικροῦ
606 1345 762 1431 παρῆλθέ
786 1345 819 1432 μ’
846 1349 978 1431 είπεῑν),
1011 1347 1032 1414 δ
1060 1351 1171 1416 Πλού-

159 1477 279 1538 ταρχος
301 1453 319 1518 ὁ
342 1454 464 1518 τούτου
482 1452 576 1532 ξένος
593 1449 711 1519 καὶί
668 1457 766 1537 φίλος
785 1453 992 1538 διεπράξατο,
1015 1454 1059 1532 όις
1078 1455 1169 1540 [ἐγὼ]

160 1562 264 1637 αίτιός
286 1562 368 1643 είμι,
391 1560 603 1637 κατεσκεύαζε
626 1559 690 1643 πρὸ
713 1568 775 1624 τοῦ
796 1560 834 1626 τὸ
857 1569 991 1644 πρᾶγμα
1012 1560 1171 1644 γενέσθαι

108 1683 145 1723 111
159 1676 261 1731 πᾶσιν
279 1666 426 1749 φανερὸν
446 1665 501 1730 διὰ
521 1665 742 1748 Πλουτάρχου
759 1667 909 1748 γεγονός,
928 1663 983 1730 καί
1001 1671 1225 1734 τελευτῶνὸδῑ

159 1772 334 1856 βουλεύειν
357 1793 423 1855 μου
445 1772 606 1854 λαχόντος
625 1769 887 1854 δοκιμαζομένου
904 1774 1086 1856 κατηγόρει.
1117 1773 1171 1840 καὶ

159 1879 197 1944 τὸ
220 1874 341 1961 πρᾶγμ’
369 1879 416 1953 είς
437 1874 637 1962 ὑπέρδεινόν
660 1899 717 1960 μοι
740 1875 905 1961 περιέστη·
930 1876 1004 1942 άντί
1026 1879 1089 1962 γάρ
1111 1889 1173 1945 τοῦ

161 1986 258 2067 δίκην
286 1977 333 2047 ὧν
361 1981 559 2049 ἐπεπόνθειν
589 1985 719 2065 λαβεῖν,
751 1983 870 2048 δοῦναι
896 1984 1098 2067 πραγμάτων
1124 1981 1173 2052 ὧν

161 2088 262 2157 οὐδέν
285 2087 357 2173 ἐμοὶ
379 2097 546 2173 προσῆκεν
570 2088 794 2154 ἐκινδύνευον.
834 2086 1014 2154 καὶταῦτα
1035 2091 1172 2174 πάσχων

161 2197 224 2279 ἐγὼ
248 2193 302 2261 καί
325 2204 445 2259 τούτου
464 2193 504 2259 ὃν
524 2193 730 2278 διεξέρχομαι
748 2195 874 2278 τρόπον
891 2192 970 2259 νυνὶ
987 2196 1069 2278 πρὸς
1087 2196 1173 2280 ὑμᾶς

161 2302 396 2385 ἐλαυνόμενος,
426 2300 487 2366 οὐκ
511 2301 558 2366 ὢν
582 2300 660 2365 οὔτε
683 2311 750 2366 τῶν
773 2300 982 2384 ἐρημοτάτων
1006 2301 1081 2366 ούτε
1104 2313 1173 2368 τῶν

161 2408 297 2490 ἀπόρων
319 2408 450 2492 κομιδῇ,
474 2406 535 2472 οὐκ
558 2401 649 2490 είχου
669 2401 695 2470 ὦ
714 2407 834 2489 άυδρες
853 2404 1037 2489 Ἀθηναῖοι,
1059 2409 1095 2472 τί
1109 2409 1172 2491 χρὴ

109 2536 147 2575 ιιι
161 2523 305 2597 ποιῆσαι.
342 2515 373 2578 εί
393 2514 457 2596 γάρ
476 2515 580 2578 είπεῑυ
599 2537 630 2576 τι
648 2510 703 2577 καί
722 2509 798 2592 περί
816 2513 944 2578 τούτων
962 2513 1026 2595 ἤδη
1046 2513 1108 2595 δεῖ,
1131 2514 1173 2579 οὐ

162 2620 289 2705 μέτεστι
307 2631 375 2684 τῶν
393 2625 476 2684 ίσωυ
496 2615 575 2684 οὐδὲ
593 2629 660 2682 τῶν
679 2618 804 2702 ὁμοίων
823 2614 849 2682 ὦ
866 2619 986 2702 ἄνδρες
1000 2613 1173 2702 Ἀθηναῖοι

161 2729 245 2809 πρὸς
271 2728 349 2802 τοὺς
376 2729 557 2802 πλουσίους
581 2736 651 2801 τοῖς
673 2728 803 2800 λοιποῖς
825 2723 920 2808 ημῖν,
949 2723 990 2788 ού
1013 2721 1173 2809 μέτεστιν,

162 2834 215 2899 ού·
239 2832 321 2897 ἀλλὰ
344 2830 399 2896 καί
422 2833 537 2917 χρόνοι
559 2831 690 2906 τούτοις
712 2839 773 2895 τοῦ
797 2831 894 2914 δίκην
919 2830 1091 2914 ὑποσχεῖν,
1115 2833 1174 2907 οὓς

162 2939 204 3006 ἂν
231 2937 326 3004 αὐτοὶ
353 2939 553 3021 βούλωνται,
582 2939 747 3019 δίδονται,
776 2934 831 3002 καί
858 2934 1057 3021 τάδικήμαθ’
1088 2935 1174 3002 ἕωλα

161 3048 202 3112 τά
234 3047 361 3113 τούτων
394 3045 438 3121 ὡς
469 3044 554 3128 ὑμᾶς
586 3041 641 3109 καὶ
674 3040 771 3127 ψύχρ’
809 3041 1010 3127 άφικυεῑται,
1042 3053 1109 3108 τῶν
1139 3040 1170 3107 δ’

163 3154 274 3220 ἄλλων
296 3151 390 3236 ἡμῶν
412 3151 563 3231 ἕκαστος,
588 3150 630 3214 ἄν
653 3173 686 3214 τι
709 3152 829 3234 συμβῇ,
852 3151 1045 3232 πρόσφατος
1066 3152 1173 3232 κρίνε-

163 3284 224 3324 ται.
270 3256 325 3324 καί
357 3256 519 3343 μάρτυρές
551 3258 637 3322 είσιν
670 3254 796 3339 ἕτοιμοι
828 3256 958 3330 τούτοις
989 3252 1044 3320 καί
1074 3257 1173 3338 συνη-

164 3388 259 3447 γοροι
281 3365 400 3440 πάντες
421 3360 503 3430 καθ’
529 3363 623 3446 ἡμῶν
646 3362 827 3447 εὐτρεπεῖς·
864 3358 935 3446 ἐμοὶ
960 3358 988 3425 δ’
1017 3357 1096 3426 οὐδὲ
1119 3360 1174 3426 τά·

111 3489 150 3527 118
165 3474 253 3552 ληθη
286 3481 464 3553 μαρτυρεῖν
492 3457 677 3546 ἐθέλοντας
696 3465 786 3550 ὁρᾶτ’
819 3467 936 3544 ένίους.
977 3475 1086 3582 ,ταῦτα
1113 3463 1174 3550 μὲν
