2614 3904
143 177 210 245 342
431 183 556 238 xxvm
579 182 860 237 ΔΗΜΟΣΘΕΗΟΤΣ

544 449 749 502 mmm

236 546 344 621 Ταῦθ’
370 547 469 632 οὗτος
494 559 570 641 τρία
593 557 738 622 τάλαντα
759 553 816 622 καὶ
838 558 944 640 χιλίας
966 558 1033 640 ἔχει
1055 551 1157 641 χωρὶς

143 669 211 726 τῶν
228 661 348 725 ἀλλων.
378 659 513 727 καὶτοῦ
531 657 593 746 μὲν
611 660 752 747 ἀρχαίου
765 661 862 727 πέντε
875 659 1006 728 τάλαντ’
1025 666 1157 746 είληφε·

144 767 208 832 σὺν
236 763 273 832 δὲ
299 777 370 844 τοῖς
396 769 522 852 ἔργοις,
549 765 592 832 δν
619 765 672 833 ἐπὶ
700 767 829 852 δραχμή
856 790 906 844 τις
932 774 1012 853 τιθῇ
1038 769 1156 852 μόνον,

144 870 247 939 πλέον
269 869 290 956 ή
314 871 394 939 δέκα
416 868 549 939 τάλαντ’
575 873 650 956 ἔχει.
693 872 767 956 λέγε
789 873 848 950 τάς
870 872 995 958 ἐφεξῆς.

546 1081 751 1134 ΜΑΡΓΤΡῙΔΙ.

105 1205 130 1246 1⁴
236 1185 342 1255 Ταῦθ’
369 1181 463 1256 οὗτοι
488 1192 663 1275 γραφηναί
685 1186 715 1254 τ’
742 1188 779 1255 ἐν
804 1197 877 1266 ταῖς
902 1189 1078 1272 διαθήκαις
1099 1186 1156 1254 καὶ

143 1297 260 1378 λαβεῖν
278 1304 366 1379 σφᾶς
384 1295 506 1371 αὐτοὺς
523 1288 593 1360 κατ’
615 1294 768 1378 ἀλλήλων
786 1303 1020 1380 μαρτυροῦσιν.
1057 1289 1157 1372 οὗτος

144 1396 181 1466 δὲ
208 1398 263 1468 καὶ
289 1408 567 1486 μεταπεμφθῆναι
594 1401 733 1485 φάσκων
760 1399 826 1466 ὑπὸ
851 1409 913 1466 τοῦ
934 1401 1072 1486 πατρός,
1098 1399 1156 1466 καὶ

144 1505 256 1573 ἐλθὼν
278 1508 325 1585 είς
347 1507 408 1591 τήν
431 1509 551 1590 οίιιίαν,
574 1508 741 1572 εἰσελθεῖν
758 1501 820 1590 μὲν
841 1505 883 1571 οὔ
901 1522 1005 1590 φησιν
1024 1507 1069 1583 ὡς
1085 1507 1212 1572 vimmo

143 1613 450 1698 μεταπεμψάμενον,
473 1609 547 1678 οὐδ’
570 1611 773 1697 ὁμολογήσαι
795 1607 1021 1697 περὶτούτων
1042 1611 1154 1696 οὐδέν,

143 1723 376 1804 Δημοφῶντος
394 1715 424 1784 δ’
445 1717 585 1784 ἀκοῦσαι
603 1727 828 1802 γραμματεῖον
846 1716 1156 1801 ἀναγιγνώσκοντος

143 1823 199 1892 καὶ
227 1826 437 1910 Θηριππίδου
468 1822 624 1907 λέγοντος
655 1824 700 1901 ὡς
729 1823 855 1901 ἐκεῖνος
879 1832 983 1889 ταῦτα
1010 1824 1154 1909 διέθετο,

142 1929 199 1998 καὶ
216 1930 529 2017 προσεισεληλυθδις
545 1927 601 1995 καὶ
620 1929 748 1996 ἅπαντα
767 1929 1057 2016 διωμολογημένος
1071 1936 1155 2017 πρὸς

106 2054 131 2094 1⁵
143 2039 203 2103 τὸν
230 2035 368 2123 πατέρα,
398 2036 481 2121 άπερ
509 2034 635 2112 ἐκεῖνος
661 2035 791 2120 γράψας
817 2034 999 2102 κατέλιπεν.
1044 2035 1154 2124 ὁγὰρ

143 2144 250 2230 πατήρ
277 2139 304 2210 ὦ
331 2143 452 2228 ἀνδρες
474 2143 641 2225 δικασταί,
669 2142 714 2218 ὡς
736 2139 861 2228 ᾔσθετο
882 2143 944 2226 τήν
966 2144 1070 2208 νόσον
1093 2143 1155 2210 οὐκ

143 2249 426 2334 ἀποφευξόμενος,
454 2245 658 2331 συγκαλέσας
684 2248 824 2324 τούτους
847 2258 935 2334 τρεῖς
958 2248 1070 2330 ὄντας,
1098 2247 1155 2316 καὶ

143 2356 525 2442 συμπαρακαθισάμενος
538 2356 689 2440 Δήμωνα
706 2355 767 2419 τὸν
786 2353 944 2438 ἀδελφόν,
961 2355 1002 2419 τὰ
1020 2350 1150 2439 σώμαθ’

142 2462 238 2548 ἡμῶν
260 2464 307 2539 είς
328 2461 386 2538 τὰς
406 2471 516 2547 χεῖρας
535 2459 673 2544 ἐνέθηκε
692 2462 974 2546 παρακαταθήκην
992 2459 1154 2544 ἐπονομά-

143 2572 223 2652 ζων,
249 2569 311 2651 τήν
339 2564 400 2651 μὲν
428 2567 577 2651 ἀδελφήν
603 2572 811 2650 Δημοφῶντι
838 2561 893 2630 καὶ
919 2565 982 2631 δύο
1009 2567 1154 2632 τάλαντα

140 2684 263 2758 προῖκα
282 2673 398 2749 διδοὺς
416 2672 530 2756 εὐθύς,
548 2669 605 2738 καὶ
622 2664 753 2755 γυναῖκ’
771 2670 860 2737 αὐτο
876 2671 999 2755 ταύτην
1014 2670 1153 2756 ἐγγυῶν,

143 2774 199 2864 ἐμὲ
222 2774 260 2845 δέ
282 2788 363 2844 πᾶσι
384 2786 480 2862 κοινῇ
505 2778 584 2862 μετὰ
606 2789 674 2843 τῶν
696 2778 872 2864 χρημάτων
892 2777 1154 2863 παρακατατιθέ-

143 2907 252 2970 μενος,
275 2883 330 2951 καὶ
354 2885 561 2967 ἐπισκήπτων
579 2887 752 2969 μισθῶσαί
766 2907 801 2950 τε
818 2884 879 2949 τὸν
897 2878 990 2949 οἶκον
1009 2881 1064 2949 καὶ
1083 2886 1153 2950 δια-

103 3009 130 3049 1⁶
143 2995 252 3058 σῶσαί
270 3015 328 3076 μοι
350 2992 411 3074 τήν
434 2990 568 3073 οὐσίαν,
597 2991 714 3067 διδοὺς
736 2991 802 3074 άμα
826 2989 1015 3075 Θηριππίδῃ
1038 3013 1073 3054 τε
1096 2991 1155 3067 τὰς

143 3097 370 3181 ἑβδομήκοντα
406 3105 505 3181 μνᾶς,
540 3093 597 3162 καὶ
628 3098 734 3184 τούτῳ
765 3099 827 3180 τήν
857 3093 886 3160 τ’
923 3095 1006 3180 ἐμήν
1037 3092 1149 3180 μητέρ’

143 3202 272 3286 ἐγγυῶν
296 3200 349 3268 ἐπὶ
366 3213 437 3278 ταῖς
455 3201 661 3286 ὀγδοήκοντα
680 3212 788 3286 μναῖς,
810 3197 886 3287 κάμ’
908 3203 956 3278 είς
973 3201 1014 3266 τά
1031 3201 1154 3266 τούτου

142 3309 267 3390 γόνατα
289 3311 408 3386 τιθείς·
432 3303 480 3374 ὧν
498 3303 596 3386 οὗτος
615 3308 633 3373 ὁ
651 3308 785 3374 πάντων
804 3308 994 3394 ἀνθρώπων
1013 3305 1155 3372 άνοσιώ·

144 3435 239 3488 τατος
258 3412 396 3490 οὐδενὸς
414 3417 515 3497 λόγον
534 3415 720 3498 ἐποιήσατο,
739 3414 854 3499 κύριος
871 3423 938 3480 τῶν
957 3411 1045 3497 ἐμῶν
1058 3414 1154 3497 γενά

145 3537 242 3592 μενος
261 3517 312 3584 έπὶ
332 3521 471 3604 τούτοις,
491 3521 573 3586 ἀλλά
591 3521 631 3586 τά
649 3523 798 3606 χρήματα
814 3516 909 3586 πάντ’
927 3518 1155 3602 ἀπεστερηκὼς
