2590 3900
441 190 537 241 xm
555 189 822 243 τεαοεεεευουε.
1070 188 1136 254 243

113 332 358 433 ’,Τιμοκράτης
385 343 499 414 είπεν“
526 351 625 432 φησί,
653 347 729 433 ,καὶ
752 355 787 415 εί
804 371 871 414 τινι
894 360 961 415 τῶν
984 349 1135 434 όφειλόν·

123 477 194 520 των
224 464 270 542 τῷ
303 456 450 541 δημοσίῳ
478 456 731 539 προστετίμηται
757 455 839 520 κατά
866 456 971 539 νόμον
996 455 1017 540 ή
1045 457 1127 521 κατὰ
1136 467 1187 517 '126

124 562 281 644 ψήφισμα
305 561 429 642 δεσμοῦ
452 558 473 642 ή
495 560 533 625 τὸ
556 561 675 625 λοιπὸν
697 565 918 645 προστιμηθῇ
941 555 1027 625 εἶναι
1046 561 1133 648 αὐτῷ

124 665 147 750 ἢ
175 667 263 754 άλλφ
291 661 374 751 ὑπὲρ
398 664 467 730 ἐκεί
452 668 527 730 ίνου
549 664 708 749 ἐγγυητάς
730 676 943 750 καταστῆσαι,
971 665 1029 743 οὓς
1052 666 1135 733 ανδ

82 787 110 828 ⁸⁰
125 773 231 855 δήμος
252 773 481 856 χειροτονήσῃ,
502 765 523 852 ἦ
542 771 644 855 μνήέ
588 794 697 836 νκτε
700 773 815 836 ί.σειν“
852 767 1048 856 ἐνθυμεῖσθ’
1071 773 1135 838 ἀπὸ

123 886 185 943 τοῦ
214 878 428 970 δικαστηρίου
454 875 509 942 καὶ
535 885 592 959 τῇς
612 879 848 959 καταγνώσεως
872 869 907 943 οἷ
927 879 1134 963 διεπήδησεν

124 982 178 1050 ἐπὶ
196 985 256 1049 τὸν
275 985 392 1067 δήμου,
412 981 595 1048 ἐκκλέπτων
612 984 671 1049 τὸν
689 984 869 1066 ἠδικηκότα
885 982 1017 1067 κοίτην
1030 985 1133 1068 παρά-

124 1093 222 1157 δοσιν
245 1090 349 1156 αὐτοῦ
370 1089 431 1173 τήν
448 1100 518 1165 τοῖς
536 1087 661 1155 ἕνδεκα.
692 1091 743 1166 τίς
760 1090 824 1176 γάρ
843 1090 926 1174 ἀρχή
944 1091 1134 1172 παραδώσει

123 1199 184 1262 τὸν
207 1198 368 1280 ὀφλόντας
391 1197 441 1272 τίς
465 1198 545 1275 [τῶν
567 1194 698 1277 ἕνδεκα]
717 1199 957 1280 παραλήψεταα
981 1197 1133 1261 κελεύον-

124 1327 180 1380 τος
203 1299 264 1387 μὲν
287 1303 435 1384 [τούτου]
460 1299 496 1365 ἐν
519 1309 564 1388 τῷ
588 1301 682 1388 δήμφ
704 1303 903 1366 καθιστάναι
921 1304 998 1377 τοὺς
1017 1300 1133 1386 ἐγγυη-

123 1411 192 1492 τάς,
215 1407 385 1474 ἀδυνάτου
408 1404 438 1472 δ’
461 1407 558 1482 όντος
580 1406 774 1492 αὐθημερὸν
797 1405 972 1490 ἐκκλησίαν
994 1408 1060 1491 ἅμα
1078 1407 1133 1473 καὶ

123 1517 339 1598 δικαστήριον
356 1511 524 1596 γενέσθαι,
545 1513 694 1597 οὐδαμοῦ
714 1509 744 1577 δ’
765 1513 991 1590 ἐπιτάττοντος
1009 1516 1133 1598 φυλάτ-

81 1636 108 1677 81
123 1645 194 1702 τειν
215 1618 297 1696 τέως
318 1617 360 1684 διν
382 1621 567 1704 καταστήσῃ
586 1622 665 1695 τοὺς
683 1617 851 1702 ἐγγυητάς.
882 1623 990 1684 καίτοι
1007 1623 1042 1684 τί
1056 1618 1129 1686 ποτ’

122 1722 166 1809 ἦν
186 1722 229 1790 δι’
252 1725 270 1790 ὃ
289 1725 500 1810 προσγράψαι
518 1735 633 1807 σαφῶς
652 1725 779 1806 ὤκνησε
798 1726 882 1808 ,τὴν
901 1720 931 1790 δ’
951 1724 1055 1810 ἀρχὴν
1072 1729 1132 1792 τὸν

122 1831 272 1914 ὀφλόντα
290 1831 469 1914 φυλάττειν
485 1828 566 1906 τέας
585 1827 626 1894 άν
644 1832 829 1915 καταστήση
843 1833 922 1908 τοὺς
936 1831 1131 1914 ἐγγυητάς“;

122 1933 233 2022 πότερ’
262 1934 336 2020 οὐχὶ
364 1937 507 2012 δίκαιον
537 1929 575 2000 εὖ
603 1929 667 2000 οἶδ’
694 1935 744 2001 ὅτι
771 1937 890 2013 πάντες
917 1935 958 2002 δυ
984 1939 1131 2020 φήσαιτε.

123 2036 196 2107 ἀλλ’
223 2041 376 2107 ἐναντίον
402 2035 445 2125 ήν
470 2039 538 2107 τινδ
560 2050 659 2106 τοῦτο
681 2043 787 2128 νόμῳ,
817 2042 893 2124 οὐκ,
922 2027 1132 2127 ἀλλὰμόνου

121 2149 205 2213 κατά
226 2150 304 2224 τοὺς
326 2150 459 2231 νόμους.
495 2149 531 2211 τί
548 2144 620 2212 ποτ’
643 2141 704 2212 οὖν
722 2141 779 2228 ήνς
804 2145 905 2213 οὐδὲν
923 2147 965 2213 άν
984 2149 1064 2214 άλλο
1082 2173 1132 2226 τις
1187 2162 1190 2167 ’

122 2253 227 2337 εὕροι,
250 2253 337 2335 πλήν
364 2252 413 2318 ὅτι
437 2252 498 2337 οὐχ
521 2252 609 2328 ὅπως
630 2253 776 2318 δώσουσι
795 2253 891 2336 δίκην
910 2249 959 2320 ὧν
978 2253 1020 2319 άν
1037 2255 1131 2339 ὑμεῖς

121 2353 304 2442 καταγνῶτ’
330 2357 475 2440 ἐσκόπει,
498 2355 570 2422 ἀλλ’
598 2357 687 2433 ὅπως
708 2362 760 2441 μή,

82 2483 109 2523 εε
213 2461 295 2530 Εἶτα
313 2475 381 2541 πῶς
397 2463 575 2548 γέγραπται
589 2465 669 2548 μετά
683 2472 798 2542 ταῦτα;
818 2465 1039 2547 ,,καθιστάναι
1052 2469 1131 2543 τοὺς

122 2571 284 2657 ἐγγυητάς
305 2565 326 2652 ή
349 2570 415 2654 μὴν
439 2568 595 2635 ἐκτείσειν
617 2572 655 2634 τὸ
678 2569 839 2655 άργάριον
860 2571 878 2636 δ
898 2567 1040 2653 ὦφλενιί.
1078 2572 1129 2638 ἐν-

120 2675 224 2744 ταυθὶ
251 2661 357 2742 πάλιν
376 2687 444 2740 τῶν
472 2663 570 2759 ίερῶν
598 2672 658 2760 μὲν
684 2677 860 2761 χρημάτων
887 2678 948 2760 τὴν
972 2678 1130 2744 δεκαπλα-

122 2787 200 2850 σίαν
224 2780 407 2868 ὑφήρηται,
434 2793 501 2846 τῶν
524 2775 555 2847 δ’
582 2781 694 2864 ὁσίων,
718 2781 810 2847 ὁπόσ’
838 2783 942 2871 ἐντῷ
966 2786 1057 2870 νόμῳ
1082 2785 1131 2874 δι-

120 2889 262 2966 πλασιάζ
246 2891 344 2968 ζεται,
371 2888 409 2952 τὸ
437 2886 572 2970 ήμισυ.
593 2898 661 2964 πῶς
684 2888 846 2970 δήτοῦτο
869 2899 970 2966 ποιεῖς
1002 2890 1131 2973 γράψας

121 2993 197 3061 άντὶ
219 2990 280 3078 μὲν
302 3001 363 3057 τοῦ
383 2995 563 3076 τιμήματος
583 2993 662 3058 τίν’
645 2994 816 3078 αργύριον,
840 2991 914 3058 ἀντὶ
935 2991 971 3058 δὲ
989 3003 1050 3059 τοῦ
1068 2998 1128 3078 ,,τὸ

7 3131 10 3152 ι
80 3121 107 3159 ει
120 3099 343 3186 γιγνόμενον“
344 3146 354 3180 ,
374 3097 414 3181 ,,δ
434 3093 576 3182 ὧφλεν“
605 3096 756 3184 διαφέρει
774 3094 811 3163 δὲ
824 3103 870 3176 τί;
891 3101 922 3164 εί
908 3096 994 3183 ίμὲν
1008 3104 1130 3187 ἔγραψε

121 3205 321 3272 καθιστάναι
347 3203 469 3281 τοὺςέ
469 3205 612 3287 γγυητάς
635 3199 656 3286 ή
680 3203 785 3288 μήνέ
785 3207 925 3270 κτείσειν
947 3206 984 3270 τὸ
1007 3209 1130 3291 τίμημα

120 3315 158 3378 τὸ
182 3313 391 3395 γιγνόμενον,
414 3315 704 3395 προσπεριειλήφει
726 3313 806 3387 τοὺς
828 3310 991 3395 νόμους’·
973 3337 1024 3393 αν,
1049 3308 1127 3377 καθ’

122 3417 182 3494 οὓς
208 3417 248 3481 τά
275 3413 336 3500 μὲν
364 3417 524 3498 δεκαπλᾶ,
551 3417 591 3481 τά
619 3411 655 3482 δὲ
683 3415 738 3482 καὶ
762 3417 862 3482 διπλᾶ
883 3421 1031 3499 γίγνεται
1053 3429 1121 3482 τῶν
1132 3429 1181 3478 721

121 3515 434 3607 ὀφλημάτωνάσί
456 3520 492 3586 ἐκ
514 3521 642 3587 τούτων
664 3517 707 3605 ἦν
730 3523 854 3606 ἀνάγκη
877 3533 947 3598 τοῖς
966 3522 1129 3604 ὀφλοῦσιν

916 3623 969 3678 16*
