2602 3910
173 137 198 190 X
569 132 781 190 PRAEFATIO.

174 303 206 361 et
226 297 297 362 aliis
317 301 460 382 apparet,
482 301 577 361 notas
596 297 655 359 has
675 295 803 360 criticas
822 296 944 361 nostris
966 296 1059 361 libris
1077 319 1181 380 neque

172 403 298 488 integre
321 424 425 486 neque
449 402 571 467 sincere
595 401 730 465 traditas
755 423 837 466 esse:
861 423 959 486 quare
983 403 1087 467 sicubi
1109 403 1182 467 hae·

173 531 280 572 remus
299 507 334 571 in
353 509 398 572 eis
417 509 514 593 notis,
536 507 667 571 minime
686 506 797 570 mirari
816 511 951 590 oportet.
989 507 1061 593 Ego
1080 508 1182 592 plera-

175 635 235 696 que
264 635 345 697 quae
373 613 408 678 in
434 616 495 678 hac
524 613 670 678 oratione
699 615 814 676 notata
846 617 975 676 exstant
1002 614 1181 679 minoribus

173 718 291 784 litteris
315 720 523 803 exprimenda
541 718 659 801 curavi,
683 717 800 801 quibus
824 718 921 783 etiarn
939 719 975 782 in
993 721 1090 784 tertia
1107 719 1182 784 Phi-

173 824 292 908 lippica
314 847 352 888 ca
376 825 518 908 distinxi,
541 846 715 908 quaecum
738 823 847 888 absint
867 847 886 888 a
903 823 1051 889 Parisino
1071 824 1104 910 S,
1125 848 1181 910 pu-

174 931 307 995 tandum
331 937 381 996 est
404 953 441 995 ea
465 930 651 995 condicione
675 953 760 994 nunc
784 930 910 1012 quoque
934 931 998 1015 uti,
1022 953 1085 1016 qua
1106 932 1181 996 illae

173 1037 281 1100 XX¹¹¹⁸⁸
305 1037 462 1100 orationis
485 1037 662 1120 particulae
687 1036 764 1100 olim
787 1059 865 1100 usae
888 1031 972 1100 sint'

109 1140 113 1148 ’
221 1139 222 1142 '
260 1142 435 1228 Reliquum
463 1148 513 1207 est
540 1147 577 1206 ut
607 1142 729 1227 gratias
763 1164 858 1227 agam
890 1142 959 1207 viro
993 1143 1181 1208 doctissimo

173 1249 324 1313 Eduardo
348 1248 519 1332 Toumar,
547 1248 602 1331 qui
626 1248 832 1313 collationem
860 1249 979 1313 codicis
1004 1248 1025 1313 S
1050 1251 1090 1313 ad
1114 1273 1182 1315 ora·

173 1354 278 1418 tiones
306 1357 387 1419 κατὰ
411 1353 557 1436 Ἀφόβου
585 1355 625 1418 ab
654 1353 787 1418 Alfredo
815 1353 918 1419 Jacob
948 1377 1074 1420 summa
1105 1378 1183 1420 cura

174 1464 271 1544 atque
295 1460 463 1546 diligentia
487 1459 667 1525 confectam
689 1482 816 1524 mecum
837 1460 1094 1525 communicavit.
1131 1463 1182 1526 Ex

176 1589 238 1650 qua
261 1565 433 1631 collatione
457 1589 522 1629 una
547 1565 738 1649 praesertim
766 1566 863 1630 lectio
891 1566 1041 1651 provenit
1064 1589 1183 1633 memo·

176 1677 247 1736 ratu
271 1673 376 1757 digna.
422 1672 462 1736 In
490 1670 608 1756 prioris
633 1671 789 1735 orationis
812 1675 832 1752 ξ
853 1673 893 1736 12
917 1672 996 1736 haec
1018 1673 1116 1760 vulgo
1140 1675 1183 1738 le·

175 1785 312 1878 grmtur:⁸
331 1777 351 1842 c
370 1775 430 1861 piu
450 1773 512 1842 οὖν
526 1783 699 1860 Δημοφῶν
718 1777 737 1860 ἢ
759 1779 967 1861 Θηριππίδης
985 1781 1096 1862 ἔχουσι
1116 1791 1182 1844 τῶν

175 1885 272 1968 ἐμῶν,
296 1887 368 1949 τότε
388 1881 552 1963 ἐξαρκέσει
573 1881 648 1966 περὶ
667 1883 777 1947 αὐτῶν
796 1885 909 1963 εἰπεῖν,
934 1883 1014 1947 ὅταν
1033 1882 1101 1946 κατ’
1125 1885 1181 1948 αὐ-
1295 1937 1296 1946 ,

174 2002 240 2054 τῶν
269 1993 325 2066 τὰς
352 1989 482 2070 γραφὰς
506 1987 743 2072 ἀπενέγκωμεν.
790 1987 829 2052 In
853 1985 874 2052 S
899 1992 1008 2052 autem
1030 2011 1089 2073 pro
1113 1995 1181 2072 Δη-

174 2107 292 2176 μοφῶν
306 2096 410 2179 primo
425 2095 525 2159 fuisse
540 2095 666 2158 videtur
678 2099 818 2176 Δημων;
838 2094 978 2160 correxit
992 2095 1063 2178 ipsa
1076 2097 1194 2180 prima·

177 2224 297 2266 manus.
338 2201 492 2264 Errorem
519 2222 592 2264 eum
620 2200 751 2286 dixeris3
785 2223 895 2265 verum
926 2201 1025 2265 etiam
1051 2201 1086 2265 in
1114 2225 1183 2267 ora-

177 2307 273 2371 tionis
296 2309 377 2388 πρὸς
392 2306 541 2389 ’Ἁφοβον
563 2305 700 2392 (XXIX)
724 2309 743 2388 ξ
762 2309 782 2372 6
805 2329 864 2391 pro
888 2308 1021 2393 vulgata
1043 2308 1182 2374 lectione

177 2413 238 2494 ἐγὼ
261 2413 387 2494 γὰρ-
406 2417 612 2496 Δημοφῶντι
634 2411 689 2477 καὶ
714 2415 903 2498 Θηριππίδῃ
926 2412 978 2478 καὶ
1003 2415 1109 2500 τούτῳ
1134 2416 1181 2478 δί-
1295 2481 1296 2510 1

174 2543 232 2593 κοις
255 2521 373 2602 ἔλαχον
395 2519 430 2583 in
453 2518 478 2583 F
503 2522 553 2582 est
577 2518 599 2582 ἐ.
619 2542 648 2600 γ.
669 2557 709 2564 -
735 2521 875 2601 Δήμωνι
898 2518 952 2584 καὶ
978 2527 1182 2602 Δημοφῶντι

174 2622 248 2704 uui„
272 2623 361 2688 etin
384 2625 496 2688 eadem
517 2629 632 2708 postea
651 2623 684 2707 (ξ
704 2625 759 2706 56)
785 2625 902 2689 diserte
921 2625 1025 2689 Demo
1049 2630 1182 2690 συνεπί-

175 2751 294 2812 τροπος
317 2728 442 2792 dicitur.
480 2729 572 2804 Quod
596 2752 668 2794 cum
690 2751 835 2814 pugnare
854 2730 1016 2795 videretur
1039 2753 1111 2796 cum
1135 2733 1181 2796 cis

175 2833 314 2918 quaein
338 2834 539 2899 orationibus
563 2829 633 2898 κατ’
656 2829 800 2916 Ἀφόβου
826 2835 991 2921 inscriptis
1019 2837 1182 2922 leguntur,
1295 2875 1296 2878 =

173 2940 270 3003 nimis
286 2939 350 3004 cito
365 2940 427 3003 viri
441 2940 528 3004 docti
548 2940 708 3004 solutione
724 2940 925 3005 difficultatis
941 2941 1084 3007 defuncti
1098 2948 1182 3027 sunt,

175 3046 321 3110 oratione
344 3045 491 3109 XXIXm
517 3045 612 3130 plane
640 3045 759 3125 reiecta
783 3050 816 3110 ct
838 3046 970 3111 falsario
997 3047 1182 3112 nesciocui
1237 3131 1240 3134 Ι

174 3151 305 3215 tributa.
338 3151 528 3215 Debuerunt
547 3156 655 3215 autem
673 3157 832 3236 reputare,
850 3151 1071 3236 Demophonti
1089 3159 1181 3238 patre

174 3255 247 3318 vivo
270 3256 393 3320 nullam
415 3278 484 3320 rem
510 3255 704 3320 familiarem
725 3256 840 3340 fuisse,
870 3261 902 3320 et
930 3257 985 3340 qui
1011 3258 1182 3342 pecuniam

175 3362 215 3424 ab
237 3361 295 3425 illo
319 3367 500 3446 surreptam
523 3365 720 3446 reposceret,
744 3362 773 3426 ei
796 3367 922 3446 patrem
946 3362 1126 3428 Demonem
1147 3365 1182 3428 in

174 3467 225 3529 ius
248 3467 428 3530 vocandum
450 3466 558 3530 fuisse.
604 3465 718 3550 Neque
745 3489 821 3531 casu
845 3489 914 3531 esse
942 3467 1066 3533 factum
1093 3474 1182 3554 pute,
