2644 4182
184 163 227 231 38
508 169 566 222 XX.
590 167 871 220 ΔΗΜΟΣΘΕΝΟΤΣ

184 329 271 393 διότι
299 328 563 406 καταψεύδονται
589 335 657 392 τῶν
683 330 861 410 προγόνων
887 327 981 412 ὐμῶν
1009 328 1054 405 ὡς
1082 326 1197 412 ἀχαρί

184 448 283 515 στων,
311 431 452 517 ἀμαθεῖς
479 429 516 498 δὲ
544 435 629 498 διότι
657 433 763 500 έκεῖνο
792 433 989 516 ἀγνοοῦσιν,
1020 433 1071 499 ότι
1099 435 1131 498 εί
1154 434 1198 499 τὰ

184 539 324 622 μάλιστα
342 535 441 604 ταῦθ’
463 538 570 616 οὕτως
588 533 686 623 εἶχεν,
705 536 882 622 ἀρνεῖσθαι
900 542 1027 623 μᾶλλον
1045 537 1065 624 ἣ
1085 537 1198 621 λέγειν

184 643 297 721 αὐτοῖς
317 653 493 728 προσῆκεν.

132 765 171 807 ²¹⁰
275 753 396 835 Οῖομαι
426 755 544 817 τοίνυν
575 749 631 817 καί
660 760 780 818 τοῦτον
808 752 869 817 τδν
896 752 998 833 λόγον
1024 753 1197 835 Λεπτίνην

184 857 284 941 έρεῖν,
308 857 352 934 ὡς
374 858 431 935 τδς
454 859 585 933 εἰκόνας
607 855 662 923 καὶ
685 858 746 940 τὴν
769 859 900 940 σίτησιν
923 856 985 922 οὐκ
1005 855 1197 942 ἀφαιρεῖται

183 973 251 1027 τῶν
279 964 466 1046 εἰληφότων
493 962 512 1029 ό
538 965 655 1046 νόμος,
688 958 767 1029 οὐδὲ
794 970 852 1045 τῆς
878 964 1005 1038 πόλεως
1031 963 1068 1028 τὸ
1095 971 1197 1048 τιμᾶν

183 1070 262 1145 τούς
285 1069 383 1146 ὄντας
406 1068 528 1150 ἀξίους,
552 1062 624 1133 ἀλλ’
645 1071 735 1134 ἔσται
757 1066 812 1134 καὶ
830 1072 973 1152 χαλκοῦς
991 1069 1121 1134 ίστύναι
1140 1067 1197 1136 καὶ

184 1177 314 1259 σίτησιν
338 1176 469 1241 διδόναι
491 1173 547 1241 καὶ
565 1173 637 1240 ἀλλ’
660 1175 679 1240 ὅ
697 1198 728 1239 τι
747 1173 789 1239 ἀν
808 1175 989 1258 βούλησθε,
1013 1175 1101 1259 πλὴν
1118 1178 1197 1242 τού-

183 1303 253 1346 του.
290 1279 353 1364 έγδι
377 1277 407 1346 δ’
429 1275 512 1362 ὑπὲρ
537 1275 585 1346 ὧν
607 1275 668 1364 μὲν
685 1289 725 1364 τῇ
743 1281 837 1345 πόλει
856 1283 1064 1346 καταλείπειν
1082 1285 1197 1366 φήσει,

183 1395 323 1453 τοσοῦτο
344 1385 442 1470 λέγω·
466 1386 546 1452 όταν
565 1381 612 1452 ὧν
632 1386 776 1453 ἐδώκατέ
790 1409 836 1475 τω
855 1388 1018 1471 πρότερόν
1036 1411 1078 1470 τι,
1102 1386 1193 1454 τοῦτ’

184 1490 366 1577 ἀφέλησθε,
384 1490 440 1558 καὶ
457 1493 515 1569 τὰς
532 1491 737 1568 ὑπολοίπους
751 1492 910 1568 ἀπίστους
922 1495 1075 1576 ποιήσετε
1088 1495 1199 1572 πόσας

185 1598 331 1685 δωρειάς.
365 1603 401 1664 τί
415 1599 478 1684 γδρ
498 1601 589 1664 ἔσται
606 1601 801 1681 πιστότερον
819 1599 857 1664 τὸ
875 1608 934 1683 τῆς
952 1601 1081 1676 εἰκόνος
1098 1599 1119 1683 ἢ
1138 1610 1199 1684 τῆς
1311 1665 1313 1674 ,

184 1708 342 1789 σιτήσεως
366 1703 386 1788 ἢ
408 1705 446 1770 τὸ
469 1713 527 1787 τῆς
550 1703 710 1784 ἀτελείας,
738 1703 781 1786 ἣν
804 1705 967 1788 πρότερόν
989 1721 1056 1770 τισι
1080 1706 1199 1783 δόντες
1308 1776 1310 1793 Ι

133 1825 170 1864 ¹⁹1
184 1809 392 1897 ἀφῃρημένοι
421 1816 599 1896 φανεῖσθε;
618 1871 620 1878 ,
636 1812 683 1874 ἔτι
712 1803 742 1874 δ’
773 1811 804 1874 εί
829 1806 934 1894 μηδὲν
961 1813 1074 1894 ἔμελλε
1103 1807 1195 1876 τοῦτ’
1307 1882 1311 1891 ,

184 1919 320 1982 ἔσεσθαι
347 1914 518 2001 δυσχερές,
549 1912 622 1980 οὐδ’
654 1914 760 1981 ἐκεῖνο
788 1921 896 1993 καλῶς
923 1919 1010 2001 ἔχειν
1038 1916 1197 2002 ἡγοῦμαι,

184 2024 230 2099 είς
253 2023 410 2104 τοιαύτην
431 2023 525 2105 ἀγειν
546 2021 694 2104 ἀνάγκην
712 2021 774 2104 τὴν
791 2023 901 2103 πόλιν,
926 2016 970 2086 δι’
990 2017 1030 2106 ἧς
1049 2023 1199 2102 ἅπαντας

183 2126 217 2208 έξ
240 2133 316 2193 ίσου
338 2139 406 2192 τῶν
429 2127 539 2192 αὐτῶν
560 2127 692 2206 ἀξιώσει
709 2138 780 2203 τοῖς
798 2129 837 2192 τὰ
856 2122 981 2212 μέγιστ’
1004 2128 1197 2214 εὐεργετοῦ-

183 2252 254 2316 σιν,
281 2231 302 2318 ὐ
330 2235 373 2318 μὴ
396 2243 495 2300 τοῦτο
523 2242 665 2300 ποιοῦσα
692 2234 790 2318 χάριν
817 2231 904 2299 τισὶν
931 2233 993 2300 οὐκ
1020 2235 1197 2301 ἀποδώσει.

182 2342 336 2425 μεγάλων
355 2335 416 2425 μὲν
434 2335 497 2406 οὐν
515 2339 714 2424 εὐεργεσιῶν
732 2333 811 2405 οὐθ’
832 2339 912 2424 ὑμῖν
931 2340 1094 2424 συμφέρει
1114 2359 1198 2426 συμ-

183 2450 312 2530 βαίνειν
334 2446 492 2522 πολλάκις
513 2447 645 2527 καιρόν,
674 2441 743 2510 οὐτ’
771 2451 850 2521 ίσως
873 2442 992 2532 ῥᾴδιον
1015 2449 1109 2536 αίτίφ
1132 2471 1186 2530 γε·
1198 2460 1259 2510 494

130 2557 171 2607 122'
183 2550 316 2618 νέσθαι·
357 2554 499 2635 μετρίων
532 2545 569 2614 δὲ
600 2547 655 2614 καὶ
689 2545 737 2616 ὧν
769 2547 811 2614 ἀν
843 2549 880 2616 έν
913 2552 1028 2637 εἰρήνη
1059 2576 1110 2629 τις
1140 2553 1197 2620 καὶ
1313 2564 1317 2583 ’

182 2659 331 2743 πολιτείᾳ
358 2649 486 2721 δύναιτ’
513 2654 704 2739 ἐφικέσθαι,
732 2655 865 2732 εὐνοίας
890 2656 1104 2742 δικαιοσύνης
1127 2659 1197 2724 έπι-

182 2765 313 2847 μελείας
334 2773 402 2826 τῶν
424 2751 605 2844 τοιούτων,
620 2758 676 2826 καὶ
696 2760 880 2845 συμφέρειν
900 2765 1011 2845 ἔμοιγε
1031 2764 1125 2829 δοκεῖ
1140 2764 1197 2831 καὶ
1317 2819 1318 2832 ,

181 2878 301 2956 χρῆναι
322 2869 454 2933 διδόναι
472 2868 529 2943 τὰς
547 2868 649 2951 τιμύς.
688 2868 742 2932 δεῖ
755 2871 873 2933 τοίνυν
891 2872 1091 2953 μεμερίσθαι
1111 2869 1195 2952 [καὶ]

181 2977 222 3041 τά
239 2986 308 3041 τῶν
326 2975 486 3058 δωρειῶν,
510 2969 555 3037 ἵν’
576 2968 616 3057 ἧς
635 2971 677 3037 διν
695 2972 784 3051 ἄξιος
804 2973 851 3038 ὢν
870 2972 1005 3051 ἕκαστος
1024 2979 1195 3060 φαίνηται,

130 3098 169 3139 12⁸
182 3082 307 3165 ταύτην
329 3080 418 3165 παρὰ
439 3088 501 3144 τοῦ
524 3079 633 3163 δήμου
656 3080 807 3165 λαμβύνη
829 3081 891 3163 τὴν
915 3081 1065 3165 δωρειάν.
1112 3082 1197 3148 ἀλλὰ

182 3189 249 3272 μὴν
271 3183 354 3271 ὑπὲρ
378 3181 426 3252 ὧν
445 3208 482 3268 γε
500 3194 570 3261 τοῖς
588 3183 782 3269 εὑρημένοις
800 3187 858 3262 τὰς
874 3187 970 3270 τιμὰς
987 3191 1197 3254 καταλείπειν

183 3297 293 3378 φήσει,
317 3292 353 3358 οί
372 3289 434 3376 μὲν
457 3290 544 3356 διπλᾶ
564 3290 654 3356 πάνυ
672 3288 726 3356 καὶ
746 3285 846 3355 δίκαι’
867 3290 910 3356 ἀν
929 3299 1066 3377 εῖποιεν,
1088 3292 1192 3360 πάνθ’

183 3399 244 3464 ὅσα
267 3409 335 3464 τῶν
358 3399 469 3464 αὐτῶν
492 3391 577 3462 ἕνεκ’
600 3395 713 3473 αὐτοῖς
736 3392 822 3462 ἔδοτ’
844 3397 1041 3481 εὐεργεσιῶν
1065 3399 1197 3479 ἀξιοῦν-

182 3527 236 3580 τες
259 3507 358 3589 έχειν,
382 3504 418 3570 oc
438 3500 475 3569 δέ
499 3503 687 3586 φενακίζειν
705 3505 764 3568 τὸν
782 3506 1038 3568 καταλείπεσθαι
1057 3503 1198 3588 λέγοντά
