2614 3904
475 186 575 238 ΠΡΟΣ
595 187 766 239 οΝΗεοΡι.
784 191 815 239 Α.
1084 187 1150 252 365

138 348 331 431 πενόμενος,
355 340 425 412 ἀλλ’
448 342 490 429 ήν
510 347 702 430 καταφανής
720 347 825 424 εὐθὺς
843 347 1075 432 ἀδικούμενος·
1098 370 1150 413 το-

139 461 258 517 σαῦται
290 464 507 538 πραγματεῖαι
539 451 592 518 καλ
623 454 717 536 λόγοι
745 451 800 519 καλ
826 455 915 538 παρά
941 463 986 543 τῷ
1016 455 1149 539 άρχοντε

139 556 194 623 καὶ
221 559 310 642 παρὰ
336 569 406 634 τοῖς
434 559 546 636 ἀλλοις
574 556 744 642 ἐγίγνονθ’
770 554 853 641 ὑπὲρ
881 569 948 624 τῶν
972 560 1067 644 ἐμῶν.
1098 561 1151 624 τό

139 685 173 728 τε
201 665 265 748 γάρ
288 668 418 746 πλῆθος
440 675 507 728 τῶν
530 665 821 748 καταλειφθέντων
844 660 887 748 ήν
910 669 1072 751 φανερόν,
1101 665 1151 730 ὅτι

138 766 168 834 τ’
194 768 388 853 ἀμίσθωτον
409 771 469 835 τὸν
493 765 587 836 οίκον
611 771 747 836 ἐποίουν
766 773 802 836 οί
818 773 1079 855 διαχειριζοντες,
1103 769 1147 836 ἵν’

140 873 235 940 αὐτοὶ
257 876 297 940 τὰ
319 879 468 961 χρήματα
489 888 680 960 καρποῖντο,
705 877 766 942 οὐκ
785 879 911 960 ἀδηλον
929 874 981 961 ήν.
1018 875 1094 943 ὥστ’
1118 877 1152 942 ἐκ

139 992 207 1046 τῶν
229 981 437 1066 γιγνομένων
461 982 523 1048 ούκ
545 980 618 1048 ἐσθ’
646 983 736 1059 ὅστις
759 983 819 1067 οὐχ
842 984 952 1067 ἡγεῖτο
976 995 1043 1048 τῶν
1067 985 1151 1048 είδό·

140 1111 208 1152 των
235 1089 333 1171 δίκην
361 1110 400 1173 με
428 1091 594 1171 λήψεσθαι
622 1083 697 1173 παρ’
729 1090 854 1166 αὐτῶν,
886 1090 999 1173 ἐπειδή
1025 1082 1150 1173 τάχιστ’

113 1193 225 1276 τάνὴρ
252 1189 338 1259 εἶναι
362 1194 611 1278 δοκιμασθείην.
658 1194 695 1259 ἐν
718 1187 768 1271 οἷς
790 1193 844 1260 καλ
872 1195 1076 1279 Τιμοκράτης
1098 1191 1153 1260 καὶ

139 1293 281 1383 Ὀνήτωρ
305 1301 429 1382 ταύτην
452 1301 581 1384 ἔχοντες
604 1299 792 1365 διετέλεσαν
814 1300 875 1384 τήν
898 1301 1060 1366 διάνοιαν.
1103 1322 1154 1364 τε-

140 1407 283 1487 κμήριον
305 1400 341 1469 δέ
360 1406 493 1471 πάντων
512 1405 681 1491 μέγιστον·
705 1400 803 1481 οὗτος
821 1406 884 1489 γάρ
904 1405 1073 1490 ἐβουλήθη
1093 1401 1154 1490 μέν

138 1508 270 1598 Ἀφόβφ
286 1511 406 1575 δοῦναι
419 1512 481 1593 τήν
490 1511 649 1594 ἀδελφήν,
664 1510 754 1593 ὁρῶν
763 1519 820 1594 τής
833 1509 869 1575 θ’
884 1511 987 1576 αὑτοῦ
1002 1509 1154 1599 πατρῴας

143 1615 259 1692 οὐσίας
281 1615 337 1681 καὶ
360 1624 418 1700 τής
442 1617 520 1702 ἐμῆς
543 1618 604 1683 οόκ
627 1617 740 1701 ὀλίγης
763 1616 865 1681 αὐτὸν
884 1618 1002 1699 κύριον
1021 1640 1154 1701 γεγενη-

143 1719 256 1805 μένον,
280 1721 444 1807 προέσθαι
464 1719 501 1788 δέ
519 1724 580 1807 τήν
598 1719 706 1808 προῖκ’
729 1723 791 1788 οὐκ
810 1722 1011 1806 ἐπίστευσεν,
1035 1724 1206 1807 ὥσπερ866

142 1829 174 1892 εί
190 1828 230 1892 τά
248 1839 316 1892 τῶν
335 1827 619 1913 ἐπιτροπευόντων
636 1827 773 1915 χρήματ’
795 1829 982 1912 ἀποτίμημα
1000 1840 1069 1906 τοῖς
1087 1829 1155 1895 ἐπι-

141 1932 398 2018 τροπευομένοις
416 1934 618 2000 καθεστάναι
632 1937 783 2018 νομίζων.
814 1933 897 1999 ἀλλὰ
911 1934 973 2017 τήν
986 1930 1047 2017 μὲν
1061 1934 1155 2001 ἀδελ·

143 2041 212 2122 φήν
236 2042 348 2122 ἔδωκε,
371 2041 433 2124 τήν
456 2036 493 2106 δέ
515 2039 623 2126 προῖκ’
647 2041 735 2130 αὐτῷ
763 2041 967 2125 Τιμοκράτης
990 2039 1043 2106 ἐπὶ
1061 2036 1151 2107 πέντ’

143 2145 276 2228 ὀβολοῖς
303 2147 493 2231 ὀφειλήσειν
521 2149 748 2232 ὡμολόγησεν,
777 2137 803 2236 ᾧ
830 2150 993 2234 πρότερον
1019 2148 1041 2232 ή
1069 2149 1155 2232 γυνή

117 2251 336 2317 εσυνοικοῦσ’
371 2252 559 2337 ἐτύγχανεν.
611 2254 776 2337 ὀφλόντος
808 2254 847 2320 δέ
876 2278 934 2338 μοι
965 2256 1027 2336 τήν
1058 2252 1156 2334 δι’κην

142 2351 287 2442 Ἀφόβου
310 2368 367 2442 τῆς
390 2357 576 2445 ἐπιτροπῆς,
599 2358 653 2426 καὶ
677 2357 778 2426 οὐδέν
802 2362 934 2426 δίκαιον
954 2367 1063 2423 ποιεῖν
1082 2355 1156 2422 ἐθέ-

145 2469 278 2547 λοντος,
306 2465 456 2530 διαλύειν
481 2463 541 2550 μὲν
564 2465 648 2549 ἡμᾶς
669 2461 810 2548 Ὀνήτωρ
835 2458 907 2531 οὐδ’
934 2463 1154 2547 ἐπεχείρησεν,

145 2571 206 2636 οὐκ
224 2571 444 2646 ἀποδεδωκὼς
462 2567 498 2635 δέ
517 2571 578 2653 τήν
596 2581 726 2655 προῖκα,
749 2566 822 2634 ἀλλ’
845 2570 945 2646 αὐτὸς
963 2571 1078 2652 κύριος
1096 2567 1154 2648 ὥν,

144 2676 189 2752 ὡς
216 2677 471 2752 ἀπολελοιπυίας
497 2684 555 2759 τής
583 2675 727 2760 ἀδελφῆς
750 2675 805 2742 καλ
829 2676 924 2758 δούς,
952 2677 1156 2758 κομίσασθαι

145 2778 176 2844 δ’
198 2781 239 2846 ού
258 2782 454 2866 δυνάμενος,
479 2781 746 2866 ἀποτιμήσασθαι
765 2783 904 2865 φάσκων
921 2781 984 2864 τήν
1002 2787 1066 2862 γήν
1085 2778 1155 2859 ἐξά-

143 2905 217 2971 γειν
248 2883 282 2972 μ’
313 2889 346 2966 ἐξ
378 2889 479 2972 αὐτῆς
511 2888 682 2973 ἐτόλμησε·
714 2897 876 2955 τοσοῦτον
907 2885 961 2953 καὶ
992 2886 1073 2970 ἐμοῦ
1101 2883 1156 2950 καὶ

117 2993 239 3076 εύμῶν
261 2993 316 3060 καλ
338 3006 410 3076 τῶν
428 2993 588 3079 κειμένων
611 2998 724 3078 νόμων
746 2997 1003 3079 κατεφρόνησεν.
1038 2991 1093 3059 καλ
1116 2995 1156 3058 τά

145 3095 205 3182 μέν
228 3103 401 3185 γενόμενα,
424 3098 479 3166 καὶ
503 3099 547 3166 δι’
570 3099 590 3164 ἀ
611 3101 728 3183 φεύγει
746 3101 807 3183 τήν
826 3101 922 3184 δίκην
940 3098 1088 3185 καὶπερὶ
1108 3094 1156 3166 ὧν

145 3211 251 3270 οῖσετε
269 3207 330 3289 τήν
348 3216 473 3290 ψήφου,
497 3200 589 3272 ταῦτ’
611 3205 701 3270 ἐστὶν
720 3200 746 3270 ὦ
765 3207 885 3290 ἀνδρες
907 3207 1071 3272 δικασταί·
1095 3230 1156 3273 πα-

144 3311 279 3396 ρέξομαι
294 3308 330 3377 δὲ
345 3313 512 3398 μάρτυρας
525 3323 659 3396 πρῶτον
672 3307 733 3395 μέν
748 3311 850 3376 αύτὸν
869 3314 1088 3397 Τιμοκράτην,
1111 3313 1156 3390 ὡς

144 3417 358 3501 ὡμολόγησεν
376 3417 568 3501 ὀφειλήσειν
587 3419 647 3500 τήν
665 3428 796 3500 προῖκα,
815 3414 947 3482 καὶτὸν
966 3419 1065 3481 τόκον
1079 3417 1156 3483 ἀπε-

144 3525 242 3588 δίδου
266 3532 323 3606 τής
345 3525 481 3607 προικὸς
501 3517 629 3610 Ἀφόβῳ
653 3524 734 3588 κατὰ
757 3523 815 3600 τάς
834 3523 1020 3608 ὁμολογίας,
1044 3518 1151 3584 ἔπειθ’
