2616 3910
266 163 364 215 ΠΡΟΣ
382 163 544 214 Βοιειοοα
562 163 650 214 ΠΕΡΙ
667 163 830 213 ΠΡοιιιοΣ
849 161 1043 214 ΜΗΤΡΩΙΑΣ.
1093 158 1159 222 499

141 321 210 386 ,τὸν
236 320 360 402 πατέρα
383 321 522 387 Κλέωνα
543 333 611 386 τῶν
635 319 803 404 ὑμετέρων
825 323 1001 405 προγόνων
1025 337 1160 403 στρατη-

149 435 285 510 γοῦντα,
309 428 583 511 Λακεδαιμονίων
605 431 750 503 πολλοὺς
773 425 810 491 ἐν
833 428 936 512 Πύλῳ
961 429 1082 504 ζῶντας
1104 429 1161 489 λα-

149 535 264 616 βόντα,
287 533 428 617 μάλιστα
450 535 585 598 πάντων
603 533 639 597 έν
658 543 698 618 τη
716 536 810 598 πόλει
828 531 1057 614 εὐδοκιμῆσαι·
1080 522 1158 594 ὥστ’

149 639 228 704 ούτε
246 638 305 702 τὸν
324 637 453 704 ἐκείνου
470 648 635 723 προσῆκεν
654 639 731 703 νίὸν
750 639 910 721 ἄπροικον
928 635 1032 718 αύτήν
1048 643 1161 719 γήμαι,

150 743 227 809 οὔτε
250 743 441 823 Μενέξενον
463 742 518 808 καὶ
541 745 722 832 Βάθυλλον
745 745 832 819 εἰκός
856 741 956 824 ἐστιν,
983 742 1104 818 αὐτούς
1126 764 1161 808 τε

150 850 270 918 οὐσίαν
296 851 423 934 πολλήν
450 849 669 934 κεκτημένους
696 847 751 915 καὶ
777 845 1025 932 Κλεομέδοντος
1051 853 1161 912 τελευ-

150 959 311 1039 τήσαντος
336 953 579 1040 κομισαμένους
606 957 667 1038 τήν
692 965 827 1039 προῖκα,
856 952 1077 1036 ἀποστερῆσαι
1099 953 1161 1035 τήν

150 1061 301 1146 άδελφήν
322 1063 383 1145 τήν
407 1060 543 1144 ἑαυτῶν,
568 1060 651 1125 άλλά
673 1057 881 1145 προσθέντας
905 1059 1026 1134 αύτούς
1046 1058 1161 1123 ἐκδοῦ-

150 1191 206 1232 ναι
229 1176 274 1254 τῷ
297 1166 442 1255 ἡμετέρῳ
464 1169 578 1252 πατρί,
601 1167 751 1248 καθάπερ
775 1164 830 1230 καὶ
853 1162 949 1230 αὐτοὶ
971 1164 1054 1248 πρὸς
1075 1163 1162 1247 ύμάς

109 1291 136 1332 ιο
150 1271 206 1338 καὶ
229 1274 264 1337 οί
284 1275 379 1338 ἄλλοι
402 1275 698 1358 μεμαρτυρήκασιν.
735 1269 836 1356 χωρὶς
859 1267 896 1335 δέ
913 1271 1041 1335 τούτων
1061 1268 1160 1334 ἐνθυ-

150 1383 310 1463 μήθητε,-
327 1380 382 1443 διὰ
409 1381 444 1442 τί
468 1381 510 1442 όν
537 1400 616 1443 ποτε
644 1376 662 1441 ὁ
690 1380 812 1460 πατήρ,
846 1383 935 1460 είπερ
962 1376 983 1460 ἡ
1011 1370 1072 1459 μέν
1099 1374 1160 1460 ἐμή

150 1485 256 1568 νότοι
289 1485 333 1568 νὴ
364 1480 408 1567 ἦν
438 1482 579 1566 ἐνινυὴ
612 1481 688 1567 μηδ’
722 1481 879 1566 όνένκατο
906 1490 1043 1567 ποσίν,
1074 1481 1095 1563 ἡ
1124 1477 1161 1547 δὲ

150 1590 278 1654 τούτων
301 1586 471 1671 ήνέγκατο,
495 1591 573 1664 τοὺς
595 1584 656 1672 μέν
676 1587 737 1652 ούκ
756 1590 819 1671 ἔφη
839 1586 943 1652 αὑτοῦ
961 1588 1044 1662 υίεῐς
1063 1581 1161 1670 εἶναι,

150 1692 207 1779 ἐμὲ
239 1692 275 1758 δέ
306 1693 360 1759 καὶ
391 1693 532 1758 ἐποιεῖτο
560 1692 615 1758 καὶ
642 1692 829 1771 ἐπαίδευεν;
864 1693 914 1758 ὅτι
941 1693 982 1776 νή
1010 1690 1084 1776 Δί’,
1117 1693 1162 1770 ὡς

152 1793 244 1864 οὗτοι
270 1801 455 1883 φήσουσιν,
487 1796 559 1883 έμοὶ
586 1801 797 1882 χαριζόμενος
824 1797 877 1863 καὶ
905 1807 944 1883 τή
973 1797 1033 1883 ἐμή
1062 1795 1159 1882 μητρὶ

111 1927 137 1968 ιι
151 1907 289 1981 τούτους
316 1904 477 1988 ἠτίμαζεν.
523 1898 595 1968 άλλ’
622 1902 730 1986 ἐκείνη
758 1901 818 1988 μέν
846 1907 894 1969 ἔτι
916 1906 1018 1969 παῖδα
1041 1905 1161 1988 μικρὸν

152 2007 207 2095 ἐμὲ
230 2014 454 2076 καταλιποῦσα
473 2010 555 2092 αύτή
576 2011 634 2075 τὸν
651 2012 727 2092 βίον
746 2008 967 2093 ἐτελεύτησεν,
989 2009 1010 2092 ἡ
1031 2006 1067 2074 δὲ
1085 2010 1161 2074 τού-

151 2140 218 2182 των
241 2119 345 2199 μήτηρ
366 2116 532 2198 Πλαγγὼν
555 2112 609 2179 καὶ
632 2117 795 2199 πρότερον
816 2113 871 2180 καὶ
889 2116 969 2198 μετὰ
986 2123 1089 2180 ταῦτα
1108 2115 1161 2178 εύ-

152 2223 276 2306 πρεπής
302 2222 363 2304 τήν
391 2223 470 2299 όύιν
498 2216 582 2287 ούσα
611 2222 803 2305 ἐπλησίαζεν
830 2221 932 2309 αὐτῷ·
965 2222 1047 2286 ὥστε
1075 2224 1161 2287 πολὺ

152 2334 277 2414 μᾶλλον
309 2328 395 2403 εἰκὸς
426 2322 469 2408 ἦν
498 2327 600 2392 αὐτὸν
629 2329 684 2392 διὰ
711 2327 773 2410 τήν
801 2331 907 2406 ζῶσαν
934 2337 1090 2410 γυναῖκα,
1122 2322 1162 2412 ής

151 2435 238 2520 ἐρῶν
262 2433 433 2518 ἐτύγχανε,
462 2436 521 2499 τὸν
544 2442 602 2517 τής
623 2436 810 2518 τεθνεώσης
832 2435 909 2499 υίὸν
932 2433 1111 2517 ἀτιμάζειν,
1140 2433 1160 2518 ή

153 2539 196 2606 δι’
219 2536 275 2624 ἐμὲ
297 2537 352 2604 καὶ
374 2540 435 2622 τήν
457 2544 725 2623 τετελευτηκυῖαν
747 2542 825 2616 τούς
848 2539 885 2605 ἐκ
906 2548 963 2623 της
982 2540 1085 2623 ζώσης
1105 2537 1162 2606 καί

112 2667 139 2708 ιε
152 2645 394 2728 πλησιαζούσης
416 2645 505 2732 αὐτῷ
523 2645 643 2722 παῖδας
661 2646 704 2729 μή
722 2651 901 2710 ποιεῖσθαι.
938 2649 1044 2709 καίτοι
1064 2639 1161 2722 οὗτός

152 2749 182 2835 γ’
209 2753 256 2828 είς
277 2759 376 2815 τοῦτο
399 2753 520 2834 τόλμης
542 2751 628 2834 ήκει,
654 2751 737 2816 ὥστε
760 2749 844 2834 φησὶ
866 2751 924 2815 τὸν
947 2749 1071 2835 πατέρα
1094 2775 1161 2835 μου

13 2859 27 2882 ²
153 2858 293 2941 δεκάτην
314 2852 398 2939 ὑπὲρ
422 2855 526 2922 αὑτοῦ
549 2855 703 2921 ἑστιᾶσαι.
735 2853 790 2920 καὶ
812 2853 888 2941 περὶ
907 2856 1028 2921 τούτου
1046 2859 1152 2941 μόνον
1163 2866 1230 2918 1017

156 2963 381 3048 Τιμοκράτους
402 2960 456 3026 καὶ
482 2963 663 3047 Προμάχου
687 2960 882 3046 ἐμβέβληται
905 2965 1099 3046 μαρτυρίας,
1129 2965 1165 3028 οἳ

152 3071 228 3137 ούτε
246 3068 335 3153 μένει
353 3071 563 3154 προσήκουσί
577 3092 643 3152 μου
660 3077 705 3156 τῷ
725 3066 823 3152 πατρὶ
842 3065 954 3150 οὐδέν,
973 3069 1048 3134 οὔτε
1067 3071 1161 3152 φίλοι

150 3172 236 3259 ἦσαν
259 3174 382 3263 ἐκείνῳ.
420 3175 507 3240 οὕτω
532 3171 568 3240 δὲ
591 3186 744 3258 φανερῶς
766 3176 806 3238 τὰ
829 3175 936 3256 ψευδή
955 3177 1161 3259 μεμαρτυρή-

151 3299 263 3364 κασιν,
294 3282 377 3346 ὥστε
405 3280 444 3346 δν
471 3281 606 3347 πάντων
633 3281 728 3364 ὑμῶν
755 3282 892 3344 εἰδότων
929 3275 1027 3355 οὗτος
1063 3280 1160 3362 δίκην

152 3387 262 3470 λαχὼν
299 3387 420 3453 άκοντα
451 3387 617 3470 ήνάνκασε
648 3387 853 3469 ποιήσασθαι
884 3386 1003 3467 αύτόν,
1040 3393 1160 3449 τοῦτον

152 3487 260 3568 οὗτοι,
289 3493 398 3574 ὥσπερ
425 3496 596 3576 κλητῆρες,
625 3492 687 3556 δύο
715 3494 811 3573 μόνοι
839 3491 931 3566 ὄντες
954 3497 1160 3576 μαρτυροῦσι

944 3594 998 3648 32*
