2612 3918
468 307 563 358 xm
581 306 744 361 Μεῖνον.
1071 305 1113 370 79

100 463 247 549 ὑδελφὸς
269 464 288 532 ό
311 467 434 531 τούτου
456 463 511 530 καὶ
534 460 632 542 οὗτος
652 468 700 542 είς
718 466 780 549 τήν
799 469 908 532 οίκίαν
927 466 1114 532 ἀντιδιδόν-

99 593 153 647 τες
181 574 407 656 τριηραρχίαν.
452 571 601 655 τούνομα
629 567 690 655 μὲν
719 573 760 656 δή
788 570 951 656 παρέσχεν
978 573 1112 655 ἐκεῖνος,

100 671 212 760 καλήν
231 677 249 742 ὁ
268 677 459 754 ἀντιδιδοὺς
474 677 700 761 Θρασύλοχος·
718 678 759 743 τδι
777 675 807 743 δ’
826 679 906 762 ἔργα
924 678 1031 744 πάντα
1049 676 1167 743 καὶοιο

1 801 2 808 ’
63 783 142 847 19τὺ
165 779 361 866 πραττόμεν’
386 777 429 866 ήν
451 782 669 850 ὑπὸτούτου.
706 781 761 848 καί
783 795 916 868 πρῶτον
939 779 1001 868 μέν
1022 781 1114 850 κατέ-

1 887 2 890 ’
102 905 221 972 σχισαν
242 889 301 966 τὰς
322 889 432 973 θύρας
454 899 521 953 τῶν
545 889 748 974 οἰκημάτων,
776 889 821 967 ὡς
844 889 954 956 αὐτῶν
976 889 1042 973 ήδη
1064 913 1114 972 γι-
1167 971 1169 974 ¹

101 992 265 1078 γνομένας
288 995 370 1060 κατὰ
393 995 455 1078 τήν
478 994 663 1060 ἀντίδοσιν·
687 991 757 1061 εἶτα
779 1004 837 1079 τῆς
855 995 1001 1079 ἀδελφῆς
1019 993 1114 1060 ἐναν-

100 1105 174 1166 τίον
206 1101 306 1185 κόρης
333 1102 381 1166 έτι
408 1098 463 1167 καί
490 1101 609 1177 παιδὸς
636 1101 739 1183 οὔσης
766 1094 964 1185 ἐφθέγγοντ’
995 1101 1113 1185 αίσχρὺ

101 1204 156 1272 καὶ
174 1215 322 1293 τοιαῦτα,
346 1197 394 1273 οἷ’
415 1203 458 1272 ἂν
476 1207 652 1290 άνθρωποι
669 1214 816 1272 τοιοῦτοι
835 1204 1038 1290 φθέγξαιντο
1056 1205 1115 1294 (οὑ

101 1314 165 1398 γάρ
191 1315 294 1395 ἔγωγε
316 1316 523 1397 προαχθείην
544 1309 589 1377 -άν
612 1314 717 1377 είπείν
739 1312 822 1396 πρὸς
843 1311 929 1397 ὑμᾶς
950 1323 1018 1378 τῶν
1039 1314 1113 1378 τότε

102 1416 276 1504 ῥηθέντων
295 1415 422 1500 οὐδέν),
441 1415 497 1482 καί
514 1417 577 1500 τήν
590 1413 714 1502 μητέρα
727 1413 809 1502 κάμὲ
823 1415 878 1482 καὶ
891 1419 1016 1494 πάντας
1028 1417 1114 1502 ἡμᾶς

101 1525 184 1611 βητά
211 1525 357 1607 κάρρητα
383 1524 467 1588 κακὰ
494 1520 567 1606 έξής
593 1517 700 1588 εἶτον·
733 1521 752 1588 δ
776 1520 807 1588 δ’
835 1517 898 1588 οὑν
920 1524 1113 1590 δεινότατον

100 1629 156 1697 καὶ
184 1629 226 1696 ού
253 1631 366 1712 λόγος,
394 1622 466 1694 ἀλλ’
492 1630 592 1712 ἔργον
617 1629 698 1712 ήδη·
726 1630 784 1705 τάς
811 1631 904 1707 δίκας
931 1629 976 1707 ὡς
1002 1629 1114 1694 αὐτῶν

64 1756 89 1795 ιο
102 1737 206 1813 ούσας
231 1735 375 1820 ήφίεσαν
401 1745 472 1810 τοίς
499 1734 695 1818 ἐπιτρόποις.
739 1733 796 1801 καὶ
822 1729 913 1801 ταῦτ’
939 1733 1029 1801 ἐστὶν
1052 1732 1113 1820 μὲν

101 1841 236 1925 παλαιά,
259 1839 348 1924 ὅμως
370 1839 410 1905 δέ
431 1863 524 1917 τινας
546 1841 767 1924 μνημονεύειν
789 1840 883 1926 ὑμῶν
904 1847 1028 1926 οίομαι·
1052 1842 1111 1926 δλη

101 1949 165 2033 γάρ
196 1945 219 2031 ή
250 1948 346 2023 πόλις
374 1946 435 2029 τήν
463 1945 636 2012 ἀντίδοσιν
661 1944 717 2012 καί
742 1948 804 2030 τήν
831 1947 1013 2032 ἐπιβουλήν
1038 1950 1112 2014 τότε

103 2054 226 2137 ταύτην
249 2050 304 2118 καὶ
325 2052 387 2135 τήν
410 2050 583 2135 ἀσέλγειαν
606 2051 738 2139 ήσθετο.
783 2053 872 2136 κάγὼ
894 2056 968 2120 τότε
990 2055 1112 2120 παντά-

101 2176 204 2225 πασιν
230 2160 350 2243 ἔρημος
377 2158 425 2224 ὢν
449 2157 505 2224 καλ
526 2157 602 2236 νέος
624 2160 760 2245 κομιδή,
788 2160 843 2225 ἵνα
866 2161 910 2244 μή
933 2171 1001 2226 τῶν
1023 2161 1112 2245 παρὰ

100 2276 171 2342 τοις
194 2263 381 2350 όπιτρόποις
401 2263 678 2351 ἀποστερηθείην,
701 2264 762 2349 οὐχ
786 2261 836 2331 ὅτ’
856 2265 1035 2351 ἠδυνήθην
1057 2290 1112 2333 κο-

101 2375 266 2456 μίσασθαι
296 2371 494 2454 προσδοκῶν
526 2371 729 2454 εἰσπράξειν,
761 2368 832 2437 ἀλλ’
864 2371 952 2436 ὅσον
983 2370 1112 2460 ἐμαυτῷ

102 2473 262 2565 συνῄδειν
288 2474 555 2566 ἀπεστερημένῳ,
585 2474 702 2561 δίδωμ’
729 2482 833 2542 είκοσι
860 2486 944 2561 μνᾶς
970 2479 1111 2561 τούτοις,

102 2585 186 2650 ὅσου
208 2583 269 2666 τήν
291 2586 508 2668 τριηραρχίαν
529 2577 616 2666 ἦσαν
638 2583 891 2667 μεμισθωκότες.
927 2584 968 2648 τά
990 2579 1051 2669 μέν
1069 2585 1111 2668 δή

62 2709 88 2749 τι
101 2686 177 2757 τόθ’
199 2688 385 2773 ὑβρίσματα
407 2688 535 2754 τούτων
558 2690 606 2766 είς
628 2683 684 2772 ἐμὲ
706 2682 797 2752 ταῦτ’
818 2687 917 2753 ἐστίν.
953 2690 1050 2772 δίκην
1074 2685 1111 2756 δὲ

100 2796 208 2883 τούτφ
240 2795 350 2879 λαχὼν
377 2793 519 2880 ὕστερον
545 2803 603 2877 τής
628 2796 828 2877 κακηγορίας
854 2784 947 2860 εἷλον
974 2793 1111 2881 ἐρήμην·

102 2902 231 2986 οὐγὰρ
254 2901 391 2985 ἀπήντα.
434 2901 547 2985 λαβὼν
569 2897 601 2965 δ’
626 2899 835 2984 ὑπερήμερον
858 2896 914 2966 καὶ
936 2903 1032 2986 ἔχων,
1055 2903 1112 2970 οὐ·

103 3009 200 3086 δενὸς
225 3006 360 3091 ήψάμην
387 3028 438 3072 ποο
465 3018 532 3072 τῶν
558 3007 696 3089 τούτου,
728 3005 810 3071 ἀλλὰ
839 3007 950 3090 λαχὼν
978 3007 1112 3092 ἐξούλης

102 3116 218 3196 πάλιν,
247 3103 383 3179 οὐδέποτἸ
400 3109 455 3178 καί
477 3114 621 3196 τήμερον
644 3113 809 3177 είσελθείν
832 3113 1029 3198 δεδύνημαι·
1058 3137 1111 3180 το-

104 3221 226 3296 σαύτας
252 3217 368 3306 τέχνας
393 3216 449 3284 καί
476 3219 612 3301 σκήψεις
639 3212 737 3295 οὗτος
762 3217 926 3302 εὑρίσκων
954 3218 1111 3304 ἐκκρούει.

104 3326 193 3411 κάγὼ
216 3322 277 3411 μέν
301 3324 406 3400 οὕτως
429 3323 576 3406 εὐλαβῶς
591 3332 635 3408 τή
656 3325 742 3409 δίκη,
764 3335 835 3401 τοίς
851 3325 967 3408 νόμοις
985 3324 1112 3391 ἅπαντα

104 3435 259 3517 πράττειν
286 3431 379 3510 ἀξιῶ·
416 3430 434 3495 ὁ
463 3426 508 3512 δ’,
536 3429 580 3506 ὡς
607 3428 701 3513 ὑμεῖς
728 3427 871 3512 ἀκούετ’,
899 3429 1045 3513 ἀσελγῶς
1072 3431 1113 3496 ού

106 3540 211 3622 μόνον
232 3538 279 3614 είς
297 3531 353 3621 ἐμὲ
371 3533 427 3601 καί
444 3537 523 3611 τοὺς
541 3535 641 3620 έμοὺς
658 3533 740 3622 βετο
760 3515 832 3600 δείὺ
849 3535 1007 3620 ὑβρίζειν,
1030 3535 1113 3601 ἀλλὰ

5 3697 8 3708 .
67 3661 92 3700 ⁸2
106 3641 159 3709 καὶ
187 3643 234 3718 είς
261 3644 339 3720 τοὺς
366 3640 509 3726 φυλέτας
537 3638 581 3706 δι’
609 3639 672 3724 ἐμέ.
719 3641 763 3720 ὑς
791 3635 853 3708 οὑν
875 3636 967 3707 ταῦτ’
993 3641 1102 3725 ἀληθῆ
1113 3655 1161 3705 541
