2590 3900
375 163 458 215 [τιν’
477 161 794 215 wermonon
812 162 844 213 A.
1049 159 1115 226 285

93 325 211 400 πόλεις
234 319 293 387 καὶ
315 324 424 408 χώρας
446 321 553 412 σςόζει·
577 320 631 387 καὶ
654 323 716 405 τήν
739 321 962 406 ἀπαραίτητον
984 318 1039 387 καί
1062 338 1115 388 σε·

92 430 183 512 μυήυ
210 431 338 513 Δίκην,
366 428 409 513 ἡν
437 428 455 494 ό
480 429 538 505 τὰς
561 427 742 512 ἁγιωτάτας
763 427 844 514 ἡμίν
866 429 996 505 τελετάς
1017 451 1114 494 κατα-

93 535 209 615 δείξας
230 532 372 617 Ὀρφεύς
393 535 482 620 παρὰ
504 535 564 600 τὸν
580 543 641 599 τοῦ
660 535 743 610 Διὸς
760 535 890 618 θρόνον
909 531 993 618 φησί
1010 538 1116 618 καθη-

92 640 202 724 μένην
236 641 345 707 πάντα
375 640 416 705 τδ
447 650 515 705 τῶν
545 639 735 725 ἀνθρώπων
763 648 905 723 εφορᾶν,
937 640 985 715 εἰς
1013 638 1115 705 αὑτὸν

92 745 241 812 ἕκαστον
265 749 448 831 νομίσαντα
471 744 605 827 βλέπειν
628 744 715 811 οὕτω
739 745 793 809 δεῖ
811 747 1027 828 ψηφίζεσθαι,
1050 767 1114 827 φυ-

91 855 303 936 λαττόμενον
327 848 382 918 καί
404 851 643 935 προορώμενον
666 851 709 934 μή
732 858 948 934 καταισχῦναι
969 851 1167 933 ταύτηυ,773

91 951 131 1039 ἡς
162 958 341 1042 ἐπώνυμός
369 956 460 1023 έστιν
487 957 581 1041 ὑμῶν
608 955 744 1033 ἕκαστος
771 955 789 1022 ὁ
817 953 868 1020 άεὶ
891 955 1035 1033 δικάζειν
1058 959 1114 1020 λα-

92 1065 176 1147 χών,
197 1064 308 1129 πάντα
326 1065 366 1129 τὰ
385 1062 422 1129 όν
439 1072 479 1148 τῇ
498 1066 592 1129 πόλει
609 1063 693 1128 καλδι
711 1061 766 1129 καί
785 1063 897 1128 δίκαια
914 1059 970 1127 καί
989 1059 1115 1146 συμφέ-

94 1191 202 1250 ροντα
232 1170 410 1254 φυλάττειν
439 1170 564 1252 ταύτην
590 1170 652 1252 τὴν
679 1166 805 1255 ἡμέραν
833 1169 1114 1252 παρακαταθήκην

93 1275 241 1360 ἔνορκον
269 1276 413 1360 εἰληφὼς
441 1274 530 1359 παρὰ
557 1286 624 1340 τῶν
651 1277 765 1359 νόμον
792 1272 847 1340 καί
869 1283 927 1357 τῆς
948 1276 1114 1351 πολιτείας

56 1380 151 1446 uuaz
175 1390 237 1464 της
259 1382 427 1466 πατρίδος.
463 1381 508 1458 ὡς
530 1382 562 1446 εἰ
582 1382 627 1466 μή
649 1391 770 1448 τοῦτον
792 1379 878 1459 ἕξετε
900 1382 960 1446 τὸν
978 1381 1113 1465 τρόπον,

94 1482 169 1552 ἀλλ’
200 1487 263 1553 ἀπὸ
286 1497 343 1571 της
367 1490 539 1571 συνήθους
562 1487 719 1570 εὐηθείας
741 1488 992 1570 εἰσεληλυθότες
1013 1491 1109 1552 καθε-

96 1593 232 1675 δεῖσθε,
260 1595 430 1677 φοβοῦμαι
457 1594 501 1677 μή
524 1593 562 1659 τὸ
585 1589 707 1676 πρᾶγμ’
733 1593 781 1668 εἰς
803 1590 1001 1657 τούναντίον
1023 1613 1113 1675 περι-

95 1708 178 1785 στῇ,
206 1696 261 1764 καί
290 1699 467 1775 δοκοῦντες
494 1697 587 1782 ἡμεῖς
611 1695 891 1782 Ἀριστογείτονος
917 1709 1114 1783 κατηγορείν

96 1804 195 1891 ὑμῶν
226 1815 489 1889 κατηγοροῦντες
520 1815 692 1889 φανῶμεν·
724 1806 791 1893 όσφ
823 1805 887 1889 γὰρ
918 1802 961 1869 διν
987 1807 1113 1888 μᾶλλον

59 1973 62 1980 .
96 1910 195 1997 ἡμῶν
232 1911 411 1989 δειξάντων
443 1911 504 1994 τήν
535 1911 656 1977 τούτου
687 1913 853 1995 πονηρίαν
884 1905 989 1995 μηδέν
1020 1909 1114 1993 ὑμεῖς

98 2019 313 2101 φροντίσητε,
335 2017 484 2105 τοσούτῳ
507 2019 625 2100 μείζων
648 2015 668 2099 ἡ
688 2012 767 2081 καθ’
789 2016 884 2100 ὑμῶν
901 2015 1042 2100 αἰσχύνη
1061 2039 1114 2098 γε·

98 2127 244 2208 νήσεται.
290 2119 345 2188 καὶ
367 2120 443 2206 περὶ
465 2119 526 2206 μέν
548 2123 676 2202 τούτων
700 2122 805 2188 ἰκαυά.

61 2244 86 2284 1³
191 2229 290 2294 Πάνυ
318 2222 348 2294 δ’
375 2223 401 2295 ὦ
427 2229 548 2311 ἄνδρες
567 2224 741 2311 Ἀθηναῖοι
763 2227 843 2311 μετὰ
865 2227 972 2312 πάσης
995 2230 1114 2294 οἰκειό-

99 2357 198 2419 τητος
221 2333 284 2419 ἐρῶ
308 2333 436 2418 τάληθῆ
460 2334 543 2416 πρὸς
559 2332 653 2418 ὑμᾶς.
690 2331 754 2414 ἐγὼ
772 2333 836 2415 γὰρ
856 2330 893 2398 ἰν
910 2344 982 2411 ταῖς
1001 2334 1114 2419 ἐκκλη-

100 2444 190 2518 σίαις
207 2439 296 2524 ὀρῶν
311 2440 397 2524 ὑμᾶς
410 2440 722 2522 κατατάττοντάςμε
735 2435 790 2504 καὶ
804 2439 1114 2524 προχειριζομένους

100 2544 155 2612 ἐπὶ
177 2546 239 2630 τήν
261 2547 383 2612 τούτου
405 2548 617 2630 κατηγορίαν,
640 2545 795 2629 ήχθύμην
818 2542 874 2610 καὶ
897 2545 942 2629 μὰ
965 2548 1023 2612 τὸν
1045 2551 1113 2613 Δία

99 2651 156 2719 καὶ
185 2652 310 2729 πάντας
335 2654 440 2729 θεοὺς
467 2651 528 2716 οὐκ
555 2649 749 2735 ἐβουλόμην.
795 2650 836 2717 οὐ
864 2652 927 2736 γὰρ
955 2651 1113 2736 ἠγνόουν,

100 2759 152 2824 ὅτι
176 2757 194 2824 ό
216 2759 357 2840 ποιήσας
379 2780 411 2822 τι
433 2765 587 2823 τοιοῦτον
605 2751 683 2841 παρ’
704 2755 785 2840 ὑμίν
802 2753 858 2823 καί
876 2757 998 2822 παθὼν
1016 2756 1113 2843 ἀπέρ-

99 2889 199 2952 χεται.
250 2864 281 2928 εἰ
312 2859 349 2929 δὲ
381 2864 425 2948 μὴ
452 2867 648 2947 τηλικοῦτον
680 2859 757 2928 ὥστ’
789 2863 893 2939 εὐθύς
921 2863 1113 2947 αἰσθέσθαι,

100 2968 170 3036 ἀλλ’
202 2967 261 3035 ἰὰν
288 2970 394 3035 πολλὰ
421 2977 558 3035 τοιαῦτα
584 2977 663 3054 ποιῇ
690 2966 746 3035 καί
772 2971 816 3054 μὴ
843 2970 1003 3052 παύηται,
1031 2973 1114 3054 ταχύ

99 3083 271 3161 γνώσεται.
304 3075 392 3158 ὅμως
412 3071 441 3139 δ’
460 3074 642 3157 ἀναγκαῖον
660 3073 813 3159 ἡγούμην
832 3069 917 3140 εἶναι
933 3081 1114 3142 πείθεσθαι

63 3199 87 3240 1⁴
99 3193 170 3260 τοίς
198 3180 368 3267 ὑμετέροις
394 3183 589 3264 βουλήμασι.
633 3181 675 3246 τδι
702 3176 762 3264 μὲν
790 3174 853 3247 οὖν
879 3179 955 3266 περὶ
981 3191 1039 3264 τής
1062 3181 1114 3247 έν-

100 3288 231 3366 δείξεως
253 3284 308 3352 καὶ
330 3297 398 3353 τῶν
420 3288 534 3370 νόμων
556 3286 667 3351 δίκαια
686 3284 800 3369 αὐτὸν,
823 3286 904 3372 ὅπερ
922 3290 1112 3371 πεποίηκεν,

99 3399 300 3477 Λυκοῦργον
332 3390 421 3474 ἐρεῖν
452 3390 622 3474 ἡγούμην,
658 3387 713 3454 καί
745 3391 823 3467 τοὺς
856 3390 1024 3476 μάρτυρας
1054 3401 1112 3474 τῆς

99 3502 261 3584 πονηρίας
286 3506 345 3581 τῆς
371 3498 493 3562 τούτου
521 3503 640 3560 τοῦτον
668 3494 782 3578 ἑώρων
804 3495 1112 3579 προσκαλούμενον·
