2612 3918
175 145 217 207 98
488 145 559 196 xxl.
584 142 863 196 ΔΗΜΟΣΘΕΝΟΤΣ

123 321 161 365 ιιι
174 305 312 390 μεγάλαι
330 305 413 387 πρὸς
430 305 489 369 τὸν
510 306 617 388 δῆμον
635 302 825 386 εὐεργεσίαι.
856 301 897 368 οὑ
910 304 1014 386 μόνον
1030 299 1065 368 δὲ
1080 299 1183 368 ταῦθ’

174 410 319 495 ὑπῆρχεν
346 409 451 498 αὐτῷ,
479 409 561 476 ἀλλά
586 407 642 475 καί
671 407 769 485 αὐτὸς
796 404 879 493 ὑπὲρ
906 418 967 475 τοῦ
994 410 1102 494 δήμου
1124 408 1185 474 θέ-

174 540 272 602 μενος
295 517 334 581 τά
357 515 456 598 ὑπλα,
486 514 537 592 δὶς
561 511 621 600 μέν
645 515 682 582 ἐν
704 515 822 604 Σάμφ,
846 518 958 600 τρίτον
982 511 1013 581 δ’
1040 513 1076 581 ίν
1099 513 1185 600 αὐτῆ

174 631 214 709 τῆ
236 625 346 706 πόλει,
375 631 419 711 τῷ
443 609 568 706 σάματι
591 621 651 705 τήν
675 621 826 704 εὑνοιαν,
854 619 895 687 οὑ
917 623 1081 706 χρήμασιν
1104 615 1185 688 οὑδὲ

175 732 286 813 λόγοις
313 727 497 807 ἐνεδείξατο
524 737 564 813 τη
586 728 729 810 πατρίδι.
776 731 822 794 ἔτι
847 725 877 792 δ’
904 728 1013 793 ἵππων
1032 723 1183 810 Ὀλυμπί-

176 850 253 900 ασιν
283 833 407 918 ἀγῶνες
434 833 584 918 ὑπῆρχον
615 833 703 921 αὑτῶ
732 832 787 899 καί
813 843 903 899 νῖκαι
930 831 985 898 καί
1012 831 1183 916 στέφανοι,

175 939 230 1007 καί
256 941 437 1025 στρατηγὸς
465 941 611 1023 ἀριστος,
638 937 695 1005 καί
722 937 831 1022 λέγειν
854 938 960 1005 ἐδόκει
983 939 1116 1005 πόντων
1139 939 1184 1016 ὥς

124 1067 162 1108 ιιι
176 1062 279 1132 φασιν
311 1041 395 1111 εἶναι
426 1047 621 1123 δεινότατος.
667 1041 738 1111 ἀλλ’
769 1046 857 1130 ὅμως
885 1046 920 1111 οί
943 1042 1014 1111 κατ’
1045 1044 1174 1111 ἐκεῖνον
1184 1057 1238 1106 562

176 1149 326 1236 ὑμέτεροι
344 1154 514 1236 πρόγονοι,
538 1151 678 1229 οὑδενὸς
694 1153 822 1218 τούτων
841 1151 929 1239 αὐτῷ
948 1152 1184 1237 συνεχώρησαν

175 1256 319 1342 ὑβρίζειν
338 1256 469 1339 αὑτούς,
489 1257 571 1324 ἀλλὰ
589 1261 786 1342 ποιήσαντες
800 1255 924 1343 φυγάδ’
942 1257 1108 1341 ἐξέβαλον·
1127 1257 1183 1324 καί

175 1365 448 1448 Λακεδαιμονίων
481 1365 588 1430 όντων
622 1365 766 1448 ἰσχυρῶν
797 1367 885 1444 τότε,
917 1361 972 1431 καί
1005 1362 1183 1430 Δεκέλειαν

176 1468 304 1547 ἑαυτοῖς
327 1469 582 1555 ἐπιτειχισθῆναι
608 1468 662 1535 καί
685 1471 743 1546 τὰς
761 1478 843 1548 ναῦς
861 1469 986 1536 ἀλῶναι
1002 1468 1058 1536 καί
1075 1469 1179 1535 πάνθ’
1235 1483 1237 1487 ’

176 1576 364 1661 ὑπέμειναν,
387 1575 501 1642 ὁτιοῦν
525 1577 660 1654 ἄκοντες
683 1583 805 1643 παθεῖν
828 1578 964 1642 κάλλιον
987 1571 1072 1642 εἶναι
1090 1579 1182 1661 νομί-

124 1703 161 1744 ιιι
177 1685 299 1764 ζοντες,
327 1680 348 1767 ή
376 1681 505 1760 ἑκόντες
532 1682 726 1765 ὑβριζεσθαι
755 1691 974 1768 συγχωρῆσαι.
1019 1685 1125 1747 καίτοι
1150 1685 1186 1748 τί

174 1798 337 1854 τοσοῦτον
359 1788 483 1866 ἐκεῖνος
505 1788 653 1872 ὕβρισεν,
677 1789 794 1872 ἡλίκον
817 1783 914 1866 οὗτος
936 1797 1000 1854 νῦν
1018 1787 1182 1872 ἐξελήλεγ-

176 1918 262 1974 κταις
296 1893 446 1980 Ταυρέαν
468 1894 604 1975 έπάταξε
626 1891 822 1980 χορηγοῦντ’
850 1894 902 1960 ἐπὶ
925 1897 1054 1979 κόρρης.
1099 1897 1182 1961 έστεο

176 2011 292 2083 ταῦτα,
321 2000 403 2067 ἀλλὰ
429 2012 583 2086 χορηγῶν
609 2025 647 2085 γε
674 2010 881 2086 χορηγοῦντα
903 1995 993 2066 τοῦτ’
1018 1999 1181 2086 ἐποίησεν,

177 2108 267 2172 οὑπω
290 2108 387 2173 τόνδε
409 2109 468 2174 τὸν
485 2109 590 2192 νόμον
608 2110 836 2192 παραβαίνων,
860 2107 901 2173 οὑ
918 2108 981 2190 γάρ
1001 2109 1104 2172 ἔκειτό
1121 2130 1182 2174 πω.

174 2207 252 2299 elo?
270 2208 476 2298 Ἀγάθαρχον
495 2214 554 2279 τὸν
571 2211 717 2300 γραφέα·
740 2212 795 2279 καί
814 2215 878 2296 γάρ
895 2222 998 2278 ταῦτα
1017 2211 1181 2297 λέγουσιν.

175 2321 286 2404 λαβὼν
307 2318 348 2403 γέ
367 2343 398 2385 τι
420 2316 669 2405 πλημμελοῦνθ’
693 2320 737 2397 ὥς
760 2336 875 2405 φασιν,
899 2319 980 2404 ὅπερ
1002 2317 1075 2385 οὐδ’
1097 2320 1181 2386 ὀνει-

175 2428 275 2506 διζειν
303 2427 403 2506 ἀξιον.
448 2428 527 2502 τοὺς
552 2421 673 2511 Ἑρμᾶς
699 2424 921 2509 περιέκοπτεν.
967 2425 1095 2490 ἅπαντα
1121 2423 1182 2510 μὲν

174 2529 265 2618 οἶμαι
288 2532 494 2617 τάσεβήματα
517 2540 575 2614 τῆς
598 2531 699 2614 αὐτῆς
721 2532 821 2616 ὀργῆς
844 2532 974 2598 δίκαιον
992 2530 1119 2610 ἀξιοῦν·
1144 2533 1181 2598 τὸ

176 2637 206 2704 δ’
228 2638 312 2715 ὅλως
331 2637 503 2722 ἀφανίζειν
524 2632 585 2720 ἀέρ’
606 2633 680 2702 ἔσθ’
703 2637 721 2703 ὑ
739 2660 770 2702 τι
788 2646 849 2702 τοῦ
867 2639 1000 2702 κόπτειν
1018 2637 1181 2723 διαφέρει·

124 2763 162 2804 1⁴0
175 2745 299 2811 οὑκοῦν
330 2739 428 2821 οὑτος
457 2744 680 2828 ἐξελήλεγκται
707 2752 805 2808 τοῦτο
833 2755 947 2810 ποιῶν.
994 2742 1180 2830 ἀντιθῶμεν

175 2853 217 2936 δή
243 2854 293 2928 τίς
320 2851 367 2918 ὢν
394 2848 448 2916 καί
474 2853 540 2914 τίσι
566 2847 658 2914 ταῦτ’
690 2850 949 2934 ἐνδεικνύμενος,
994 2849 1038 2935 μή
1066 2853 1181 2916 τοίνυν

174 2959 265 3044 ὑμίν,
283 2958 365 3040 πρὸς
382 2965 427 3046 τῷ
446 2957 490 3041 μή
509 2957 622 3038 καλὸν,
643 2952 726 3040 μηδὲ
745 2957 884 3040 θεμιτὸν
902 2950 1042 3039 νομίζετ’
1063 2957 1182 3039 ἀνδρες

175 3063 326 3132 δικασταὶ
353 3061 430 3148 μηδ’
457 3063 552 3128 ὅσιον
581 3057 709 3145 [είναι],
736 3063 899 3127 τοιούτων
927 3061 1060 3143 ἀνδρῶν
1085 3057 1181 3127 οὖσιν

175 3172 361 3255 ἀπογόνοις,
384 3169 534 3253 πονηρὸν
557 3165 611 3234 καί
634 3170 747 3251 βίαιον
768 3166 824 3233 καί
842 3167 1004 3252 ὑβριστήν
1022 3170 1181 3251 λαβοῦσιν

175 3279 356 3362 ἄνθρωπον
375 3273 429 3341 καί
447 3271 574 3359 μηδένα
593 3275 800 3358 μηδαμόθεν,
819 3271 1051 3358 συγγνώμηςή
1067 3279 1179 3358 φιλαν·

177 3385 326 3465 θρωπίας
352 3380 373 3466 ή
400 3381 532 3467 χάριτός
556 3403 648 3457 τινος
671 3379 815 3458 ἀξιῶσαι.
860 3383 950 3456 τίνος
972 3381 1035 3464 γάρ
1059 3381 1180 3461 εἵνεκας

177 3499 242 3552 τῶν
273 3499 491 3571 στρατηγιῶν·
530 3483 601 3552 ἀλλ’
634 3483 712 3552 οὐδὲ
743 3483 821 3551 καθ’
852 3485 954 3551 αὑτὸν
984 3488 1183 3570 στρατιώτης
