2614 3904
165 235 231 300 400
444 239 565 291 κων.
590 235 894 306 [amomum]

164 393 394 480 ἐπισκήψωμαι
412 395 513 484 αὐτῷ,
533 399 641 462 πόθεν
658 397 719 478 τήν
738 395 908 475 ἀπόδειξιν
925 400 1095 477 ποιήσεται
1114 401 1179 459 τοῦ

164 500 273 584 ἀληθῆ
297 512 491 584 μαρτυρεϊνς
516 501 553 567 ἐκ
573 512 641 566 τῶν
659 508 855 585 συνθηκώνς
878 510 976 567 τοῦτο
995 501 1112 565 τοίνυν
1130 498 1176 583 μὴ

163 606 415 689 ἀναβαλλέσθω,
438 601 510 673 ἀλλ’
530 608 594 692 ἥδη
616 607 746 691 φερέτω
769 606 788 673 ό
811 609 897 691 ἔχων
919 608 977 682 τάς
996 605 1178 686 συνθήκας.

164 714 196 778 εί
218 707 248 777 δ’
274 711 480 778 ἀπολωλέναι
503 720 601 798 φησί,
625 715 732 778 πόθεν
755 712 846 796 λάβω
871 711 934 794 ἐγὼ
957 713 1017 778 τὸν
1040 713 1178 794 ἔλεγχον

163 820 591 903 καταψευδομαρτυρηθείς
616 820 647 884 εί
668 815 811 902 μὲνγὰρ
829 815 906 901 παρ’
929 817 1001 901 ἐμοὶ
1021 815 1119 897 ἐτέθη
1138 817 1177 882 τὸ

164 935 396 1008 γραμματείου,
419 911 500 1009 Ιἐνῆν
518 924 561 990 ἀν
580 925 795 990 αἰτιάσασθαι
810 917 1024 1012 Ἀπατουρίφ,
1048 923 1093 998 ώς
1111 921 1177 1005 ἐγὼ

123 1047 151 1086 ³⁸
165 1029 221 1094 διὰ
247 1029 309 1113 τήν
336 1029 459 1112 ἐγγύην
486 1029 633 1114 ήφάνικα
659 1031 717 1106 τὰς
744 1031 928 1113 συνθήκας·
965 1031 997 1095 εί
1023 1024 1059 1094 δέ
1086 1029 1176 1108 παρά

164 1143 209 1222 τῷ
231 1130 439 1219 Ἀριστοκλεῖ,
463 1135 519 1200 διά
541 1139 584 1218 τί,
608 1140 699 1220 είπερ
722 1136 803 1200 ἀνευ
825 1143 883 1218 τῆς
900 1136 1025 1200 τούτου
1041 1135 1177 1218 γνώμης

165 1239 375 1306 ἀπολώλασιν
402 1241 439 1306 αί
464 1247 647 1324 συνθῆκαι,
674 1250 719 1327 τῷ
748 1237 809 1325 μὲν
835 1243 972 1324 λαβόντι
997 1239 1099 1317 αὐτάς
1121 1237 1177 1307 καί

165 1346 206 1410 οὐ
228 1345 404 1430 παρέχοντι
428 1346 468 1412 οὐ
491 1347 669 1429 δικάζεται,
699 1343 771 1430 ἐμοὶ
794 1342 825 1411 δ’
852 1345 997 1429 ἐγκαλεῖ,
1023 1347 1177 1430 μάρτυρα

164 1454 386 1536 παρεχόμενος
405 1449 482 1518 κατ’
511 1451 591 1537 ἐμοῦ
618 1453 677 1517 τὸν
704 1450 890 1535 ἠφανικότα
910 1451 969 1528 τάς
991 1455 1176 1534 συνθήκας,

163 1547 189 1644 ᾧ
217 1565 384 1641 προσῆκεν
412 1557 514 1622 αὐτὸν
541 1557 747 1640 ὀργίζεσθαι,
780 1562 871 1642 είπερ
899 1558 943 1641 μὴ
971 1565 1067 1642 κοινῇ
1095 1558 1176 1641 μετά

162 1647 284 1728 τούτου
307 1660 524 1746 ἐκακοτέχνει;

253 1772 395 1853 Είρηταί
414 1792 471 1852 μοι
493 1769 533 1832 τά
556 1770 677 1851 δίκαια,
702 1769 763 1834 ὅσα
786 1767 964 1852 ἐδυνάμην.
1001 1769 1095 1854 ὑμεῖς
1113 1764 1176 1835 οὖν

163 1875 245 1940 κατὰ
268 1877 346 1950 τοὺς
368 1877 493 1958 νόμους
515 1875 712 1958 γιγνώσκετε
735 1875 775 1938 τά
798 1875 918 1939 δίκαια.

592 2337 742 2405 XXXIV.

232 2499 371 2575 ΠΡΟΣ
399 2499 672 2575 ΦΟΡΜΙΩΝΑ
699 2497 826 2571 ΠΕΡΙ
852 2497 1084 2574 ΔΑΝΕΙΟΤ
1197 2495 1200 2498 ’

567 2669 767 2722 ΤΠΟΘΕΣΙΣ.

256 2783 396 2863 Φορμίων
428 2779 555 2861 ἔμπορος
588 2780 746 2850 δανείζεται
774 2777 854 2860 παρὰ
881 2780 1060 2860 Χρυσίππου
1088 2791 1166 2860 μνᾶς
1175 2795 1227 2844 905

164 2882 257 2942 εἴκοσι
278 2878 374 2940 πλέων
398 2879 439 2950 είς
458 2877 620 2956 Βόσπορον.
657 2875 836 2956 ἀφικόμενος
856 2873 883 2938 δ’
904 2877 996 2940 ἐκεῖσε
1014 2877 1175 2960 κατέλαβεν

165 2977 312 3056 ἀπρασίαν
338 2983 396 3035 τῶν
419 2975 549 3054 φορτίων
572 2965 614 3033 ὧν
637 2972 757 3052 ἐκόμιζε.
803 2973 903 3056 διόπερ
926 2985 979 3037 τοῦ
1003 2977 1174 3058 ναυκλήρου

165 3073 324 3153 Λάμπιδος
356 3069 498 3132 ἀποπλεῖν
527 3065 670 3148 Ἀθήναζε
699 3069 896 3150 βουλομένου,
927 3071 977 3132 καὶ
1004 3073 1175 3147 κελεύοντος

165 3171 256 3232 αὐτὸν
284 3168 429 3232 ἐνθέσθαι
455 3177 490 3252 τῇ
516 3167 567 3246 νηὶ
588 3167 624 3228 τά
647 3165 833 3250 ἀγοράσματα
854 3177 914 3229 τῶν
937 3169 1092 3250 χρημάτων
1115 3179 1176 3232 τῶν

165 3268 245 3350 παρὰ
259 3268 436 3348 Χρυσίππου
457 3267 555 3344 (τοῦτο
574 3263 630 3346 γὰρ
648 3263 772 3346 ἔφραζεν
789 3261 809 3344 ἡ
828 3263 1000 3347 συγγραφή)
1018 3263 1085 3328 οὔτε
1099 3267 1176 3349 φόρ-
1281 3255 1282 3258 ¹

165 3389 217 3426 τον
239 3359 296 3426 τιν’
319 3357 431 3426 ἐνέθετ’
452 3357 517 3426 οὔτ’
543 3361 695 3444 ἀργύριον,
717 3357 779 3423 ἀλλ’
800 3360 857 3442 ἔφη
880 3361 955 3442 πρὸς
977 3361 1030 3424 τόν
1048 3363 1176 3444 Λάμπιν

166 3460 320 3533 ἀδυνάτως
347 3458 421 3539 ἔχειν
449 3459 481 3521 ἐν
511 3465 551 3544 τῷ
577 3458 700 3541 παρόντι
726 3468 847 3539 ποιῆσαι
873 3469 977 3539 ταῦτα,
1010 3459 1114 3542 μικρὸν
1143 3457 1173 3523 δ’

167 3557 288 3635 ὕστερον
315 3551 363 3634 ἐφ’
389 3555 486 3637 ἐτέρας
513 3555 724 3618 ἐκπλεύσεσθαι
751 3555 825 3630 νεὼς
852 3556 913 3636 άμα
935 3563 996 3630 τοῖς
1019 3557 1175 3639 χρήμασιν.
1281 3637 1282 3644 ¹
