2938 4180
530 228 614 280 τιν’
633 229 940 282 εειετοιωενονε.
1176 225 1241 290 196

229 380 295 452 ἀπί
316 383 542 471 Ἀμφιπόλεως
573 386 770 472 ἀναχωρῶν,
803 388 919 471 διαβὰς
952 390 999 465 είς
1027 389 1087 472 την
1116 385 1239 470 Ἀσίαν,

231 492 287 556 διά
314 493 376 576 τῆν
403 494 569 576 σύλληψιν
596 495 658 577 τῆν
677 491 861 582 Ἀρταβάζῳ
885 497 1059 577 συμβᾶσαν
1081 488 1156 559 τόθ’
1181 487 1238 558 ὑπ’·

230 598 513 683 Αὐτοφραδάτου,
542 604 662 683 μισθοῖ
686 600 724 665 τὸ
752 601 936 684 στράτευμα
964 596 1018 665 καὶ
1045 599 1148 665 αὑτὸν
1171 610 1242 677 τοῖς

225 701 427 788 Ἀρταβάζου
449 707 633 789 κηδεσταῖς,
656 707 769 789 λαβὼν
787 701 824 771 δὲ
842 710 967 783 πίστεις
985 703 1041 772 καλ
1060 707 1149 786 δούς,
1174 704 1241 770 ὀλι-

230 813 384 895 γωρησας
401 822 469 878 τῶν
488 811 597 896 ὅρκων
617 810 684 892 [καὶ
702 813 853 898 παραβάς
871 811 1017 895 αὐτούς],
1042 811 1241 896 ἀφυλάκτων

231 917 339 981 ὄντων
362 916 407 993 ὡς
429 916 471 982 άν
491 919 574 1004 πρὸς
593 921 693 1001 φίλον
711 928 779 982 τῶν
797 917 834 983 έν
851 926 891 1003 τῆ
910 918 1011 1004 χώρᾳ,
1035 917 1241 1002 καταλαμβά-

170 1042 215 1086 ιεε
230 1044 282 1086 νει
304 1025 437 1105 Σκῆψιν
460 1021 515 1087 καὶ
538 1026 693 1106 Κεβρῆνα
716 1021 771 1088 καὶ
790 1022 896 1089 Ἴλιον
919 1025 1038 1090 αὐτῶν.
1084 1022 1242 1108 ἐγκρατὴς

231 1123 268 1194 δέ
291 1130 468 1212 γενόμενος
490 1130 618 1193 τούτων
636 1140 703 1194 τῶν
722 1133 864 1214 χωρίων,
887 1127 1009 1213 πρᾶγμ’
1030 1131 1157 1194 ἔπαθεν
1174 1124 1240 1193 τοι-

230 1243 346 1317 οῦτον,
376 1225 449 1299 οἷον
477 1234 537 1319 οὐχ
566 1235 616 1300 δτι
643 1236 826 1318 στρατηγὸς
852 1232 894 1300 ἀν
917 1234 1064 1320 ῆγνόησέ
1082 1259 1133 1312 τις
1155 1231 1241 1301 εἶναι

230 1340 384 1425 φάσκων,
412 1334 484 1405 ἀλλ’
510 1337 583 1406 οὐδ’
611 1339 629 1406 δ
655 1343 765 1426 τυχδιν
792 1343 980 1427 ἄνθρωπος.
1026 1339 1098 1407 οὐδ’
1126 1340 1241 1418 ὁτιοῦν

229 1447 293 1530 γάρ
321 1448 404 1530 ἔχων
432 1449 556 1532 χωρίον
583 1443 635 1510 ἐπὶ
661 1447 825 1532 θαλάττῃ,
853 1447 937 1512 ὅθεν
959 1445 1002 1511 ἀν
1024 1449 1242 1530 σιτοπομπίας

228 1551 399 1636 ηὐπόρησε
417 1563 487 1628 τοῖς
506 1552 729 1634 στρατιώταις,
748 1549 822 1617 οὐδ’
840 1547 882 1618 αὖ
902 1563 995 1617 σίτου
1014 1554 1098 1636 έχων
1117 1551 1242 1630 ἐντοῖς

228 1663 378 1744 χωρίοις,
405 1655 552 1741 ὑπέμειν’
581 1656 618 1723 έν
645 1667 715 1734 τοις
740 1662 882 1743 τείχεσιν
909 1655 964 1723 καὶ
991 1657 1032 1722 οὐ
1058 1657 1242 1743 διαρπάσας

230 1761 339 1851 ᾤχετ’,
361 1762 474 1848 ἐπειδη
497 1760 528 1847 γ’
552 1763 679 1828 ἀδικεῖν
702 1766 795 1846 ἔγνω.
833 1764 878 1840 ὡς
901 1760 938 1830 δὲ
961 1761 1119 1841 συλλέξας
1140 1764 1241 1830 δύνα-

229 1893 288 1954 μιν
304 1861 425 1955 παρῆν
452 1868 470 1935 δ
494 1863 702 1952 Ἀρτάβαζος,
731 1868 908 1954 ἀφειμένος
934 1870 1024 1956 παρά
1050 1878 1111 1935 τοῦ
1133 1869 1240 1935 Αὐτο-

230 1977 419 2060 φραδάτου,
442 1983 487 2064 τῷ
515 1971 576 2060 μέν
598 1973 715 2060 ὑπῆρχ’
743 1974 946 2060 ἐπισιτισμὸς
969 1974 1005 2041 ἐκ
1025 1969 1085 2058 ’τῆς
1107 1975 1243 2043 ἀνωθεν

233 2085 382 2167 Φρυγίας
409 2079 464 2146 καὶ
486 2082 615 2158 Αυδιάς
641 2080 696 2146 καὶ
720 2084 960 2164 Παφλαγονίας
982 2082 1105 2158 οίκείας
1128 2077 1240 2166 οὔσης,

229 2198 274 2276 τῷ
305 2183 334 2254 δ’
362 2184 434 2254 οὐδ’
461 2187 576 2258 Ιὁτιοῦν
604 2189 685 2253 άλλο
708 2187 795 2270 πλην
817 2191 992 2272 πολιορκία
1014 2192 1240 2273 περιειστήκει.

173 2317 214 2358 εει
230 2297 431 2378 αἰσθόμενος
459 2291 489 2358 δ’
517 2287 559 2358 οὗ
583 2288 627 2376 ἣν
648 2303 752 2358 κακοῦ
775 2291 830 2358 καὶ
853 2294 1012 2376 λογισμὸν
1035 2295 1162 2377 λαβάν,
1190 2295 1241 2361 ὅτι

229 2403 448 2486 ληφθήσεται,
468 2397 531 2464 κάν
550 2397 667 2484 μηδενὶ
684 2409 752 2463 τῶν
770 2399 891 2481 ἀλλων,
910 2406 955 2486 τῷ
974 2421 1011 2482 γε
1026 2403 1120 2487 λιμῷ,
1140 2395 1240 2483 εἶδεν,

229 2514 294 2573 είτε
318 2508 359 2590 δή
382 2529 473 2582 τινος
496 2508 646 2582 εἰπόντος
668 2502 726 2570 είτ’
753 2505 853 2582 αὐτὸς
876 2508 997 2586 συνείς,
1021 2503 1073 2570 ὅτι
1095 2510 1241 2590 σωτηρία

229 2616 315 2698 μόνη
334 2607 455 2695 γένοιτ’
473 2610 515 2676 διν
534 2611 634 2698 αὐτῷ,
652 2611 736 2695 ἥπερ
754 2611 900 2688 ἅπαντας
918 2610 1119 2696 ἀνθρώπους
1137 2612 1240 2700 σφ’ζει,
1300 2611 1309 2635 ’

202 2731 204 2734 ’
228 2722 298 2784 ἔστι
320 2711 351 2784 δ’
373 2717 456 2801 αὕτη
474 2721 537 2795 τίς;
561 2717 582 2801 ἡ
600 2716 741 2804 ὑμετέρα
761 2713 800 2798 [ὦ
820 2717 940 2801 ἀνδρες
954 2713 1153 2802 Ἀθηναίοι],
1177 2723 1251 2783 εἴτε,

227 2826 291 2911 χρὴ
316 2827 576 2910 φιλανθρωπίαν
599 2822 708 2907 λέγειν
730 2818 797 2889 εἴθ’
819 2823 837 2889 ὅ
860 2845 892 2888 τι
916 2824 1044 2906 δήποτε.
1066 2827 1183 2907 γνοὺς
1204 2821 1243 2890 δέ

229 2941 329 2997 τοῦτο
352 2929 471 3014 πέμπει
493 2931 555 3014 τῆν
578 2929 755 3012 ἐπιστολὴν
772 2929 864 3013 ὑμίν,
886 2923 926 3012 ἧς
945 2928 1038 3007 ἀξιόν
1056 2925 1119 2994 ἐστ’
1143 2930 1241 2995 ἀκοῦ-

229 3055 300 3117 σαι,
334 3039 537 3120 βουλόμενος
565 3037 620 3101 διδ
647 3044 704 3118 τῆς
731 3034 939 3120 ὑποσχέσεως
963 3044 1025 3099 τοῦ
1051 3028 1241 3119 κομιεῖσθαι

229 3145 444 3228 Χερρόνησον
462 3143 552 3227 ὑμίν,
571 3141 625 3207 καὶ
644 3143 700 3208 διδι
718 3151 778 3208 τοῦ
796 3143 855 3207 τὸν
870 3142 1105 3224 Κηφισόδοτον
1121 3143 1294 3206 δοκεῐνστε

227 3249 353 3336 ἐχθρὸν
385 3251 465 3316 ὄντα
496 3258 557 3315 τοῦ
585 3251 714 3324 Κότυος
739 3245 795 3313 καλ
821 3257 882 3315 τοῦ
905 3241 1112 3330 Ἰφικράτους
1137 3257 1241 3312 ταῦτα

226 3348 427 3440 βυύλεσθαι,
459 3358 606 3439 τριήρων
638 3354 823 3440 εὐπορήσας
854 3347 932 3433 παρ’
962 3352 1056 3436 ὑμῶν
1084 3351 1242 3436 ἀσφαλῶς

170 3482 209 3523 ιει
228 3463 264 3528 ἐκ
290 3471 349 3546 τῆς
374 3457 484 3538 Ἀσίας
511 3461 705 3545 ἀποδράναι.
749 3462 785 3525 τί
809 3460 850 3542 δὴ
879 3463 1055 3543 συμβαίνει
1077 3460 1241 3542 παραυτά,

225 3569 310 3635 ὅθεν
333 3565 514 3652 ἐξηλέγχθη
537 3568 574 3633 τὸ
598 3560 721 3652 πρᾶγμ’
746 3564 795 3632 ἐπ’
823 3564 1022 3653 αὐτοφώρφ;
1049 3565 1067 3630 ὁ
1090 3563 1242 3646 Μέμνων

1025 3670 1078 3720 ιε*
