2612 3918
183 134 225 200 '16
497 139 569 192 m
592 136 871 191 ΔΗαοΣοωιουΣ

182 291 208 361 ὦ
232 295 351 380 ἄνδρες
370 289 553 381 Ἀθηναῖοι,
577 294 625 364 ὅτ’
647 296 711 380 ἐγὼ
732 306 790 380 τῆς
809 297 1035 373 Πανδιονίδος
1051 295 1194 382 χορηγὸς

182 400 328 487 ὑπέστην
355 401 393 468 έν
415 410 460 492 τῷ
484 404 587 491 δήμφ,
611 405 683 468 τότε
706 413 763 487 τῆς
783 400 984 487 Ἐρεχθῇδος
1006 401 1195 468 ἀναστάντα

183 515 240 590 τῆς
272 505 392 574 ἑαυτοῦ
423 514 532 593 φυλῆς
563 509 830 592 ἀνθυποστῆναι,
861 507 917 575 καλ
945 503 1191 592 καταστήσανθ’

184 612 286 679 αὑτὸν
314 612 347 692 ἐξ
375 620 451 680 ίσου
477 612 600 680 καὶτὰ
627 608 696 680 ὄντ’
727 610 944 680 ἀναλίσκονθ’
976 614 1085 695 ὥσπερ
1117 612 1195 696 ἐγώ,

185 717 272 783 οὑτω
300 713 334 803 μ’
360 718 576 805 ἀφαιρεῖσθαι
602 721 664 804 τὴν
689 722 802 803 νίκην,
829 718 975 804 ὑβρίζειν
999 714 1035 784 δὲ
1058 726 1196 784 τοιαῦτα

141 846 170 886 ω
183 823 239 890 καί
255 825 391 890 τύπτειν
409 821 492 911 μηδὲ
511 828 592 892 τότε.
622 835 686 891 νῦν
705 822 742 890 δέ
760 833 858 891 τοῦτο
878 821 940 910 μὲν
953 824 1015 891 ούκ
1028 824 1196 907 ἐποίησεν,

184 928 222 995 έν
248 919 274 1017 ηδ
301 930 362 995 τὸν
385 931 493 1015 δῆμον
515 930 667 1014 ἐτίμησεν
690 930 747 1012 άν,
776 923 849 994 οὐδ’
875 928 1105 996 ἐνεανιεύσατο
1129 953 1196 994 τοι-

184 1044 297 1101 οῦτον·
328 1032 401 1119 ἐμοὶ
424 1031 469 1119 δ’,
497 1035 535 1113 δς
558 1037 636 1120 (είτε
658 1059 708 1113 τις
731 1031 757 1102 ὦ
780 1036 900 1120 ἄνδρες
920 1029 1093 1119 Ἀθηναῖοι
1116 1036 1196 1120 βού-

185 1145 274 1207 λεται
301 1144 436 1225 νομίσαι
459 1144 574 1229 μανίᾳ·
604 1144 705 1227 μανία
727 1142 791 1226 γάρ
815 1147 894 1217 ίσως
917 1138 1007 1207 έστλν
1030 1138 1113 1224 ὑπὲρ
1138 1142 1197 1207 δύ-

185 1250 286 1332 ναμίν
308 1271 340 1313 τι
362 1258 486 1312 ποιεῖν·
508 1253 573 1312 εἴτε
596 1245 651 1312 καὶ
674 1249 858 1333 φιλοτιμίᾳ)
878 1248 1021 1332 χορηγὸς
1037 1245 1196 1330 ὑπέστην,

186 1351 272 1419 οὑτω
291 1363 443 1437 φανερῶς
462 1350 517 1418 καλ
534 1363 659 1436 μιαρῶς
676 1350 864 1436 ἐπηρεάζων
876 1354 1187 1437 παρηκολούθησεν,
1198 1364 1249 1412 εει

185 1458 268 1524 ὥστε
291 1456 374 1542 μηδὲ
397 1469 464 1524 τῶν
488 1458 586 1542 ίερῶν
610 1457 749 1542 ίματίων
774 1453 884 1543 [μηδὲ]
906 1467 967 1523 τοῦ
990 1466 1094 1543 χοροῦ
1111 1455 1197 1542 μηδὲ

185 1573 245 1630 τοῦ
268 1565 418 1648 σώματος
440 1564 486 1629 τὼ
508 1574 596 1649 χείρε
619 1567 781 1628 τελευτῶν
803 1562 1009 1648 ἀποσχέσθαι
1032 1587 1106 1649 μου.

146 1691 172 1730 ιο
273 1671 318 1734 Εἰ
347 1672 464 1735 τοίνυν
492 1691 542 1745 τις
569 1667 664 1752 ὑμῶν
692 1663 718 1733 ὦ
745 1670 865 1754 ἀνδρες
889 1666 1062 1752 Ἀθηναῖοι
1090 1671 1199 1748 άλλως

185 1797 255 1852 πως
278 1777 343 1859 ἔχει
365 1775 427 1857 τὴν
450 1773 555 1858 ὀργὴν
578 1771 632 1840 έπλ
649 1774 796 1839 Μειδίαν
818 1773 839 1858 ἢ
863 1774 908 1850 ὡς
929 1773 1008 1839 δέον
1027 1774 1129 1840 αὐτὸν
1147 1799 1198 1841 τε-

186 1881 325 1962 θνάναι,
354 1879 415 1945 ούκ
443 1879 555 1964 ὀρθῶς
582 1883 655 1963 ἔχει.
703 1879 744 1945 ού
771 1880 835 1964 γάρ
862 1878 932 1944 έστι
959 1881 1090 1945 δίκαιον
1117 1879 1198 1948 οὐδὲ

186 1993 356 2070 προσῆκον
378 1989 440 2068 τὴν
462 1994 522 2051 τοῦ
545 1989 713 2063 παθόντος
736 1985 912 2068 εὐλάβειαν
929 1993 975 2074 τῷ
994 1981 1098 2071 μηδέν
1115 1985 1199 2052 ὑπο-

187 2089 388 2179 στειλαμένη)
411 2092 494 2176 πρὸς
515 2091 615 2176 ὑβριν
638 2089 744 2176 μερίδ’
766 2094 814 2168 είς
836 2096 1004 2177 σωτηρίαν
1026 2093 1198 2178 ὑπάρχειν,

187 2198 269 2264 ἀλλά
295 2199 355 2263 τὸν
383 2193 444 2282 μέν
467 2198 511 2274 ὡς
534 2196 690 2263 ἀπάντων
712 2209 780 2263 τῶν
802 2196 991 2282 ἀνηκέστων
1014 2205 1122 2264 αίτιον
1144 2222 1197 2265 κο·

187 2305 296 2383 λάζειν
322 2307 496 2389 προσήκει,
524 2314 569 2393 τῷ
599 2301 628 2370 δ’
662 2301 715 2368 ἐπὶ
741 2312 803 2369 τού
829 2306 972 2388 βοηθεῖν
999 2303 1200 2371 ἀποδιδόναι

147 2434 172 2472 τι
186 2412 248 2495 τὴν
271 2412 375 2496 χάριν.
414 2407 493 2475 οὐδὲ
515 2413 578 2495 γάρ
602 2404 644 2475 αὖ
665 2405 754 2475 τοῦτ’
776 2412 866 2474 ἔστιν
885 2411 1000 2493 εἰπεῖν,
1023 2411 1067 2487 ὡς
1086 2410 1127 2475 ού
1144 2435 1199 2494 με·

186 2515 371 2602 χενημένου
398 2514 523 2581 πώποτ’
550 2515 689 2592 οὐδενὸς
711 2515 837 2582 ἐκτῶν
859 2516 1021 2596 τοιούτων
1044 2518 1198 2599 [δεινού],

187 2631 232 2710 τῷ
257 2625 343 2711 λόγῳ
366 2623 404 2688 τὸ
427 2618 550 2708 πρᾶγμ’
577 2622 640 2705 ἐγὼ
664 2630 728 2688 νῦν
750 2628 833 2707 αἴρω
856 2620 912 2688 καλ
935 2624 1082 2707 φοβερὸν
1103 2634 1198 2688 ποιῶ.

187 2732 313 2793 πολλοῦ
339 2752 377 2812 με
406 2727 462 2794 καὶ
489 2730 547 2794 δεῖ.
593 2726 664 2794 ἀλλ’
697 2735 808 2794 ἴσασιν
835 2727 992 2810 ἅπαντες,
1020 2729 1052 2793 εί
1077 2725 1114 2793 δέ
1140 2729 1197 2813 μη,

187 2837 308 2899 πολλοί
322 2857 370 2917 γε,
389 2835 552 2900 Εύθυνου
570 2835 629 2901 τὸν
647 2836 851 2899 παλαίσαντα
870 2830 973 2915 [ποτ’]
993 2833 1120 2899 ἐκεῖνον
1138 2836 1199 2901 τὸυ

187 2943 379 3025 νεανίσκον,
406 2942 568 3026 Σώφιλον
594 2942 654 3006 τὸν
678 2941 945 3023 παγκρατιαστήν
972 2938 1122 3026 (ἰσχυρός
1149 2963 1199 3018 τις

187 3042 245 3130 ἦν,
273 3046 387 3132 μέλας,
416 3041 454 3112 εὑ
482 3042 546 3112 οἷδ’
574 3046 624 3112 ὅτι
652 3047 897 3130 γιγνώσκουσίν
924 3069 1012 3134 τινες
1038 3045 1133 3130 ὑμῶν
1158 3045 1199 3111 ὃν

188 3151 299 3238 λέγω)
322 3162 442 3219 τοῦτον
465 3152 501 3219 έν
519 3137 623 3240 Σάμφ
647 3151 684 3218 έν
704 3155 869 3238 συνουσίᾳ
886 3149 952 3216 τινὶ
971 3149 1026 3216 καὶ
1045 3153 1198 3238 διατριβῇ

189 3259 294 3337 οὕτως
312 3261 391 3346 ἰδία,
412 3259 462 3324 ὅτι
480 3261 612 3324 τύπτων
631 3258 733 3323 αὑτὸν
750 3257 897 3343 ὑβρίζειν
916 3259 988 3322 δεῖν
1005 3255 1097 3346 ᾤετο,
1117 3257 1199 3342 ἀμυ-

188 3367 334 3448 νάμενον
357 3365 462 3442 οὕτως
485 3365 567 3430 ὥστε
590 3362 645 3428 καὶ
669 3363 867 3430 ἀποκτεῖναι.
908 3369 1020 3436 ίσασιν
1040 3363 1198 3446 Εὐαίωνα

189 3469 306 3535 πολλοὶ
324 3471 384 3536 τὸν
398 3471 641 3552 Λεωδάμαντος
659 3469 817 3553 ἀδελφόν,
837 3469 1075 3535 ἀποκτείναντα
1093 3472 1198 3536 Βοιω-
