2614 3904
168 229 234 312 40'6
448 251 570 303 xxm.
594 246 901 320 [εααοεοεαονε]

169 402 244 474 οὐδ’
266 409 451 474 ἀποδίδωσι
474 411 511 474 τὸ
535 410 681 490 δάνειον,
705 407 760 473 καὶ
783 409 850 492 ἅμα
873 408 1002 492 ἠρόμην
1025 407 1130 474 αὐτὸν
1157 410 1192 472 εί

170 515 271 597 είδείη
300 515 384 580 ὅπου
413 513 517 596 έστίν,
546 515 603 579 ἵνα
628 516 918 598 προσκαλεσαίμην
945 512 1057 578 αὐτόν.
1104 512 1122 579 ὁ
1152 508 1185 578 δ’

170 621 370 686 ἀκολουθεῖν
402 616 435 704 μ’
467 618 617 685 έκέλευεν
649 617 769 707 ἑαυτῷ,
802 617 857 685 καὶ
886 619 1187 702 καταλαμβάνομεν

169 726 252 808 πρὸς
274 735 343 802 τοῖς
366 727 590 808 μυροπωλίοις
613 729 762 790 τουτονί·
791 725 880 806 κάγὼ
907 729 1070 808 κλητῆρας
1098 727 1188 808 ἔχων

131 851 156 890 1⁴
170 831 462 915 προσεκαλεσάμην
485 831 597 896 αὐτόν.
633 829 688 895 καί
712 830 730 897 ὁ
749 833 881 914 Λάμπις
899 826 925 895 ὦ
944 831 1064 912 ἀνδρες
1083 827 1185 911 Ἀθη-

169 947 259 1002 ναῖοι
274 937 404 1030 ,παρὼν
432 936 712 1025 προσκαλουμένῳ
740 960 797 1021 μοι
824 937 976 1021 οὐδαμοῦ
1003 936 1187 1019 ἐτόλμησεν

169 1043 274 1108 εἰπεῖν
301 1042 345 1118 ὡς
373 1041 533 1127 ἀπείληφε
560 1043 649 1127 παρά
676 1043 797 1107 τούτου
819 1043 857 1106 τὸ
880 1045 1034 1128 χρυσίον,
1063 1039 1137 1106 οὐδ’
1167 1040 1186 1106 ὃ

170 1149 257 1225 εἰκὸς
283 1143 326 1231 ἦν
353 1149 458 1212 εἰπεῖν
481 1195 502 1231 ,,
510 1149 697 1230 Χρύσιππε,
726 1151 847 1232 μαίνει·
875 1151 910 1212 τί
933 1157 1054 1213 τοῦτον
1080 1165 1186 1228 προσ-

169 1259 276 1328 καλείς
301 1251 373 1338 ἐμοὶ
396 1255 459 1338 γάρ
483 1252 673 1318 ἀποδέδωκε
695 1255 733 1318 τὸ
756 1254 927 1338 χρυσίονίῑ.
964 1253 1047 1319 ἀλλά
1068 1253 1111 1337 μὴ
1132 1254 1186 1318 ὅτι

170 1359 189 1424 ό
216 1361 348 1442 Λάμπις
381 1357 581 1442 ἐφθέγξατο,
614 1356 685 1424 ἀλλ’
717 1352 790 1424 οὐδ’
822 1358 920 1434 αὐτὸς
952 1353 1056 1436 οὐτος
1081 1357 1186 1425 οὐδὲν

170 1464 310 1548 ἠξίωσεν
338 1467 457 1548 εἰπεῖν,
485 1467 728 1550 παρεστηκότος
755 1473 815 1529 τοῦ
838 1465 1026 1548 Λάμπιδος,
1055 1457 1189 1553 ᾧνυνί

131 1589 157 1630 ιι
171 1587 274 1654 φησιν
302 1569 549 1636 ἀποδεδωκέναι
576 1570 613 1634 τὸ
641 1572 788 1654 χρυσίον.
833 1574 940 1636 καίτοι
967 1573 1055 1648 εἰκός
1081 1567 1113 1654 γ’
1140 1567 1184 1654 ἦν

171 1675 273 1741 αὐτὸν
304 1677 409 1741 είπείν
437 1670 462 1740 δι
491 1677 611 1757 ἀνδρες
635 1672 823 1758 Ἀθηναῖοι,
856 1680 914 1758 ,,τί
936 1700 976 1760 με
1003 1682 1188 1760 προσκαλεῖ

171 1782 342 1865 ἀνδρωπες
376 1778 570 1846 ἀποδέδωκα
603 1781 666 1864 γάρ
693 1781 799 1868 τούτφ
827 1789 872 1868 τῷ
900 1785 1118 1866 παρεστηκότι
1145 1785 1183 1848 τὸ

171 1889 343 1970 χρυσίον“,
361 1886 416 1952 καὶ
435 1888 501 1972 ἀμα
523 1885 751 1968 ὁμολογοῦντα
774 1885 929 1969 παρέχειν
951 1889 1010 1952 τὸν
1033 1889 1183 1971 Λάμπιν·

170 2001 235 2058 νῦν
258 1989 288 2056 δ’
312 1991 486 2074 οὐδέτερος
509 1991 619 2056 αὐτῶν
642 1985 715 2055 οὐδ’
738 1990 852 2061 ὁτιοῦν
875 1987 967 2058 εἶπεν
985 1992 1021 2058 ἐν
1040 1995 1182 2081 τοιούτῳ

171 2105 283 2186 καιρῷ.
327 2096 381 2162 καί
405 2099 455 2162 ὅτι
478 2097 588 2180 ἀληθῆ
613 2095 709 2179 λέγω,
733 2096 815 2180 λαβέ
835 2120 890 2181 μοι
914 2098 975 2181 τὴν
998 2103 1183 2184 μαρτυρίαν

171 2215 237 2268 τῶν
260 2206 441 2289 κλητήρων.
982 2245 988 2254 κ

486 2341 488 2349 ’
573 2371 778 2434 mmm.
882 2427 884 2432 .
1157 2351 1159 2353 ¹
1184 2388 1232 2436 ειν

133 2515 158 2556 ιι
260 2491 353 2578 Λαβδ
375 2495 416 2578 δη
436 2517 492 2578 μοι
510 2491 565 2558 καὶ
583 2496 620 2559 τὸ
639 2497 784 2579 ἔγκλημα
802 2494 820 2560 δ
840 2498 958 2578 ἔλαχον
976 2494 1064 2583 αὐτῷ
1084 2494 1183 2580 πέρυ-

172 2620 240 2667 σιν·
259 2603 277 2666 ὅ
292 2601 382 2666 ἐστιν
397 2600 536 2690 οὐδενὸς
550 2601 685 2664 ἔλαττον
699 2603 886 2684 τεκμήριον,
902 2601 951 2664 ὅτι
967 2600 1097 2666 οὐδέπω
1111 2597 1179 2668 τότ’

172 2713 275 2792 ἔφησε
301 2709 458 2791 Φορμίων
482 2704 728 2771 ἀποδεδωκέναι
751 2708 788 2772 τὸ
811 2709 950 2792 χρυσίον
973 2707 1132 2790 Λάμπιδι.

584 2935 771 2988 EFKAHMA.

266 3055 372 3117 Τοῦτο
401 3050 438 3116 τὸ
467 3051 611 3132 ἔγκλημα
637 3052 786 3132 ἔγραφον
811 3048 874 3132 ἐγὼ
897 3045 924 3114 ὦ
946 3051 1067 3135 ἄνδρες
1085 3045 1182 3136 ’Λθη

172 3169 263 3224 ναῖοι
282 3157 475 3240 οὐδαμόθεν
494 3157 639 3220 ἄλλοθεν
659 3166 801 3238 σκοπῶν,
821 3150 933 3238 ἀλλ’·λη
953 3155 988 3220 ἐκ
1005 3165 1063 3238 τῆς
1081 3157 1182 3240 ἀπαγ-

173 3267 284 3347 γελίας
302 3271 360 3344 της
378 3261 562 3345 Λάμπιδος,
587 3259 623 3336 ὃς
642 3260 703 3325 οὐκ
720 3263 864 3344 ἔφασκεν
884 3261 959 3326 οὐτε
977 3263 1017 3326 τά
1035 3265 1181 3347 χρήματα

172 3370 385 3434 ἐντεθεῖσθαι
412 3375 533 3432 τοῦτον
562 3368 638 3432 οὐτε
660 3367 697 3432 τὸ
720 3371 859 3451 χρυσίον
882 3367 1111 3452 ἀπειληφέναι·
1138 3371 1181 3452 μη

173 3477 237 3557 γὰρ
265 3473 381 3539 οἴεσθέ
408 3497 447 3557 με
472 3473 576 3549 οὕτως
600 3473 809 3556 ἀπόπληκτον
832 3467 918 3538 εἶναι
940 3472 995 3539 καὶ
1017 3479 1182 3552 παντελῶς

174 3581 387 3661 μαινόμενον,
407 3580 490 3643 ὥστε
508 3588 640 3645 τοιοῦτο
659 3580 801 3664 γράφειν
820 3581 964 3664 ἔγκλημα
982 3576 1180 3790 6⁹02&-
