2616 3910
472 176 573 226 ΤΠΕΡ
591 174 816 228 ΦΟΡΜΈΩΝΟΣ.
1083 173 1149 238 445

130 331 197 401 καί
219 336 457 419 τετταράκοντα
481 345 575 420 μναῖ·
603 332 682 400 δέκα
706 330 742 400 δέ
764 346 831 400 τῶν
855 335 934 418 μετὰ
956 343 1074 418 ταῦτα,
1103 329 1151 398 ώυ

132 440 335 526 ἐμίσθωσαν
354 437 481 511 Ξένωνι
499 437 554 505 καὶ
573 439 733 528 Εὐφραίῳ
752 437 807 505 καὶ
821 440 976 525 Εὔφρονι
993 437 1049 505 καὶ
1063 442 1152 504 Καλ·

85 574 115 614 ιε
132 546 320 633 λιστράτφ,
348 545 510 610 τάλαντον
537 554 598 610 τοῦ
621 545 775 611 ἐνιαυτοῦ
799 543 947 612 ἑκάστου.
991 543 1092 630 χωρὶς
1115 543 1152 611 δὲ

132 651 285 734 τούτων,
318 650 401 716 έτώυ
434 656 514 728 ίσως
545 657 650 716 εἰκοσι
681 659 739 734 τῆς
761 650 800 736 ,ἐξ
827 651 928 736 ἀρχῆς
953 655 1153 737 νεμηθείσης

132 757 272 839 οὐσίας,
295 751 334 840 ής
356 757 455 833 αὐτὸς
477 755 677 842 ἐπεμελεῖτο,
700 759 984 842 τδςπροσόδους,
1007 756 1109 822 πλέον
1131 755 1152 841 ή

132 871 226 951 μνᾶς
244 864 428 949 τριάκοντα.
461 862 519 928 ἐὰν
539 860 569 928 δ’
592 863 721 928 ἅπαντα
739 870 897 947 συνθῆτε,
921 861 971 929 όσ’
990 862 1153 948 ἐνείματο,

133 967 192 1036 ὅσ’
216 967 439 1052 εἰσεπράξατο,
464 963 514 1034 ὅτ’
536 975 651 1054 εἰληφε
674 975 854 1053 μίσθωσιν,
877 968 979 1035 πλέον
1002 969 1023 1052 ή
1044 991 1153 1035 τεττα-

133 1076 286 1161 ράκοντα
308 1072 441 1141 τάλαντ’
466 1076 609 1159 εἰληφὼς
632 1077 830 1159 φανήσεται,
860 1073 960 1160 χωρὶς
983 1069 1032 1140 ὧν
1055 1068 1155 1152 οὗτος

133 1177 177 1249 εὖ
203 1185 375 1264 πεποίηκε,
402 1177 457 1244 καὶ
479 1191 546 1245 τών
568 1180 741 1269 μητρςόων,
764 1178 819 1246 καὶ
842 1174 890 1246 ών
913 1179 975 1245 άπὸ
999 1189 1057 1264 τής
1077 1203 1153 1264 τρα-

133 1287 238 1371 πέζης
259 1288 343 1369 ἔχων
361 1284 421 1351 οὐκ
441 1284 624 1351 άποδίδωσι
642 1282 739 1350 πένθ’
761 1285 991 1369 ἡμιταλάντων
1009 1283 1064 1350 καί
1083 1284 1153 1365 ἑξα-

90 1422 117 1462 ω
133 1394 265 1462 κοσίων
288 1391 453 1477 δραχμῶν.
489 1389 572 1455 ἀλλὰ
594 1391 635 1473 νή
659 1396 728 1456 Δία
750 1389 848 1456 ταῦθ’
870 1391 891 1475 ή
914 1394 1009 1468 πόλις
1027 1397 1152 1476 εἰληφε,

132 1499 193 1568 καὶ
224 1499 318 1563 δεινά
345 1497 517 1573 πέπονθας
543 1499 649 1562 πολλά
672 1500 1033 1582 καταλελῃτουργηκώς.
1078 1491 1150 1563 ἀλλ’

134 1608 156 1673 δ
186 1601 252 1690 μὲν
279 1603 315 1669 έκ
341 1613 464 1668 κοινῶν
492 1601 702 1687 ἐλῃτούργεις
725 1614 792 1667 τῶν
814 1605 1005 1688 χρημάτων,
1033 1606 1076 1669 σι)
1098 1602 1153 1668 καὶ

133 1711 287 1793 ἁδελφὸς
310 1707 513 1792 άνηλώσατε·
537 1706 558 1772 δ
581 1702 611 1772 δ’
632 1707 783 1792 ὕστερον,
809 1708 871 1774 οὐκ
891 1711 982 1774 ἔστιν
1001 1701 1085 1791 άξια,
1108 1709 1152 1792 μή

133 1821 187 1886 ὅτι
212 1817 314 1882 δυοῖν
336 1807 713 1898 ταλάντοινπροσόδου,
737 1811 809 1878 ἀλλ’
832 1811 905 1880 οὐδ’
928 1821 1032 1880 εἰκοσι
1049 1825 1152 1898 μνῶν.

132 1919 248 2010 μηδὲν
281 1915 343 1985 οὖν
372 1921 432 2004 τήν
459 1922 558 1985 πόλιν
585 1922 695 2003 αἰτιῶ,
726 1917 803 2004 μηδ’
834 1918 856 1985 δ
883 1923 934 1984 σὺ,
952 1931 1019 1985 τῶν
1047 1921 1169 1985 όντων

134 2033 285 2114 αἰσχρῶς
303 2025 358 2092 καὶ
376 2037 482 2103 κακῶς
500 2025 681 2110 ἀνήλωκας,
705 2027 749 2102 ὡς
767 2025 787 2110 ή
807 2029 903 2103 πόλις
921 2031 1047 2110 εἰληφε,
1071 2025 1153 2108 λέγε.

94 2163 123 2203 ιο
136 2138 195 2202 ἵνα
224 2131 256 2198 δ’
284 2127 386 2215 εἰδῆτ’
411 2128 438 2198 ὦ
465 2133 585 2216 άνδρες
609 2126 781 2215 Ἀθηναῖοι
810 2132 847 2197 τό
874 2153 908 2196 τε
936 2136 1065 2215 πλῆθος
1086 2143 1154 2197 τῶν

138 2239 318 2328 χρημάτων
350 2233 397 2304 ών
430 2242 561 2321 είληφε,
593 2234 649 2301 καί
680 2237 738 2313 τὰς
769 2238 968 2322 λῃτουργίας
995 2235 1033 2315 ἃς
1060 2242 1154 2324 λελῃ-

137 2348 340 2432 τούργηκεν,
366 2343 592 2426 ἀναγνώσεται
613 2341 693 2425 ὑμῖν
715 2339 793 2406 καθ’
819 2342 857 2406 δν
881 2341 1027 2409 ἕκαστον.
1065 2342 1147 2426 λαβέ
1154 2354 1204 2407 9σί

137 2476 197 2539 μοι
225 2452 264 2515 τὸ
291 2451 422 2532 βιβλίον
449 2445 541 2514 τουτὶ
567 2445 624 2513 καί
648 2447 709 2530 τήν
731 2449 916 2531 πρόκλησιν
938 2448 1076 2533 ταυτηνὶ
1098 2449 1154 2515 καί

139 2561 198 2635 τάς
222 2557 405 2642 μαρτυρίας
426 2555 573 2618 ταυτασί.

315 2764 476 2818 ΒῑΒΛΙΟΝ.
511 2763 736 2817 ΠΡΟΚΑΗΣΙΣ.
773 2765 978 2818 ΜΑΡΤΤΡΙΑΙ.

100 2901 126 2939 ιι
235 2879 386 2938 Τοσαῦτα
411 2866 498 2955 [μὲν]
520 2872 637 2936 τοίνυν
659 2867 796 2956 χρήματ’
819 2872 973 2956 εἰληφώς,
995 2869 1051 2937 καί
1073 2871 1152 2957 χρέα

142 2984 277 3046 πολλῶν
298 2979 469 3042 ταλάντων
492 2979 586 3061 ἔχων,
611 2971 658 3042 ὧν
680 2979 721 3042 τά
743 2974 804 3060 μέν
826 2975 903 3062 παρ’
927 2975 1084 3061 ἑκόντων,
1113 2981 1153 3044 τὰ

143 3083 174 3151 δ’
207 3085 243 3150 ἐκ
273 3095 339 3149 τών
372 3085 475 3148 δικών
506 3083 706 3166 εἰσπράττει,
739 3081 760 3148 δ
786 3093 842 3166 τῆς
869 3085 1065 3166 μισθώσεως
1092 3084 1152 3162 ἔξω

142 3201 201 3275 τῆς
222 3189 381 3275 τραπέζης
403 3188 457 3254 καί
480 3197 537 3273 τῆς
560 3191 661 3272 άλλης
685 3189 813 3273 οὐσίας,
843 3189 885 3273 ἣν
908 3189 1059 3255 κατέλιπε
1083 3195 1153 3255 Πα-

145 3300 243 3380 σίων,
276 3292 425 3380 ὠφείλετ’
458 3293 571 3384 έκείνφ
603 3293 658 3360 καί
688 3304 751 3360 νῦν
778 3299 1021 3381 παρειλήφασιν
1048 3289 1153 3378 οὗτοι,

143 3401 198 3467 καί
220 3399 353 3468 τοσαῦτ’
380 3399 558 3484 ἀνηλωκὼς
580 3398 631 3466 ὅτ’
659 3401 751 3484 ὑμεῖς
773 3401 947 3485 ήκοόσατε,
973 3397 1051 3465 οὐδὲ
1074 3403 1153 3464 πολ-

146 3510 265 3572 λοστὸν
298 3507 396 3593 μέρος
427 3519 494 3572 τών
526 3509 716 3592 προσόδων,
750 3507 793 3588 μή
824 3505 875 3571 ὅτι
901 3517 967 3570 τῶν
995 3504 1152 3587 ἀρχαίων,
