2612 3918
233 183 297 248 lffl
543 188 615 238 m
639 185 919 238 ΔΗΜΟΣΘΕΝΟΤΣ

230 342 303 412 οὐδ’
325 347 548 432 ὑπολαμβάνω
570 351 721 432 τιμήσειν
743 342 844 413 οὐδὲν
863 345 1036 420 ἐλάττονος
1053 346 1185 430 τουτωί,
1212 343 1274 427 ἣν

230 453 312 518 ὅσον
338 453 494 530 καταθεὶς
516 451 631 518 οὑτοσὶ
652 453 812 518 παύσεται
832 461 891 535 τής
913 451 1053 534 ὕβρεως·
1082 458 1181 516 τοῦτο
1206 450 1245 515 δ’

229 557 300 625 ἐστὶ
325 561 467 644 μάλιστα
493 555 555 644 μὲν
581 559 743 640 θάνατος,
771 560 804 624 εί
827 553 864 623 δέ
886 557 948 642 μή,
975 557 1081 620 πάντα
1101 555 1143 619 τὰ
1165 556 1245 620 ὄντ’

230 665 422 748 ἀφελέσθαι.
468 661 576 731 ἔπειθ’
600 662 684 748 ὑπὲρ
712 676 779 730 τῶν
805 665 927 729 τούτου
955 667 1161 748 λῃτουργιῶν
1183 664 1249 729 καὶ

229 783 297 836 τῶν
318 783 540 858 τριηραρχιῶν
562 769 617 837 καὶ
638 783 707 837 τῶν
728 773 890 837 τοιούτων
912 773 1021 852 λόγων
1039 766 1101 834 ὡδὶ
1118 771 1248 851 γιγνώ-

179 895 218 936 1⁶³
231 895 307 943 σκω.
349 880 381 944 εί
401 878 463 963 μέν
485 878 576 943 ἐστιν
598 872 625 943 ὦ
648 878 768 963 ἄνδρες
787 873 960 961 Ἀθηναῖοι
982 877 1019 940 τὸ
1042 879 1248 960 λῃτουργεῖν

229 993 344 1068 τοῦτο,
371 987 409 1051 τὸ
437 985 475 1050 ἐν
501 985 582 1069 ὑμῖν
605 983 713 1068 λέγειν
736 983 774 1048 ἐν
795 982 937 1058 άπάσαις
959 992 1030 1058 ταῖς
1053 981 1248 1063 ἐκκλησίαις

229 1088 285 1155 καὶ
307 1101 476 1177 πανταχοῦ
499 1090 615 1175 ,ἡμεῖς
637 1091 674 1157 οδ
693 1096 965 1175 λῃτουργοῦντες,
987 1087 1081 1171 ἡμεῖς
1103 1087 1140 1152 οδ
1157 1110 1247 1170 προ-

230 1196 441 1282 εισφέροντες
460 1197 552 1282 ύμῖν,
575 1196 667 1281 ἡμεῖς
686 1196 722 1261 οί
736 1196 890 1260 πλούσιοι
909 1193 1072 1278 [έσμεν],“
1095 1194 1180 1258 εἰτὸ
1199 1196 1246 1259 τὰ

230 1311 365 1368 τοιαῦτα
388 1303 507 1386 λέγειν,
529 1297 620 1367 τοῦτ’
640 1305 731 1368 ἐστιν
752 1307 959 1386 λῃτουργεῖν,
983 1299 1135 1383 ὁμολογῶ
1153 1303 1246 1364 Mec-

231 1409 308 1473 δίαν
334 1407 490 1474 ἁπάντων
517 1418 584 1474 τῶν
611 1407 649 1473 έν
674 1416 714 1491 τῇ
736 1410 830 1472 πόλει
853 1408 1082 1491 λαμπρότατον
1104 1415 1247 1489 γεγενῆ-

231 1519 325 1580 σθαι·
344 1515 515 1581 ἀποκναίει
532 1515 596 1600 γὰρ
616 1513 715 1600 ἀηδίᾳ
735 1515 844 1596 δήπου
862 1510 918 1578 καὶ
935 1512 1138 1596 ἀναισθησίᾳ
1155 1511 1242 1576 καθ’

179 1617 371 1703 ιειέκάστην
400 1622 462 1704 τήν
494 1620 670 1703 ἐκκλησίαν
701 1627 804 1684 ταῦτα
835 1617 949 1700 λέγων.
1000 1618 1033 1681 εί
1061 1614 1175 1700 μέντοι
1208 1624 1250 1684 τί

230 1720 302 1791 ποτ’
328 1724 418 1791 ἐστὶν
445 1725 466 1790 δ
494 1729 671 1811 λῃτουργεῖ
695 1733 734 1810 τῇ
758 1724 899 1810 ἀληθείᾳ
922 1724 976 1787 δεῖ
995 1733 1145 1805 σκοπεῖν,
1173 1724 1244 1807 ἐγὼ

230 1833 313 1916 πρὸς
339 1831 424 1916 ὑμᾶς
451 1830 530 1916 ἐρῶ,
557 1829 612 1896 καί
633 1826 800 1896 θεάσασθ’
825 1830 869 1905 ὡς
892 1830 1026 1904 δικαίως
1048 1828 1150 1894 αὐτὸν
1173 1830 1243 1909 ἐξε-

230 1938 334 2020 τάσω,
360 1938 442 2021 πρὸς
471 1937 613 2020 ἐμαυτὸν
639 1942 773 2022 κρίνων.
818 1930 916 2012 οὗτος
942 1929 968 1998 ὦ
996 1934 1117 2016 ἄνδρες
1139 1932 1245 2022 Ἀθη·

230 2054 319 2109 ναῖοι
336 2044 482 2126 γεγονὼς
501 2046 556 2128 ἐτη
575 2042 651 2128 περὶ
668 2039 859 2126 πεντήκοντ’
878 2048 956 2116 ίσως
973 2038 994 2122 ἢ
1013 2041 1132 2124 μικρὸν
1145 2044 1244 2108 ἔλατ·

229 2172 300 2230 τον,
310 2144 411 2214 οὐδὲν
424 2149 506 2234 ἐμοῦ
519 2153 653 2227 πλείους
666 2152 863 2234 λῃτουργίας
874 2147 954 2231 ὑμῖν
963 2147 1243 2233 λελῃτούργηκεν,

230 2253 267 2332 δς
290 2255 352 2320 δύο
374 2252 430 2320 καλ
451 2250 616 2341 τριάκοντ’
638 2258 693 2339 ἐτη
711 2255 841 2339 γέγονα.
877 2252 966 2336 κάγὼ
983 2249 1045 2337 μὲν
1062 2251 1132 2317 κατ’
1155 2254 1239 2320 ἐκεί-

229 2385 312 2438 νους
342 2365 421 2437 τοῦς
452 2365 594 2446 χρόνους
625 2361 878 2447 ἐτριηράρχουν,
910 2360 1015 2437 εὐθὺς
1045 2359 1080 2424 ἐκ
1106 2363 1243 2427 παίδων

230 2467 390 2550 ἐξελθών,
418 2468 472 2533 ὅτε
495 2464 613 2532 σύνδυ’
639 2463 723 2551 ἦμεν
746 2467 782 2532 οδ
799 2469 991 2552 τριήραρχοι
1013 2464 1068 2531 καὶ
1089 2467 1242 2533 τάναλώ-

231 2597 315 2658 ματα
342 2568 437 2639 πάντ’
462 2572 499 2639 ἐκ
525 2585 593 2638 τῶν
621 2574 717 2638 ἰδίων
743 2570 798 2637 καὶ
824 2574 882 2649 τάς
906 2581 989 2649 ναῦς
1012 2571 1240 2658 ἐπληρούμεθ’

178 2698 217 2739 τεο
230 2680 342 2746 αύτοί·
365 2674 462 2755 οὗτος
486 2677 531 2762 δ’,
556 2680 609 2744 ὅτε
632 2676 693 2763 μὲν
715 2679 797 2744 κατὰ
818 2680 943 2761 ταύτην
964 2680 1026 2762 τήν
1043 2679 1177 2762 ἡλικίαν
1195 2677 1243 2765 ἦν

230 2785 273 2869 ἣν
295 2785 359 2868 ἐγὼ
381 2794 457 2868 νῦν,
481 2785 611 2851 οὐδέπω
635 2789 830 2870 λῃτουργεῖν
850 2786 979 2870 ήρχετο,
1002 2797 1182 2869 τηνικαῦτα
1200 2787 1242 2854 δὲ

229 2900 289 2957 τοῦ
312 2892 501 2977 πράγματος
522 2886 632 2975 ήπται,
656 2892 710 2956 ὅτε
732 2901 865 2972 πρῶτον
887 2887 949 2975 μὲν
972 2893 1162 2970 διακοσίους
1181 2895 1241 2961 καὶ

230 3001 356 3084 χιλίους
377 3001 573 3080 πεποιήκατε
597 3002 764 3074 συντελεῖς
786 2996 889 3081 ὑμεῖς,
912 2995 989 3081 παρ’
1016 2993 1063 3064 ὧν
1084 3002 1241 3085 εἰσπρατ·

231 3109 362 3190 τύμενοι
388 3105 551 3170 τάλαντον
577 3105 741 3170 ταλάντου
763 3109 924 3189 μισθοῦσι
945 3105 1003 3182 τὰς
1024 3109 1241 3191 τριηραρχίας

231 3206 334 3294 οὗτοι,
357 3207 427 3277 εἶτα
449 3206 646 3296 πληρώμαθ’
666 3210 687 3294 ἡ
710 3214 805 3288 πόλις
826 3211 960 3296 παρέχει
981 3210 1037 3277 καὶ
1058 3214 1158 3297 σκεύη
1178 3216 1275 3279 δι’-οδ

231 3322 349 3401 δωσιν,
377 3316 454 3383 ὥστ’
480 3317 591 3383 αὐτῶν
619 3317 720 3394 ἐνίοις
744 3326 783 3402 τῇ
807 3317 947 3404 ἀληθείᾳ
970 3320 1007 3382 τὸ
1031 3315 1135 3403 μηδὲν
1157 3319 1239 3385 άνα-

231 3428 334 3488 λῶσαι
355 3421 411 3489 καὶ
433 3424 545 3489 δοκεῖν
568 3422 865 3508 λελῃτουργηκέναι
888 3421 942 3488 καὶ
965 3435 1032 3489 τῶν
1050 3425 1161 3492 ἄλλων
1179 3431 1238 3511 λῃ-

179 3544 217 3585 1⁸⁶
230 3540 394 3611 τουργιῦν
421 3527 545 3606 άτελεῖς
568 3535 768 3612 γεγενῆσθαι
790 3531 963 3611 περίεστιν.
1009 3529 1092 3597 ἀλλὰ
1114 3533 1181 3617 μήν
1203 3538 1241 3599 τί
