2590 3900
442 175 537 225 xm
555 173 822 227 fflomToTz.
1073 169 1138 234 273

127 334 287 416 προσήκει
314 327 345 399 σ’
371 332 569 399 ἁλίσκεσθαι
594 343 760 417 φανερῶς,
789 334 839 398 ὅτι
862 334 906 417 μή
928 331 1060 400 τιθέναι
1082 333 1138 397 νό-

128 461 207 522 μον,
235 436 277 503 ἀν
304 440 348 524 μή
376 441 435 506 τὸν
464 439 566 504 αὐτὸν
589 438 643 506 ἐπὶ
665 449 745 505 πᾶσι
768 449 837 516 τοῖς
860 442 1023 521 πολίταις,
1051 438 1137 502 ἀντι-

128 568 209 626 κρυς
232 544 268 610 οί
286 546 397 631 κύριοι
418 548 516 629 νόμοι
533 544 678 628 λέγουσι,
700 539 779 611 καθ’
801 544 859 622 οὓς
879 539 971 610 οὗτοι
991 544 1139 609 δικάσειν

79 667 116 709 ιω
129 649 350 737 ὀμωμόκασιν.
382 653 413 716 εί
431 646 467 715 δέ
485 660 545 717 τοῦ
563 660 643 716 πᾶσι
662 649 891 736 συμφέροντος
909 651 1018 716 εἵνεκα
1036 657 1138 714 ταῦτα

128 763 353 840 νομοθετῆσαι
374 759 501 840 φήσεις,
523 758 567 841 μή
586 755 660 838 λέγε
678 757 740 839 τήν
758 759 899 822 ἔκτεισιν
917 757 978 840 τήν
996 756 1138 822 τούτων·

128 857 229 926 οὐδέν
251 862 316 945 γάρ
335 873 491 928 κοινωνεῖ
505 871 551 950 τῷ
570 865 662 950 νόμφ
681 863 779 951 τῷδε·
803 859 874 927 ἀλλ’
896 863 938 939 ὡς
956 861 1139 945 ἐπιτήδειός

128 965 197 1032 ἐστι
222 965 279 1033 καὶ
306 972 413 1045 καλῶς
435 971 519 1052 έχων
542 967 561 1034 ὁ
584 971 699 1053 νόμος,
727 978 825 1035 τοῦτο
849 968 993 1033 δίδασκε.
1039 975 1138 1032 τοῦτο

127 1067 190 1159 γάρ
214 1067 289 1140 ἐσθ’
310 1070 393 1159 ὑπὲρ
417 1068 459 1139 οὗ
481 1077 524 1139 σὺ
547 1071 607 1159 μὲν
631 1076 828 1156 εἰσενεγκεῖν
849 1075 924 1160 φής,
948 1073 1012 1156 ἐγὼ
1032 1069 1069 1140 δὲ
1087 1072 1139 1156 γε’·

127 1201 274 1265 γραμμαι
300 1179 459 1246 τάναντία
487 1181 642 1265 φάσκων,
673 1190 784 1264 κρίναι
813 1175 849 1246 δέ
877 1182 1036 1266 προσήκει
1063 1200 1139 1244 του-

127 1288 231 1351 τουσί.
280 1287 388 1351 καίτοι
418 1284 474 1352 καὶ
504 1284 595 1352 τοῦτ’
626 1285 688 1352 οὐκ
719 1283 916 1371 ἀπορήσαιμ’
949 1283 991 1350 ἀν
1024 1284 1139 1368 δεῖξαι,

124 1392 233 1473 πάντα
261 1396 389 1477 μᾶλλον
415 1390 436 1476 ή
463 1394 545 1458 κατὰ
567 1394 646 1470 τοὺς
668 1396 793 1477 νόμους
814 1391 1055 1478 πεποιημένους
1076 1391 1138 1473 τήν

128 1498 269 1563 ἔκτεισιν
301 1497 449 1574 ἐκείνους
478 1499 540 1582 τήν
566 1509 633 1564 τῶν
660 1498 850 1584 χρημάτων·
881 1495 965 1562 ἀλλά
992 1497 1036 1581 μή
1063 1493 1139 1582 περὶ

127 1605 256 1669 τούτων
282 1603 378 1687 ὑμῶν
406 1605 567 1670 οίσόντων
594 1604 655 1687 τήν
677 1613 807 1688 ψήφου,
834 1606 870 1669 τί
890 1605 943 1668 δεῖ
963 1611 1064 1668 ταῦτα
1088 1600 1138 1668 λε’-

127 1706 218 1792 γοντ’
246 1709 395 1794 ἐνοχλεῖν
417 1733 457 1795 με
480 1713 572 1789 νυνί;

79 1823 116 1875 ἰω
218 1811 319 1899 Οἶμαι
341 1819 458 1882 τοίνυν
482 1815 585 1882 αὐτὸν
607 1813 679 1882 οὐδ’
708 1816 843 1882 ἐκείνων
865 1813 1048 1899 ἀφίξεσθαι
1071 1825 1138 1879 τῶν

127 1924 249 2005 λόγων,
273 1922 317 1998 ὡς
340 1918 423 1987 δείν’
446 1920 487 1988 ἀν
507 1924 624 2006 πάθοι,
647 1924 680 1988 εί
695 1923 824 2007 γράψας
842 1921 930 1999 ὅπως
949 1915 1138 2004 Ἀθηναίων

127 2026 243 2112 μηδεὶς
274 2027 466 2111 δεθήσεται,
499 2028 598 2106 αὐτὸς
624 2031 774 2094 πείσεταί
797 2050 830 2094 τι
856 2029 973 2111 κακόν,
1005 2024 1062 2094 καὶ
1088 2027 1139 2091 ὅτι

127 2135 205 2210 τοὺς
237 2135 361 2217 νόμους
389 2134 433 2211 ὡς
459 2136 665 2218 πραοτάτους
692 2132 747 2200 καὶ
774 2133 1015 2220 μετριωτάτους
1041 2129 1138 2217 εἶναι,

127 2237 210 2323 ὑπὲρ
233 2250 301 2305 τόν
324 2239 498 2306 ἀδυνάτων
521 2235 651 2326 μάλιστ’
672 2241 769 2306 ἐστίν.
804 2241 888 2324 πρὸς
911 2239 952 2323 δή
976 2242 1054 2317 τοὺς
1072 2263 1139 2305 τοι-

128 2347 249 2423 ούτους
276 2347 397 2427 λόγους
419 2344 552 2430 βέλτιον
575 2344 751 2430 ἀκηκοέναι
774 2347 874 2433 μικρά
896 2347 1020 2423 πάντας
1041 2345 1137 2431 ὑμᾶς,

78 2468 114 2510 ιω
128 2449 171 2516 ἵν’
198 2446 298 2534 ήττον
321 2449 535 2530 ἐξαπατᾶσθε.
579 2452 660 2518 ὅταν
683 2448 743 2537 μέν
765 2454 831 2539 γὰρ
853 2450 944 2538 λέγη,
967 2452 1056 2529 ὅπως
1078 2476 1138 2537 μη-

128 2555 197 2634 δεὶς
216 2553 405 2640 Ἀθηναίων
429 2558 620 2642 δεθήσεται,
646 2559 690 2644 μή
714 2556 909 2625 λανθανέτω
932 2558 1139 2642 ψευδόμενος

128 2662 249 2748 [ὑμᾶςλ
286 2663 413 2750 οὐγὰρ
434 2673 534 2730 τοῦτο
556 2663 707 2750 τέθηκεν,
731 2659 802 2731 ἀλλ’
824 2665 912 2743 ὅπως
933 2665 1028 2749 ὑμεῖς
1051 2665 1192 2730 &xv-760

128 2792 182 2854 ροι
210 2779 278 2834 τῶν
304 2771 581 2855 προστιμημάτων
608 2774 739 2837 ἔσεσθε·
766 2769 821 2836 καὶ
847 2772 909 2854 τήν
931 2768 1007 2855 μεθ’
1035 2771 1138 2856 όρκου

126 2872 183 2940 καὶ
210 2877 312 2958 λόγου
339 2873 394 2940 καὶ
420 2879 570 2960 κρίσεως·
584 2885 700 2961 ψήφου
727 2875 950 2962 ἐνηνεγμένην
977 2876 1138 2943 ἀνάδικον

127 2983 336 3064 καθίστησιν.
374 2982 417 3065 μή
441 2981 482 3064 δή
505 2980 603 3048 ταῦθ’
626 2983 706 3067 ὑμῖν
727 2994 795 3049 τῶν
818 2981 854 3048 ἐκ
875 2991 937 3049 τοῦ
954 2984 1062 3067 νόμον
1080 2982 1137 3067 ρη-

128 3087 241 3171 μάτων
264 3085 394 3166 ἐκλέξας
416 3086 547 3171 λεγέτω,
571 3086 592 3153 δ
615 3085 906 3173 φιλανθρωπότατ’
929 3085 1020 3154 ἐστὶν
1040 3087 1138 3154 ἀκοῦ-

129 3209 198 3259 σαι·
221 3190 292 3258 ἀλλ’
315 3193 395 3259 ὅλον
418 3194 577 3260 δεικνύτω
599 3197 659 3260 τὸν
682 3197 787 3280 νόμον
810 3192 894 3277 ἑξής,
917 3191 972 3259 καὶ
994 3195 1035 3259 τά
1056 3212 1138 3278 συμ-

128 3295 275 3381 βαίνοντ’
303 3298 336 3374 έξ
359 3298 463 3366 αὐτοῦ
486 3311 621 3366 σκοπεῖν
644 3299 735 3366 ἐάτω.
780 3299 935 3385 εὑρήσετε
957 3301 1020 3384 γὰρ
1043 3294 1134 3366 ταῦτ’

77 3421 115 3463 10¹
129 3403 206 3470 ἀνθ’
233 3403 254 3470 ἀ
277 3404 341 3488 ἐγὼ
365 3404 460 3489 λέγω,
483 3404 538 3471 καὶ
561 3406 622 3491 οὐχ
645 3407 666 3473 ά
689 3424 794 3492 φησιν
818 3401 923 3483 οὗτος.
965 3405 1048 3472 ἀλλὰ
1071 3406 1137 3489 μήν

127 3514 210 3594 πρός
228 3534 265 3595 γε
284 3513 321 3578 τὸ
340 3523 409 3588 τοῖς
426 3516 562 3591 πολλοῖς
580 3511 762 3599 συμφέρειν
780 3516 858 3590 τοὺς
873 3515 998 3596 νόμους
1010 3511 1137 3595 πράους

180 3625 305 3668 Dauom.
322 3626 373 3668 Vol.
386 3626 418 3666 11.
943 3621 976 3669 18
