2644 4182
183 161 224 225 18
505 165 564 220 XX.
588 164 870 218 ΔΗΜΟΣΘΕΝΟΤΣ

181 323 349 405 δεηθῆναί
363 317 455 400 τινος
473 326 628 390 τοιούτου
647 332 712 389 νῦν
730 323 864 409 ἀπέχειν
880 325 944 410 την
961 328 1071 409 πόλιν,
1091 335 1194 392 ταῦτα

180 423 243 512 μὲν
265 427 414 513 εύχέσθω
437 438 508 505 τοῖς
528 434 638 512 θεοῖς,
661 428 751 513 κάγὼ
774 429 988 515 συνεύχομαι,
1012 430 1194 514 λογιζέσθω

181 530 218 599 δὲ
232 545 365 620 πρῶτον
374 533 447 620 μέν,
462 535 513 600 ότι
526 533 602 621 περὶ
615 537 723 620 νόμου
736 533 848 620 μέλλει
862 535 978 622 φέρειν
991 537 1053 620 τὴν
1067 545 1194 622 ψῆφον,

180 629 206 727 ᾧ
234 639 279 725 μὴ
306 639 443 706 λυθέντι
472 641 585 725 δεήσει
612 647 774 727 χρῆσθαι,
802 641 960 727 δεύτερον
984 637 1015 706 δ’
1042 641 1093 708 ὅτι
1115 643 1194 726 βλά-

179 763 321 811 πτουσιν
345 746 381 812 οί
399 743 543 832 πονηροὶ
561 749 660 831 νόμοι
678 745 734 813 καὶ
752 747 809 824 τὰς
827 746 984 832 ἀσφαλῶς
1003 749 1108 814 οίιιεῖν
1126 751 1161 815 οί
1180 789 1194 800 -

179 849 281 935 μένας
307 853 427 928 πόλεις.
473 851 514 916 ού
541 853 606 936 γάρ
630 849 672 917 ἀν
694 850 865 937 μετέπιπτε
888 853 928 917 τὰ
950 850 1113 939 πράγματ’
1140 851 1190 920 ἐπ’

179 958 366 1043 ἀμφότερα,
394 958 426 1023 εί
450 958 495 1041 μὴ
521 960 601 1035 τοὺς
627 954 689 1042 μέν
717 957 754 1023 έν
779 958 926 1047 κινδύνῳ
949 961 1195 1042 καθεστηκότας

179 1061 235 1128 καὶ
257 1062 390 1150 πράξεις
412 1061 552 1148 χρησταὶ
574 1061 631 1128 καὶ
653 1066 753 1148 νόμοι
771 1061 826 1129 καὶ
844 1065 965 1147 ἀνδρες
981 1063 1119 1151 χρηστοὶ
1137 1064 1195 1130 καὶ

179 1163 274 1233 πάντ’
301 1166 490 1253 ἐξητασμέν’
518 1166 571 1235 ἐπὶ
598 1169 636 1234 τὸ
664 1166 797 1252 βέλτιον
823 1179 963 1254 προῆγε,
990 1173 1070 1248 τοὺς
1098 1168 1129 1236 δ’
1156 1171 1194 1237 έν

181 1272 290 1360 άπάση
312 1275 516 1340 καθεστάναι
539 1275 722 1352 δοκοῦντας
744 1275 941 1363 εὐδαιμονίᾳ
964 1276 1071 1342 πάντα
1089 1275 1181 1343 ταῦτ’
1194 1290 1249 1340 472

139 1397 166 1438 ω
180 1376 377 1465 ἀμελούμεν’
398 1378 534 1467 ὑπέρρει
556 1383 638 1447 κατὰ
660 1384 788 1469 μικρόν.
824 1393 893 1448 τῶν
914 1383 978 1470 γάρ
1001 1382 1195 1468 ἀνθρώπων

180 1486 216 1551 οί
231 1490 377 1552 πλεῖστοι
396 1497 538 1552 κτῶνται
556 1482 618 1570 μὲν
635 1486 766 1570 τάγαθά
783 1497 829 1576 τςῦ
847 1493 955 1566 καλῶς
969 1488 1195 1570 βουλεύεσθαι

178 1589 234 1658 καὶ
257 1594 399 1679 μηδενὸς
421 1603 660 1678 καταφρονεῖν,
691 1594 871 1678 φυλάττειν
894 1591 925 1660 δ’
952 1593 1014 1661 ούιι
1036 1593 1195 1660 ἐθέλουσι
1225 1621 1226 1626 ’

178 1707 249 1774 τοῖς
280 1699 394 1776 αὐτοῖς
419 1699 559 1776 τούτοις.
605 1697 623 1764 δ
651 1700 695 1784 μὴ
722 1700 851 1785 πάθητε
878 1709 944 1766 νύν
970 1699 1078 1784 ὑμεῖς,
1111 1698 1189 1784 μηδ’

180 1808 294 1869 οῖεσθε
312 1805 418 1888 νόμον
435 1811 591 1870 τοιοῦτον
608 1803 734 1869 θέσθαι
753 1805 837 1887 δεῖν,
860 1803 897 1881 δς
914 1809 1022 1882 καλῶς
1038 1806 1194 1892 τεπράτ-

179 1925 305 1974 τουσαν
325 1910 388 1993 τὴν
405 1912 503 1976 πόλιν
520 1909 616 1994 ἡμῶν
633 1919 782 1994 πονηρᾶς
801 1910 898 1995 δόξης
917 1908 1109 1993 ἀναπλήσει,
1133 1910 1194 1976 ἐάν

178 2012 217 2079 τέ
236 2037 269 2079 τι
291 2017 401 2099 συμβῇ
421 2011 509 2098 ποτ’,
533 2018 658 2100 έρημου
676 2026 744 2080 τῶν
762 2014 994 2098 ἐθελησόντων
1012 2015 1143 2098 ἀγαθόν
1160 2040 1195 2084 τι

178 2129 289 2185 ποιεῖν
311 2122 517 2205 καταστήσει.

137 2244 163 2285 ιι
225 2229 228 2240 “
270 2225 320 2291 Οὐ
346 2229 463 2292 τοίνυν
491 2229 597 2312 μόνον
624 2221 651 2292 ὦ
679 2227 799 2312 ἄνδρες
822 2223 996 2310 Ἀθηναῖοι
1021 2229 1101 2306 τοὺς
1124 2229 1195 2314 ίδίᾳ
1227 2259 1229 2268 ·

177 2333 320 2414 γνόντας
351 2325 390 2397 εύ
422 2344 531 2397 ποιεῖν
562 2331 647 2416 ὑμᾶς
673 2328 729 2397 καὶ
755 2333 984 2416 παρασχόντας
1010 2335 1194 2417 χρησίμους

178 2435 301 2514 αύτούς
332 2434 385 2503 ἐπὶ
415 2437 621 2522 τηλικούτων
652 2434 708 2502 καὶ
738 2437 901 2503 τοιούτων
932 2448 1073 2522 καιρῶν,
1111 2439 1194 2504 οἷον

178 2551 284 2631 μικρῷ
300 2544 464 2629 πρότερον
480 2546 639 2627 Φορμίων
653 2540 866 2627 διεξελήλυθε
875 2541 970 2626 κάγὼ
985 2549 1050 2608 νῦν
1065 2548 1193 2628 εἴρηκα,

178 2647 272 2728 άξιόν
300 2647 390 2713 ἐστιν
413 2647 642 2732 εὐλαβηθῆναι
666 2646 836 2731 ἀδικῆσαι,
865 2645 1025 2713 ἀλλὰκαὶ
1047 2651 1194 2726 πολλοὺς

178 2753 314 2836 ἀλλους,
338 2757 374 2819 οἳ
393 2756 505 2831 πόλεις
527 2754 617 2836 ὅλας,
639 2754 699 2830 τὰς
721 2751 849 2820 ἑαυτῶν
870 2754 1040 2839 πατρίδας,
1064 2757 1193 2840 συμμά

177 2883 265 2945 χους·
283 2858 365 2944 ύμῖν
391 2856 444 2924 ἐπὶ
465 2868 528 2925 τοῦ
549 2860 632 2944 πρὸς
653 2858 941 2942 Λακεδαιμονίους
962 2858 1110 2946 πολέμου
1132 2883 1194 2928 πα·

178 2965 309 3052 ρέσχον,
332 2962 387 3031 καί
411 2963 563 3048 λέγοντες
585 2963 607 3030 ἃ
630 2962 792 3051 συμφέρει
814 2973 854 3050 τῇ
877 2967 971 3031 πόλει
992 2974 1035 3050 τῇ
1051 2966 1194 3055 ὑμετέρᾳ
1224 3019 1227 3024 -

136 3089 163 3130 οι
177 3070 232 3138 καὶ
255 3071 466 3157 πράττοντες·
503 3066 552 3138 ὧν
575 3073 660 3137 ἔνιοι
683 3072 740 3136 διά
761 3071 823 3154 τὴν
845 3072 928 3155 πρὸς
949 3070 1035 3157 ὑμᾶς
1057 3073 1194 3140 εύνοιιιν

178 3176 351 3264 στέρονται
382 3184 442 3260 της
471 3178 639 3261 πατρίδος.
685 3170 734 3242 ὧν
762 3174 935 3261 ἐπέρχεταί
958 3200 1015 3261 μοι
1030 3180 1194 3262 πρώτους

178 3283 327 3363 ἐξετάσαι
356 3285 436 3360 τοὺς
463 3282 499 3348 έκ
525 3285 702 3368 Κορίνθου
730 3281 924 3366 φεύγοντας.
970 3281 1194 3368 ἀναγκάζομαι

179 3385 217 3455 δὲ
239 3387 355 3471 λέγειν
370 3389 454 3473 πρὸς
471 3387 558 3473 ὑμᾶς
574 3397 688 3470 ταῦτα,
713 3385 734 3452 δ
752 3385 830 3473 παρ’
852 3388 946 3473 ὑμῶν
963 3399 1032 3454 τῶν
1049 3393 1193 3474 πρεσβυ·

177 3491 285 3579 τέρῶν
308 3493 408 3570 αὐτὸς
430 3493 564 3578 ἀκήκοα.
600 3495 642 3559 τά
664 3490 726 3578 μὲν
749 3487 812 3559 οὖν
835 3490 908 3558 ἀλλ’
930 3494 993 3559 ὅσα
1010 3498 1193 3580 χρησίμους
1222 3543 1224 3550 τ
