2616 3910
173 173 240 237 444
462 175 585 229 xxm
609 171 889 226 ΔΗΜΟΣΘΕΝΟΤΣ

173 337 297 419 χρόνον
314 331 369 401 καί
388 332 463 420 ούχδ
481 334 684 415 δικάζεσθαι,
703 333 755 398 ὅτι
773 335 942 417 μίσθωσιν
957 331 1081 414 ήθελεν
1095 328 1188 416 αὐτῷ

173 437 289 524 φέρειν
310 441 470 525 Φορμίων
492 440 621 523 πολλήν
642 436 699 504 καί
722 433 904 523 ὑπισχνεῖτ’
928 442 1045 503 οίσειυ·
1070 433 1187 518 ἐπειδή

135 563 161 606 ³⁴
174 539 206 611 δ’
227 546 268 612 ού
285 556 377 612 ποιεῖ
391 553 505 629 ταῦτα,
527 554 718 628 τηνικαῦτα,
742 541 836 628 φησὶ,
856 543 1036 626 δικάζομαι.
1072 539 1123 605 δτι
1143 539 1189 623 δή

172 647 263 714 ταῦτ’
286 645 460 734 ἀμφότερ’,
479 646 521 713 δν
539 645 630 733 λέγη,
648 647 805 724 ήεύσεται
823 643 878 712 καί
896 656 965 724 τοῖς
982 640 1043 729 ὑφ’
1065 643 1189 712 έαυτοὺ

173 753 416 839 πεπραγμένοις
442 751 566 820 έναντί’
598 753 681 837 ἐρεῖ,
711 745 854 819 σκοπεῖτ’
885 752 922 818 ἐκ
946 752 1059 818 τωνδί.
1104 750 1189 816 όταν

173 857 234 946 μέν
264 863 382 927 τοίνυν
408 861 469 943 τήν
497 860 666 943 διαθήκην
693 857 846 942 ἀρνῆται,
878 856 915 924 όιι
941 860 1032 936 τίνος
1058 859 1189 941 τρόπου

173 969 330 1052 πρεσβεῖα
362 967 474 1050 λαβὼν
505 967 567 1050 τήν
598 967 773 1031 συνοικίαν
805 963 887 1030 κατὰ
921 963 983 1047 τήν
1017 963 1189 1047 διαθήκην

174 1073 251 1157 ἔχει,
273 1069 362 1138 τοῦτ’
390 1069 523 1156 ἐρωτᾶτ’
550 1070 663 1137 αύτόν.
699 1069 741 1136 ού
763 1069 827 1155 γάρ
851 1067 958 1135 έκεῖνό
981 1061 1013 1152 γ’
1039 1067 1116 1153 έρεῖ,
1140 1069 1190 1146 ὡς

174 1179 236 1244 ὅσα
259 1173 319 1262 μέν
341 1181 550 1244 πλεονεκτεῖν
572 1172 663 1241 τόνδ’
685 1170 802 1259 ἔγραψ’
824 1172 844 1240 ὑ
863 1175 982 1259 πατήρ,
1006 1171 1092 1257 κύρι’
1116 1172 1188 1240 ἐστὶ

135 1301 160 1342 ιε
173 1291 233 1366 τής
259 1283 437 1366 διαθήκης,
464 1281 505 1346 τὰ
531 1277 562 1346 δ’
592 1277 663 1346 ἄλλ’
694 1281 809 1365 άκνρα.
855 1279 937 1344 ὅταν
964 1273 993 1344 δ’
1025 1280 1090 1346 ὑπὸ
1116 1291 1188 1346 τῶν

172 1385 264 1454 τοῦδ’
291 1385 502 1473 ὑποσχέσεων
529 1386 717 1470 ὑπάγεσθαι
747 1394 810 1471 φή,
837 1382 1002 1471 μέμνησθ’
1030 1385 1081 1450 ὅτι
1102 1385 1187 1471 μάρ-

173 1515 275 1577 τυρας
291 1491 372 1577 ὑμῖν
389 1495 637 1578 παρεσχήμεθα,
656 1495 692 1558 οἳ
706 1494 830 1577 χρόνον
847 1493 956 1558 πολύν
971 1488 1064 1558 τοῦδ’
1082 1489 1188 1575 άπηλ-

174 1597 341 1683 λαγμένου
358 1596 525 1683 μισθωταὶ
543 1598 674 1674 τούτοις
691 1597 864 1681 ἐγίγνοντο
882 1606 940 1681 της
956 1595 1115 1683 τραπέζης
1130 1596 1188 1664 κοιλ

173 1713 233 1770 τοῦ
266 1703 535 1788 ἀσπιδοπηγείου.
580 1708 687 1770 καίτοι
713 1700 802 1785 τόθ’,
835 1699 964 1786 ὁπηνίκ’
997 1701 1188 1786 ἐμίσθωσεν
1231 1707 1234 1713 ’

174 1811 322 1893 ἐκείνοις,
344 1806 422 1896 τῷδ’
445 1808 595 1892 έγκαλεῖν
617 1802 802 1893 παραχρῆμ’
825 1807 935 1893 ἐχρήν,
958 1814 1049 1893 είπερ
1073 1807 1185 1892 άληθή

173 1911 216 2000 ήν
238 1913 321 2000 ὑπὲρ
344 1909 392 1980 ὧν
414 1911 479 1980 τότ’
508 1911 604 1998 άφείς
626 1923 690 1979 νῦν
712 1914 818 2000 τούτῳ
843 1914 1013 1993 δικάζεται.
1050 1914 1096 1992 ὡς
1116 1916 1185 1980 τοί·

172 2045 237 2087 νυν
256 2022 365 2105 άληθή
384 2019 481 2103 λέγω,
498 2017 554 2086 καὶ
572 2019 729 2104 πρεσβεῖά
746 2041 782 2085 τε
799 2020 861 2103 τήν
878 2023 1052 2085 συνοικίαν
1066 2021 1185 2102 ἔλαβεν

173 2127 254 2192 κατὰ
276 2127 338 2211 τήν
361 2127 539 2210 διαθήκην,
561 2123 617 2192 καὶ
638 2119 716 2214 τῷδ’
738 2124 799 2209 οὑχ
822 2125 910 2202 ὅπως
932 2123 1083 2207 ἐγκαλεῖν
1100 2123 1185 2214 ς’όετο

173 2234 261 2316 δεῖν,
284 2228 356 2297 ἀλλ’
378 2228 506 2317 ἐπήνει,
529 2227 693 2315 λαβέτην
714 2233 907 2316 μαρτυρίαν.

580 2442 771 2495 mmm.

135 2573 162 2613 ει
256 2551 327 2619 Ἵνα
349 2553 465 2616 τοίνυν
487 2545 590 2633 είδήτ’
616 2544 642 2614 δι
666 2549 786 2633 ἄνδρες
804 2545 994 2633 Ἀθηναῖοι,
1020 2548 1082 2616 ὅσα
1105 2554 1185 2634 χρή-

174 2653 247 2742 ματ’
273 2660 358 2741 έχων
386 2656 421 2722 ἐκ
447 2665 515 2721 τῶν
542 2657 742 2739 μισθώσεων
765 2652 820 2720 καί
842 2653 878 2720 έκ
900 2664 967 2720 τῶν
990 2665 1111 2739 χρεῶν,
1138 2656 1185 2732 ὡς

175 2763 311 2849 ἀπορῶν
328 2761 384 2828 καὶ
402 2759 498 2827 πάντ’
521 2760 738 2835 ἀπολωλεκὼς
756 2759 937 2846 ὀδυρεῖται,
955 2758 1068 2845 βραχέ’
1087 2760 1184 2846 ἡμῶν

175 2869 345 2935 ἀκούσατε.
383 2861 480 2944 οὑτος
501 2867 565 2951 γάρ
589 2865 624 2932 έκ
646 2861 707 2950 μέν
727 2877 795 2931 τῶν
813 2877 919 2951 χρεῶν
938 2865 1022 2951 ὁμοῦ
1039 2861 1172 2934 τάλαντ’
1184 2874 1236 2924 ⁹⁶⁶

175 2982 300 3042 είκοσιν
327 2971 560 3057 εἰσπέπρακται
587 2972 623 3038 ἐκ
648 2982 716 3036 τῶν
741 2972 941 3056 γραμμάτων
965 2967 1013 3038 ὧν
1035 2971 1054 3039 ὑ
1076 2974 1184 3060 πατήρ

174 3081 356 3163 κατέλιπεν,
378 3077 434 3146 καὶ
451 3079 580 3144 τούτων
598 3080 664 3162 ἔχει
681 3075 783 3143 πλέον
801 3076 821 3160 ή
840 3078 880 3142 τά
897 3077 1028 3162 ἡμίσεα·
1050 3083 1185 3146 πολλῶν
1296 3111 1299 3156 J

134 3206 161 3246 ιι
176 3190 238 3273 γὰρ
265 3187 305 3252 τά
332 3184 415 3270 μέρη
441 3185 501 3249 τὸν
527 3182 674 3267 ἀδελφὸν
697 3181 878 3267 ἀποστερεῖ
924 3183 961 3250 έκ
984 3180 1021 3249 δέ
1042 3194 1111 3250 τῶν
1132 3209 1184 3270 μι-

176 3296 349 3376 σθώσεων,
371 3291 456 3357 ὀκτὼ
479 3286 540 3375 μέν
562 3289 645 3356 έτῶν
668 3288 689 3353 ἃ
714 3291 872 3374 Φορμίων
896 3284 960 3374 εἶχε
983 3291 1045 3373 τήν
1067 3291 1185 3375 τράπε-

176 3404 245 3483 ζαν,
268 3399 473 3482 ὀγδοήκοντα
496 3403 579 3480 μνᾶς
602 3403 663 3460 τοὺ
680 3393 835 3479 έγιαυτοὺ
854 3395 1002 3477 ἑκάστου,
1025 3397 1063 3463 τὸ
1081 3397 1185 3483 ήμισν

174 3514 232 3586 τής
264 3505 343 3587 ὅλης
374 3502 582 3586 μισθώσεως·
614 3499 669 3566 καί
695 3497 786 3567 ταῦτ’
819 3499 908 3567 ἐστὶν
935 3499 1014 3568 δέκα
1040 3504 1185 3570 τάλαντα
