2616 3910
474 178 572 230 ΠΡΟΣ
590 178 840 231 ΝΑΤΣΙΜΑΧΟΝ.
1097 175 1159 240 471

153 339 344 416 ἀπαιτοῦντες
365 339 400 404 ἐκ
422 350 473 422 τῆς
491 340 658 424 ἐπιτροπῆς.
695 341 728 404 οί
743 339 778 403 δὲ·
793 343 1047 425 παραγράφονται,
1069 364 1163 423 παρα-

152 437 303 518 τιθέμενοι
324 437 376 500 τὸν
398 438 492 519 νόμον
514 438 566 501 τὸν
589 436 646 500 οἰκ
665 435 768 517 ἐῶντα,
789 437 857 520 περὶ
875 431 917 501 ὧν
935 437 974 500 ἀν
992 461 1036 513 τις
1054 436 1163 516 άφεσιν

154 536 196 620 δῷ
218 533 269 597 καί
290 533 477 617 ἀπαλλαγήν,
498 538 588 598 πάλιν
611 537 792 610 δικάζεσθαι.

243 797 449 862 Δεύωκύτων
473 790 499 860 ὦ
522 796 642 881 ἀνδρες
664 793 816 863 δικασταὶ
839 807 906 862 τῶν
927 797 1041 880 νόμων
1059 815 1163 878 παρα-

153 902 358 986 γράψασθαι,
381 899 457 987 περί
476 895 524 966 ών
542 902 585 967 ἀν
602 925 652 978 τις
670 901 767 987 ἀφεὶς
784 902 838 968 καὶ
859 902 1045 981 ἀπαλλάξας
1063 901 1163 966 πάλιν

154 1009 338 1092 δικάζηται,
373 1005 603 1092 γεγενημένων
639 1007 836 1093 ἀμφοτέρων
871 1016 917 1096 τῷ
952 1004 1050 1092 πατρί
1081 1008 1164 1093 πρὸς

153 1117 374 1198 Ναυσίμαχον
394 1111 449 1179 καί
467 1113 675 1198 Ξενοπείθην
693 1116 771 1190 τοὺς
790 1115 959 1198 εἰληχότας
980 1112 1071 1199 ἡμῖν,
1093 1123 1217 1178 ιτα-985

153 1215 395 1303 ρεγραψάμεθ,
418 1218 527 1304 ὥσπερ
547 1217 703 1302 ἠκούσατ’
726 1218 855 1305 ἀρτίως,
879 1219 923 1303 μη
942 1219 1163 1302 εἰσαγώγιμον

121 1321 241 1392 εείναι
267 1326 328 1409 τὴν
356 1326 461 1409 δίκην.
508 1325 667 1410 δεήσομαι
694 1323 732 1390 ἀὲ
758 1324 814 1391 καὶ
841 1328 952 1391 δίκαια
979 1322 1034 1390 καί
1057 1318 1160 1409 μέτρι’

150 1431 249 1516 ὑμῶν
271 1430 438 1513 ἀπάντων,
460 1441 594 1515 πρῶτον
614 1427 676 1515 μέν
694 1431 853 1509 εὐνοικῶς
870 1430 1014 1496 ἀκοῦσαί
1028 1453 1094 1514 μου
1112 1428 1163 1496 λέ-

151 1560 284 1622 γοντος,
306 1531 379 1619 εἰτ’,
403 1535 460 1601 ἐάν
483 1535 673 1601 ἀδικεῖσθαι
694 1538 781 1602 δοκῶ
800 1534 918 1621 καὶμὴ
937 1538 1163 1621 προσήκοντος

151 1642 355 1726 ἐγκλήματος
376 1643 515 1724 φεύγειν
535 1643 643 1725 δίκην,
666 1646 838 1727 βοηθῆσαί
852 1665 909 1726 μοι
927 1644 968 1708 τά
986 1644 1106 1708 ύίιωιια.
1143 1641 1162 1708 ὃ

151 1745 216 1835 μὲν
238 1749 301 1832 γάρ
323 1747 417 1831 ὑμεῖς
439 1744 492 1813 ἐπὶ
513 1757 553 1832 τη
572 1748 648 1833 δίκη
666 1743 779 1833 τίμημ’
800 1748 970 1833 ἀκηκόατε,
992 1745 1158 1834 τριάκοντ’

151 1852 219 1922 εἰσί
238 1864 328 1938 μναῖ,
347 1849 395 1918 ών
414 1849 450 1918 δὲ
469 1854 637 1938 φεύγομεν
655 1855 843 1940 χρημάτων,
860 1855 997 1940 τέτταρα
1011 1856 1163 1921 τάλαντα.

134 1962 248 2038 ’ὄντες
283 1961 347 2044 γάρ
380 1959 442 2026 ἀύο
473 1957 627 2044 τέτταρας
659 1963 806 2045 εἰλήχασι
838 1962 931 2038 δίκας
962 1960 1059 2046 ἡμῖν,
1095 1970 1163 2025 τών

152 2069 266 2133 αὐτῶν
288 2066 464 2151 χρημάτων
485 2067 606 2146 πάσας,
634 2070 825 2152 τρισχιλίων
848 2065 1002 2153 ἑκάστην,
1025 2068 1163 2152 βλάβης·

153 2171 210 2240 καί
236 2169 314 2237 νυνὶ
340 2173 423 2256 πρὸς
448 2173 626 2257 τριάκοντα
652 2183 746 2256 μνων
773 2171 975 2258 ἐπίγραμμα,
1002 2170 1086 2263 ὑπὲρ
1110 2196 1164 2239 το-

124 2279 285 2346 εσούτων
317 2278 493 2361 χρημάτων
524 2279 572 2354 εἰς
604 2277 716 2362 ἀγῶνα
748 2277 964 2363 καθέσταμεν.
1013 2280 1074 2362 τὴν
1103 2275 1164 2362 μὲν

154 2380 218 2451 οὖν
241 2386 469 2466 συκοφαντίαν
492 2385 554 2468 τὴν
574 2383 718 2465 τούτων,
748 2381 803 2448 καὶ
826 2381 902 2467 μεθ’
929 2384 1008 2469 ὅσης
1031 2383 1164 2467 ἐπιβου-

155 2497 214 2575 λῆς
236 2488 440 2572 ἐληλύθασιν
462 2484 515 2571 ἐφ’
539 2487 632 2573 ἡμᾶς,
655 2487 688 2567 ἐξ
712 2489 907 2555 αὐτῶντῶν
925 2489 1163 2574 πεπραγμένων

155 2602 296 2664 εἴσεσθε.
333 2594 558 2677 ἀναγνώσεται
581 2590 618 2659 δὲ
640 2605 772 2678 πρῶτον
791 2591 851 2680 μὲν
869 2595 949 2679 ὑμῖν
967 2597 1024 2673 τὰς
1042 2620 1164 2682 μαρτυ·

155 2707 239 2787 ρίας,
262 2701 307 2776 ὡς
330 2698 472 2784 ἀφεῖσαν
493 2700 553 2765 τὸν
575 2697 687 2785 πατέρ’
709 2698 803 2784 ἡμῶν
827 2695 874 2766 ὧν
898 2701 1094 2768 ἐνεκάλεσαν
1117 2705 1165 2781 εἰς

154 2810 216 2891 την
234 2806 425 2889 ἐπιτροπήν·
445 2805 526 2869 κατὰ
543 2806 606 2890 γὰρ
624 2813 723 2870 τοῦτο
738 2803 792 2870 καί
805 2807 1099 2892 παρεγραψάμεθα,
1119 2810 1162 2892 μὴ

155 2912 375 2996 εἰσαγώγιμον
407 2905 581 2994 εἶναιτὴν
610 2911 714 2994 δίκην.
760 2914 819 2976 καί
842 2934 898 2995 μοι
925 2910 999 2996 λέγε
1025 2911 1164 2979 ταυτασὶ

155 3021 213 3095 τὰς
234 3020 423 3102 μαρτυρίας.

556 3192 761 3247 ΜΔΡΓΤΡΙΑῙ.

127 3323 141 3360 ι
235 3299 307 3366 ’Ότι
329 3295 390 3384 μέν
412 3303 528 3364 τοίνυν
551 3294 577 3364 ὦ
601 3300 719 3384 ἀνδρες
739 3297 890 3365 δικασταὶ
907 3297 961 3365 καί
981 3302 1074 3378 δίκας
1092 3303 1165 3366 έλα-

155 3432 217 3493 χον
238 3417 296 3492 τῆς
318 3406 495 3490 ἐπιτροπῆς
517 3403 572 3471 καί
595 3405 738 3490 ἀφεῖσαν
759 3407 880 3483 ταύτας
902 3404 957 3472 καὶ
979 3407 1020 3470 τά
1038 3422 1165 3489 συγχω-

155 3514 301 3598 ρηθέντα
336 3509 473 3598 χρήματ’
509 3514 658 3596 ἔχουσιν,
696 3511 831 3576 ἀκούετε
864 3523 931 3578 τῶν
964 3522 1163 3595 μαρτυριῶν.
