2612 3918
499 179 594 232 ΚΑΤΑ
612 179 774 234 ΜΕΙΔΙΟΤ.
1076 177 1138 241 117

132 337 184 422 ἐφ’
215 339 302 423 ὑμᾶς
330 343 616 424 καταπεφευγότος
642 341 867 423 σπουδάσατε,
899 338 953 406 καὶ
981 344 1141 425 τηρήσατε

80 461 118 501 21⁴
131 447 191 528 τήν
214 447 352 530 γνώμην
373 447 498 529 ταύτην
521 440 573 530 ἐφ’
596 441 636 530 ής
660 455 725 511 νῦν
748 445 828 512 έστέ.
865 445 919 512 καὶ
942 447 1005 530 γάρ
1029 449 1060 511 εί
1081 443 1141 530 μὲν

131 547 156 617 ὦ
181 552 301 636 ἀνδρες
321 549 494 636 Ἀθηναῖοι
511 550 586 618 τόθ’
609 548 656 617 ὅτ’
679 547 722 636 ήν
740 550 760 634 ή
778 554 938 637 προβολή,
961 553 1001 616 τά
1019 572 1140 635 πεπρα-

130 654 224 742 γμέν’
250 657 268 722 ὁ
298 659 401 742 δῆμος
428 657 572 735 ἀκούσας
595 658 868 744 ἀπεχειροτόνησε
891 659 1051 741 Μειδίου,
1079 657 1141 723 οὐκ

131 762 172 828 ἀν
195 763 318 848 ὁμοίως
340 760 383 847 ἦν
407 766 533 830 δεινόν·
556 763 612 830 καλ
635 766 698 850 γάρ
721 765 765 849 μή
788 765 1000 848 γεγενῆσθαι,
1022 761 1140 848 καὶμὴ

131 869 205 956 περὶ
228 870 289 954 τήν
313 869 431 954 ἑορτήν
454 870 636 955 ἀδικήματα
659 864 751 937 ταῦτ’
778 866 879 953 εἶναι,
902 867 956 936 καὶ
979 864 1072 936 πόλλ’
1099 869 1141 934 ἀν

80 993 117 1034 ²1⁵
131 972 199 1062 είχέ
215 1001 264 1054 τις
283 977 386 1043 αὑτὸν
404 981 720 1062 παραμυθήσασθαι.
750 985 814 1043 νῦν
829 973 866 1042 δὲ
879 986 978 1043 τοῦτο
992 974 1047 1042 καὶ
1061 976 1141 1041 πάν-

129 1071 196 1149 των
218 1084 261 1148 ἀν
285 1107 341 1168 μοι
365 1085 555 1150 δεινότατον
579 1086 735 1168 συμβαίη,
759 1085 790 1149 εί
811 1079 887 1167 παρ’
909 1082 992 1148 αῦτά
1009 1082 1141 1167 τάδική·

130 1184 210 1274 μαθ’
237 1189 343 1266 οὕτως
366 1190 506 1274 ὀργίλως
529 1188 584 1255 καὶ
606 1201 731 1275 πικρῶς
753 1186 808 1254 καὶ
831 1195 979 1273 χαλεπῶς
1002 1189 1141 1265 ἅπαντες

130 1300 260 1381 ἔχοντες
288 1295 509 1380 [έφαίνεσθε],
539 1295 622 1360 ὥστε
646 1293 882 1378 Νεοπτολέμου
904 1294 959 1361 καλ
981 1297 1141 1380 Μνησαρ-

130 1404 228 1487 χίδου
249 1399 304 1466 καλ
330 1402 551 1482 Φιλιππίδου,
578 1401 638 1465 καί
656 1422 748 1476 τινος
769 1411 837 1465 τῶν
859 1402 991 1485 σφόδρα
1013 1402 1141 1467 τούτων

129 1510 315 1589 πλουσίων,
348 1505 517 1590 δεομένων
548 1504 603 1570 καὶ
635 1506 716 1592 ἐμοῦ
748 1504 802 1572 καὶ
834 1506 929 1592 ὑμῶν
956 1507 1069 1592 ἐβοᾶτε
1097 1510 1141 1592 μή

130 1615 276 1698 ἀφεῖναι,
299 1610 353 1679 καὶ
377 1615 624 1697 προσελθόντος
647 1635 703 1696 μοι
722 1615 889 1678 Βλεπαίου
912 1622 972 1679 τοῦ
994 1617 1141 1700 τραπεζί-

129 1745 200 1804 του,
224 1716 389 1804 τηλικοῦτ’
418 1719 628 1803 ἀνεκράγετε,
652 1718 707 1800 όις,
731 1715 820 1784 τοῦτ’
847 1720 969 1804 έκεῖνο,
992 1722 1141 1807 χρήματά

80 1843 116 1882 ²1⁶
130 1852 195 1912 μου
224 1825 429 1910 ληψομένου,
462 1826 545 1890 ὥστε
572 1819 606 1910 μ’
638 1820 664 1890 ὦ
692 1826 812 1910 ἀνδρες
836 1821 1009 1910 Ἀθηναῖοι
1036 1831 1141 1913 φοβη-

129 1933 233 2000 θέντα
255 1933 314 1997 τὸν
337 1929 497 2015 ὑμέτερον
520 1931 684 2013 θόρυβον,
707 1931 886 2015 θοίμάτιον
904 1931 1068 2017 προέσθαι
1085 1931 1140 2001 καὶ

129 2048 250 2125 μικροῦ
277 2038 406 2122 γυμνὸν
435 2037 471 2102 έν
498 2045 543 2125 τῷ
571 2039 754 2125 χιτωνίσκῳ
779 2035 952 2121 γενέσθαι,
981 2037 1137 2123 φεύγοντ’

130 2149 259 2217 ἐκείνου
282 2143 418 2210 έλκοντά
441 2167 492 2229 με,
515 2142 570 2208 καὶ
592 2143 672 2227 μετά
692 2137 783 2208 ταῦτ’
805 2142 1013 2222 ἀπαντῶντες
1030 2146 1140 2229 ,ὅπως

130 2252 234 2333 ἐπέξει
265 2259 310 2338 τῷ
343 2259 449 2338 μιαρῷ
482 2247 538 2315 καὶ
569 2250 613 2333 μή
646 2249 802 2334 διαλύσῃ·
834 2251 1019 2318 θεάσονταί
1045 2269 1081 2320 σε
1108 2256 1144 2318 τί

130 2363 277 2443 ποιήσεις
296 2354 490 2441 Ἀθηναῖοι“
514 2365 650 2422 τοιαῦτα
673 2354 838 2439 λέγοντες·
862 2356 973 2441 ἐπειδὴ
997 2382 1139 2444 κεχειρο-

130 2469 264 2550 τόνηται
282 2459 344 2548 μὲν
361 2463 459 2547 ὕβρις
476 2462 513 2527 τὸ
532 2455 654 2546 πρᾶγμ’
670 2457 768 2545 εἶναι,
787 2461 824 2527 έν
843 2463 920 2550 ίερςῦ
941 2460 971 2528 δ’
989 2466 1025 2530 οί
1037 2475 1139 2532 ταῦτα

130 2575 300 2657 κρίνοντες
322 2570 539 2652 καθεζόμενοι
563 2566 759 2651 διέγνωσαν,
784 2567 930 2652 διέμεινα
950 2567 980 2634 δ’
1001 2570 1138 2655 ἐγὼκαὶ

131 2678 172 2744 οὐ
194 2672 362 2762 προῦδωκ’
388 2669 467 2740 οὔθ’
493 2674 578 2758 ὑμᾶς
601 2670 671 2739 οὔτ’
694 2673 847 2758 ἐμαυτόν,
870 2674 1035 2758 τηνικαῦτ’
1060 2677 1138 2744 ἀπο-

79 2800 115 2838 21⁷
130 2781 306 2868 ψηφιεῖσθ’
332 2782 434 2866 ὑμεῖς.
471 2781 641 2865 μηδαμῶς·
666 2784 762 2846 πάντα
784 2783 840 2866 γὰρ
863 2784 899 2846 τά
921 2781 1043 2868 αἴσχιστ’
1067 2785 1189 2850 &ve-5⁸4

131 2903 194 2946 στιν
217 2883 251 2946 έν
274 2889 313 2970 τῷ
336 2882 491 2964 πράγματι.
531 2879 590 2960 είμλ
613 2875 642 2941 δ’
667 2880 704 2944 οῦ
726 2883 839 2945 τούτων
862 2882 934 2962 ὑμῖν
956 2881 1039 2959 ἀξιος
1062 2879 1138 2968 (πῶς

129 2981 185 3064 γάρ
212 2975 235 3043 ὦ
262 2978 368 3061 ἀνδρες
388 2973 573 3058 Ἀθηναῖοιή
600 2979 711 3059 κρίνων
733 2976 897 3060 ἀνθρωπον
921 2980 970 3042 καὶ
993 2982 1139 3045 δοκοῦντα
1176 3038 1178 3042 ,

130 3078 180 3140 καί
203 3075 274 3140 όντα
297 3078 396 3158 βίαιον
419 3074 469 3137 καλ
491 3074 649 3158 ὑβριστήν,
677 3071 854 3158 ἡμαρτηκότ’
879 3076 1004 3160 ἀσελγῶς
1027 3079 1060 3140 ἐν
1082 3101 1138 3142 πα-

130 3177 266 3259 νηγύρει,
294 3175 442 3257 μάρτυρας
469 3183 521 3253 τῆς
543 3173 656 3254 ὕβρεως
678 3182 729 3252 τῆς
748 3172 855 3237 ἑαυτοῦ
878 3175 1077 3256 πεποιημένον
1102 3179 1138 3240 οῦ

131 3273 224 3353 μόνον
256 3271 349 3352 ὑμᾶς,
381 3269 452 3331 ἀλλά
483 3268 533 3331 καλ
561 3269 630 3341 τοὺς
657 3267 894 3351 ἐπιδημήσαντας
922 3273 1053 3347 ἅπαντας
1080 3285 1137 3337 τῶν

127 3369 287 3449 Ἑλλήνων.
323 3366 450 3448 ήκουσεν
474 3365 490 3428 δ
514 3368 607 3447 δῆμος
625 3365 661 3427 τά
679 3367 867 3451 πεπραγμένα
885 3372 987 3456 τούτῳ.
1022 3372 1051 3432 τί
1067 3364 1136 3447 οάν;

80 3481 117 3521 21⁸
131 3467 204 3548 ὑμῖν
222 3463 500 3549 καταχειροτονήσας
519 3462 695 3546 παρέδωκεν.
733 3466 769 3527 οῦ
788 3467 892 3528 τοίνυν
911 3461 975 3528 ολόν
993 3463 1019 3528 τ’
1036 3467 1137 3550 ἀφανῆ

131 3565 186 3642 τήν
208 3574 318 3648 γνῶσιν
341 3563 426 3644 ὑμῶν
447 3559 601 3644 γενέσθαι,
624 3557 693 3623 οὐδὲ
717 3568 835 3642 λαθεῖν,
859 3559 924 3626 οὐδ’
950 3563 1137 3640 ἀνεξέταστον
