2614 3904
455 179 553 230 ΠΡΟΣ
573 178 816 231 ιΠιΤουΡιοα.
1076 176 1139 240 397

545 370 732 422 ΜΑΡΤΤΡΙΑ.

90 493 116 533 2⁷
219 473 311 561 Λαβέ
340 478 381 560 δή
409 499 465 561 μοι
493 473 546 541 καὶ
573 476 633 540 τὸν
655 478 777 558 νόμον,
804 475 840 554 ὃς
862 478 987 541 κελεύει
1009 476 1067 552 τάς
1087 475 1141 559 ’ἐγ-

130 584 214 667 γύας
242 584 407 659 ἐπετείους
434 578 528 648 εἶναι.
573 580 629 647 καὶ
658 580 719 646 οὐκ
742 583 947 665 ἰσχυρίζομαι
970 591 1015 668 τῷ
1038 583 1140 668 νόμῳ,

131 690 176 766 ὡς
199 688 240 755 οὐ
264 690 318 754 δεῖ
338 711 377 771 με
402 688 498 771 δίκην
523 688 641 752 δοῦναι
660 688 691 751 εί
707 687 936 770 ἠγγυησάμην,
960 686 1042 750 ἀλλδι
1061 686 1141 769 μάρ-

130 793 215 879 τυρά
242 796 301 877 μοί
325 816 410 877 φημι
437 795 496 858 τὸν
524 795 629 876 νόμον
652 787 739 856 εἶναι
761 801 821 857 τοῦ
845 793 888 877 μὴ
913 791 1141 875 ἐγγυήσασθαι

130 899 184 965 καὶ
209 898 311 964 αὐτὸν
333 907 468 964 τοῦτον·
498 897 688 963 ἐδεδίκαστο
711 899 775 980 γάρ
799 899 841 962 άυ
864 921 920 980 μοι
942 907 1000 980 τῆς
1023 897 1142 979 ἐγγύης

132 1004 168 1070 ἐν
190 1014 235 1093 τῷ
259 1006 367 1092 χρόνῳ
390 1013 435 1091 τςό
459 1003 495 1070 ἐν
518 1011 563 1090 τῷ
587 1007 678 1090 νόμῳ
701 1003 925 1091 γεγραμμένῳ.

564 1179 700 1230 ΝΟΜΟΣ.

91 1304 117 1342 28
221 1285 377 1352 Γενέσθω
409 1283 612 1350 τοίνυνκαὶ
643 1293 741 1350 τοῦτο
773 1285 853 1368 ύμῖν
879 1286 1055 1369 τεκμήριον
1081 1289 1142 1347 τοῦ

31 1463 33 1467 f
130 1392 317 1471 ψεύδεσθαι
332 1388 563 1472 Ἀπατούριον·
587 1392 619 1455 εί
636 1390 698 1474 γὰρ
718 1390 935 1474 ἠγγυησάμην
954 1389 1017 1472 ἐγὼ
1034 1388 1140 1475 τούτῳ

130 1498 191 1562 τὸν
223 1494 460 1580 Παρμένοντα,
493 1494 555 1560 οὐκ
587 1497 677 1560 ἐστιν
709 1496 798 1572 ὅπως
828 1497 934 1582 τούτῳ
966 1491 1027 1577 μὲν
1059 1489 1141 1577 ὑπὲρ

132 1603 262 1668 ἐκείνου
289 1600 547 1686 ἀπηχθανόμην,
576 1603 738 1684 πρόνοιαν
766 1601 965 1683 ποιούμενος
987 1599 1075 1675 ὅπως
1097 1600 1141 1683 μὴ

132 1708 251 1773 ἀπολεῖ
271 1705 291 1771 ἃ
315 1698 358 1770 δι’
381 1705 462 1790 ἐμοῦ
484 1706 591 1791 τούτῳ
613 1703 806 1788 συνέβαλεν,
830 1704 928 1780 αὐτὸς
947 1701 976 1768 δ’
1001 1703 1142 1787 ἐμαυτὸν

131 1813 307 1897 περιεῖδον·
325 1808 366 1876 δν
388 1804 445 1875 ὑπ’
468 1810 598 1875 ἐκείνου
620 1811 703 1894 πρὸς
724 1818 844 1874 τοῦτον
868 1809 904 1873 ἐν
927 1808 1027 1894 ἐγγύη
1046 1832 1143 1875 κατα-

132 1921 337 2002 λειπόμενον.
373 1919 448 1981 τίνα
469 1916 534 2000 γάρ
558 1915 674 1982 ἐλπίδα
698 1919 796 1999 ἔσχον
818 1923 939 1980 τοῦτον
962 1914 1143 1998 ἀποσχήσε-

132 2027 218 2088 σθαί
238 2046 315 2106 μου,
338 2021 377 2086 δν
397 2021 495 2097 αὐτὸς
512 2020 711 2104 ἠναγκάκειν
730 2019 843 2106 ἐκείνῳ
862 2020 902 2084 τδι
921 2021 1031 2084 δίκαια
1049 2029 1143 2103 ποιῆ·

134 2147 204 2207 σοις
228 2126 283 2193 καὶ
305 2127 366 2210 τὴν
387 2126 511 2209 ἐγγύην
529 2126 632 2191 αὐτὸν
652 2124 827 2206 εἰσπράξας
844 2125 905 2207 την
924 2126 971 2201 είς
988 2127 1050 2208 την
1068 2127 1144 2207 τρά·

133 2238 233 2314 πεζαν
269 2234 352 2317 πρὸς
383 2231 582 2316 ἀπέχθειαν,
618 2234 654 2296 τί
681 2233 894 2314 προσεδόκων
925 2231 990 2296 ὑπὸ
1022 2233 1144 2297 τούτου

134 2341 233 2417 αὐτὸς
254 2341 444 2415 πείσεσθαι;

91 2465 119 2506 ει
214 2443 327 2524 ’Ἀξιον
359 2446 475 2508 τοίνυν
505 2440 560 2509 καί
586 2438 676 2508 τοῦτ’
709 2441 944 2525 ἐνθυμηθῆναι
972 2437 997 2506 ὦ
1025 2443 1144 2526 ἄνδρες

134 2551 301 2633 δικασταί,
329 2549 380 2615 ὅτι
408 2547 469 2614 ούκ
497 2548 539 2612 άν
566 2568 644 2613 ποτε
674 2547 809 2628 ἔξαρνος
833 2545 1008 2632 ἐγενόμην,
1035 2550 1066 2614 εί
1087 2551 1144 2633 ἠγ-

133 2659 277 2741 γυήμην·
309 2658 396 2721 πολὺ
419 2655 482 2738 γάρ
505 2652 523 2718 ὁ
547 2655 646 2735 λόγος
668 2648 711 2736 ἦν
734 2676 790 2737 μοι
814 2655 1039 2739 ἰσχυρότερος,
1067 2655 1144 2740 ὁμο-

135 2767 292 2844 λογοῦντι
313 2761 374 2844 την
398 2760 521 2842 ἐγγύην
545 2756 598 2824 ἐπὶ
619 2759 677 2834 τάς
698 2761 870 2842 συνθήκας
889 2757 984 2842 ίέναι,
1007 2757 1085 2826 καθ’
1107 2761 1145 2840 ἃς

134 2867 155 2950 η
175 2867 332 2951 ἐπιτροπὴ
351 2865 488 2949 ἐγένετο.
520 2865 571 2930 ότι
589 2861 651 2949 μέν
668 2865 732 2948 γὰρ
751 2863 860 2946 τρισὶν
879 2866 1041 2951 ἐπετράπη
1061 2869 1145 2933 διαι-

133 2982 258 3055 τηταῖς,
281 2973 524 3056 μεμαρτύρηται
547 2970 641 3055 ὑμῖν·
665 2972 762 3036 ὁπότε
783 2967 819 3036 δέ
838 2973 881 3054 μη
901 2975 1061 3053 ἔγνωσται
1080 2974 1144 3039 ὑπὸ

133 3089 201 3142 τῶν
228 3089 346 3161 τριῶν,
372 3081 408 3142 τί
427 3079 631 3161 βουλόμενος
653 3076 826 3160 ἠρνούμην
849 3075 891 3140 άν
914 3079 974 3159 την
998 3077 1197 3163 ἐγγύηνςοον

134 3185 179 3268 μὴ
207 3184 271 3267 γάρ
298 3182 477 3267 γενομένης
503 3193 561 3266 της
588 3183 741 3264 γνώσεως
768 3183 849 3247 κατά
876 3183 935 3259 τὰς
963 3188 1145 3267 συνθήκας,

134 3287 210 3355 οὐδ’
238 3287 280 3354 άν
308 3288 371 3371 ἐγὼ
398 3298 456 3372 τῆς
483 3288 603 3370 ἐγγύης
629 3288 787 3362 ὑπόδικος
814 3283 865 3370 ἦν.
911 3288 993 3353 ὥστε
1020 3289 1080 3352 οὐκ
1103 3290 1145 3353 όν

133 3418 213 3461 ποτε
245 3389 272 3460 ὦ
305 3395 424 3479 άνδρες
456 3390 607 3459 δικασταὶ
639 3394 833 3474 παραλιπὼν
865 3394 926 3475 τὴν
956 3388 1062 3458 οὖσάν
1089 3416 1146 3475 μοι

133 3502 333 3585 ἀπολογίαν,
362 3502 393 3566 εί
418 3500 653 3586 ἠγγυησάμην,
682 3495 734 3562 ἐπὶ
761 3499 798 3561 τὸ
827 3497 1002 3579 ἀρνεῖσθαι
1028 3492 1146 3577 ἦλθον.
