2614 3904
138 172 206 241 822
437 175 548 230 xxm
571 171 851 226 Διιιιοιεοιιτουε

97 350 126 395 ιι
229 327 337 412 Οὗτος
362 334 427 420 γάρ
452 333 559 411 εὐθὺς
587 333 668 418 μετδ
689 333 749 400 τὸν
771 341 833 399 τοῦ
854 333 979 418 πατρὸς
1001 331 1155 398 θάνατον

139 437 217 528 ᾤκει
239 440 301 523 τὴν
324 441 433 506 οίκίαν
456 439 620 506 είσελθῶν
643 439 725 504 κατὰ
743 440 805 523 τὴν
824 437 954 504 ἐκείνου
973 439 1154 522 διαθήκην,

138 542 196 612 καλ
221 545 383 630 λαμβάνει
409 545 450 610 τά
477 569 512 611 τε
539 547 660 630 χρυσία
685 551 744 630 της
765 545 888 630 μητρὸς
910 541 966 610 καὶ
987 544 1028 609 τδ
1050 543 1154 610 ἐκπώ-

138 675 224 738 ματα
246 652 290 717 τὰ.
309 649 584 736 καταλειφθέντα.
620 649 677 717 καλ
699 659 802 717 ταῦτα
825 647 887 736 μὲν
909 650 955 727 ῶς
972 651 1020 728 είς
1037 653 1161 734 πεντήω

137 779 240 824 ιιοντα
261 766 346 843 μνᾶς
368 753 468 843 εἶχεν,
491 759 539 823 ἔτι
562 753 600 823 δδ
622 768 690 822 τῶν
709 755 931 836 ἀνδραπόδων
948 766 1016 822 τῶν
1034 777 1155 840 πιπρα-

139 861 311 948 σκομόνων
337 864 427 949 παρά
453 885 489 930 τε
518 863 730 949 Θηριππίδου
756 860 812 929 καὶ
839 866 1071 947 Δημοφῶντος
1097 862 1156 938 τὰς

137 969 234 1054 τιμὰς
256 967 458 1053 ἐλάμβανεν,
487 967 548 1047 ἕως
571 967 827 1054 άνεπληριισατο
850 969 912 1053 τὴν
933 977 1071 1053 προεκα,
1096 967 1156 1045 τὰς

100 1094 126 1134 ιι
139 1074 346 1160 ὀγδοήκοντα
373 1083 465 1160 μνᾶς.
510 1073 565 1140 καὶ
592 1073 706 1159 ἐπειδὴ
734 1069 837 1163 εἶχεν,
865 1073 997 1140 ἐκπλεῖν
1024 1072 1154 1160 μέλλων

139 1182 187 1258 είς
211 1179 389 1266 Κέρκυραν
414 1182 629 1267 τριήραρχος,
657 1179 826 1266 ἀπέγραψε
852 1189 956 1247 ταῦτα
982 1182 1065 1266 πρὸς
1089 1184 1154 1265 Θη-

140 1287 300 1372 ριππίδην
325 1283 441 1372 ἔχονθ’
469 1284 588 1354 ἑαυτὸν
610 1284 666 1354 καὶ
689 1285 852 1371 ὡμολόγει
873 1289 1071 1371 κεκομίσθαι
1092 1287 1155 1370 την

138 1403 268 1479 προῖκα.
314 1390 369 1460 καί
395 1388 619 1484 πρῶτονμὲν
647 1393 777 1459 τούτων
799 1395 974 1477 Δημοφῶν
1000 1391 1056 1460 καλ
1080 1395 1145 1483 Qn—
1155 1400 1208 1451 818

140 1498 307 1584 ριππίδης,
331 1499 367 1565 οί
386 1499 510 1565 τούτου
532 1501 781 1584 συνεπίτροποι,
804 1497 967 1585 μάρτυρές
983 1501 1084 1576 τίσιν·
1106 1501 1155 1566 ἔτι

141 1601 177 1670 δδ
199 1602 254 1670 καί
277 1605 322 1683 ὡς
346 1604 445 1682 αὐτὸς
467 1605 631 1690 ὡμολόγει
652 1599 744 1672 ταῦτ’
769 1606 869 1690 ἔχειν,
891 1605 1094 1690 Δημοχάρης
1115 1599 1161 1669 θ’.

140 1709 159 1776 ό
176 1713 397 1794 Λευκονοεὺς,
421 1711 440 1777 ό
462 1713 524 1796 τὴν
541 1712 668 1795 τηθίδα
685 1711 748 1793 την
766 1709 849 1796 ἐμὴν
868 1714 963 1796 ἔχων,
985 1708 1041 1776 καὶ
1059 1712 1156 1777 ἄλλοι

101 1834 126 1876 ιε
139 1815 258 1883 πολλοὶ
284 1819 449 1903 μάρτυρες
475 1819 662 1901 γεγόνασιν.
707 1816 834 1902 οὐγὰρ
858 1813 1011 1894 διδόντος
1032 1819 1155 1883 τούτου

140 1933 234 1988 σῖτον
256 1931 296 2010 τη
315 1925 426 2008 μητρί,
449 1923 511 2006 την
529 1919 568 1988 δὲ
585 1920 695 2008 προῖκ’
718 1925 861 2009 ἔχοντος,
886 1919 964 1988 οὐδὲ
982 1924 1042 1990 τὸν
1061 1921 1155 1990 οίκον

139 2034 289 2114 μισθοῦν
314 2027 618 2111 mmmm
641 2029 722 2113 μετὰ
744 2039 812 2093 τῶν
835 2029 946 2094 ἄλλων
968 2026 1155 2112 ἐπιτρόπων

141 2135 351 2220 διαχειρίζειν
374 2133 562 2218 ἀξιοῦντος,
586 2133 763 2218 ἐποιήσατο
786 2137 907 2217 λόγους
928 2132 1004 2218 περὶ
1026 2136 1156 2202 τούτων
1213 2180 1215 2184 -

141 2242 159 2308 ὁ
181 2242 392 2327 Δημοχάρης.
430 2235 528 2318 οὗτος
549 2236 580 2305 δ’
603 2240 748 2317 ἀκούσας
767 2233 837 2305 οὔτ’
858 2239 1092 2325 ἠμφισβήτησε
1110 2243 1154 2327 μὴ

140 2359 249 2433 σχεῖν,
281 2347 359 2414 οὔτε
386 2350 535 2431 χαλεπῶς
561 2346 701 2430 ἤνεγκεν
728 2332 772 2423 όις
800 2345 862 2412 οὐκ
889 2346 1049 2431 εἰληφώς,
1079 2346 1151 2413 ἀλλ’

141 2453 303 2539 ὡμολόγει
317 2455 375 2519 καί
385 2473 419 2517 τι
431 2452 552 2537 μικρὸν
571 2453 636 2536 ἔφη
654 2452 738 2534 πρὸς
757 2451 819 2535 την
837 2449 920 2536 ἐμὴν
938 2450 1062 2538 μητέρα
1078 2453 1155 2539 περὶ

139 2559 324 2645 χρυσιδίων
346 2555 594 2640 ἀντιλέγεσθαι·
626 2551 717 2624 τοῦτ’
743 2550 806 2622 οὖν
829 2556 1154 2643 διευκρινησάμενος,

140 2665 196 2734 καὶ
227 2661 303 2750 περὶ
334 2671 392 2747 τῆς
422 2672 551 2748 τροφῆς
581 2660 637 2728 καί
668 2660 744 2748 περὶ
770 2672 838 2727 τῶν
865 2663 976 2730 ἄλλον
1002 2667 1155 2748 ποιήσειν

101 2793 128 2833 ιε
142 2770 260 2855 οὕτως,
282 2765 359 2834 ὥστ’
386 2770 474 2854 ἔχειν
496 2790 553 2853 μοι
575 2768 684 2834 πάντα
706 2772 821 2844 καλῶς.
867 2771 974 2834 καίτοι
997 2770 1028 2835 εί
1048 2773 1154 2855 φανή·

141 2895 233 2943 σεται
252 2877 342 2960 ,πρός
367 2897 403 2941 τε
429 2875 490 2940 τὸν
511 2874 696 2959 Δημοχάρη
724 2869 823 2954 ταῦθ’
855 2873 1074 2959 ὡμολογηκὼς
1099 2874 1154 2942 καί

141 2984 223 3069 πρὸς
253 2983 333 3059 τοὺς
349 2981 485 3057 ’άλλους
516 2982 553 3046 οδ
578 2988 746 3065 παρῆσαν,
778 2981 867 3064 παρά
893 3003 928 3046 τε
955 2989 1016 3046 τοῦ
1037 2986 1154 3068 ’Δημο-

142 3101 274 3175 φῶντος
295 3084 351 3154 καὶ
373 3096 434 3153 τοῦ
457 3087 668 3172 Θηριππίδου
689 3097 758 3152 τῶν
780 3085 1002 3172 ἀνδραπόδων
1025 3089 1071 3164 είς
1094 3089 1162 3172 τὴν-

142 3206 263 3281 προῑκα
284 3194 343 3270 τὰς
365 3193 461 3278 τιμὰς
485 3193 639 3277 είληφάς,
664 3191 763 3269 αὐτός
785 3186 822 3257 θ’
843 3189 962 3259 ἑαυτὸν
984 3195 1073 3278 ἔχειν
1093 3196 1155 3279 την

142 3296 251 3386 προῖκ’
279 3298 474 3382 ἀπογράψας
496 3299 580 3383 πρὸς
603 3301 681 3375 τοὺς
704 3301 1103 3385 συνεπιτρόπουςοίκῶν
1120 3323 1155 3367 τε

144 3406 218 3486 τὴν
233 3406 341 3470 οίκίαυ
369 3403 482 3489 ἐπειδὴ
510 3398 636 3490 τάχιστ’
662 3404 874 3491 ἐτελεύτησεν
895 3404 914 3472 ό
936 3409 1058 3492 πατήρ,
1085 3417 1155 3485 πῶς

145 3507 207 3572 οὐκ
230 3507 265 3574 ἐκ
287 3509 422 3575 πάντων
440 3509 713 3596 ὁμολογουμένου
730 3521 791 3577 τοῦ
809 3513 998 3597 πράγματος
1016 3511 1163 3597 εὑρεθῆ-ι
