2614 3904
461 182 559 234 Πεοω
576 181 821 235 εωιυονοιοω.
1079 175 1144 240 395

135 337 264 422 ἐγένετο
297 341 315 407 δ
346 340 421 425 περὶ
450 343 679 426 Χερρόνησον,
712 340 944 424 συμπεσούσης
971 337 1060 424 αύτῷ
1088 345 1146 422 τῆς

135 447 240 523 οἰκίας
271 445 442 514 ἀπώλοντο
473 447 494 531 η
526 448 618 530 γυνή-
644 444 698 512 κιιὶ
729 447 764 512 οί
787 446 911 521 παῖδες.
956 441 1010 509 καὶ
1038 443 1057 509 ὁ
1085 439 1146 527 μέν

134 555 326 635 πυθόμενος
357 554 418 636 τήν
450 553 628 637 συμφορὰν
656 549 757 640 ᾤχετο
786 549 924 616 ἐνθένδε
957 547 1145 616 ἀποπλέων·

135 656 154 723 ὁ
178 654 209 721 δ’
232 654 451 742 Ἀριστοκλῆς,
476 655 786 743 διαμαρτυραμένου
808 665 869 723 τοῦ
892 656 1076 740 ἀνθρώπου
1094 654 1110 719 ἐ
1131 694 1146 704 -

135 765 250 829 αντίον
273 765 465 848 μαρτύρων,
495 765 538 848 μή
562 763 811 848 ἀποφαίνεσθαι
832 759 909 827 καθ’
937 761 1041 827 αὑτοῦ
1065 761 1147 826 ἀνευ

134 879 201 933 τῶν
220 870 473 954 συνδιαιτητῶν,
492 869 767 953 ἀποδημήσαντος
786 871 860 950 [τοῦ
878 867 1073 951 ἀνθρώπου]
1091 867 1146 931 διδ

135 977 196 1059 τήν
217 976 395 1060 συμφορὰν
414 975 539 1060 ἐρήμην
557 971 627 1040 κατ’
649 974 753 1040 αὐτοῦ
771 973 962 1057 ἀπεφήνατο
981 974 1043 1056 τῆν
1061 973 1145 1038 δίαι-

81 1097 121 1145 ,ει
135 1104 204 1145 ταν.
240 1078 296 1146 καὶ
318 1079 382 1164 ἐγὼ
406 1077 467 1165 μὲν
487 1079 579 1147 καὶὸ
601 1081 771 1164 Φώκριτος
789 1079 825 1146 ἐν
843 1089 915 1155 ταῖς
933 1079 1047 1155 αὐτοῖς
1066 1095 1146 1144 συν-

136 1188 256 1269 θήκαις
277 1186 509 1271 γεγραμμένοι,
533 1187 583 1252 ὅτι
606 1185 858 1270 ἠμφεσβήτησεν
881 1179 978 1262 ούτος
995 1186 1039 1269 μῆ
1059 1180 1146 1250 εἶναι

136 1291 220 1377 ἡμᾶς
252 1292 419 1376 διαιτητὰς
450 1291 554 1380 αὐτῷ,
587 1291 755 1376 ἐφύγομεν
786 1292 824 1355 τὸ
852 1291 1029 1374 διαιτῆσαι·
1064 1290 1081 1356 ὁ
1110 1287 1142 1356 δ’

136 1397 178 1464 ού
205 1399 309 1480 μόνον
337 1396 614 1481 ἀμφισβητηθείς,
644 1396 726 1462 ἀλλά
751 1393 805 1461 καὶ
829 1392 1022 1481 ἀπορρηθὲν
1045 1397 1144 1484 αὐτῷ,

136 1499 238 1568 οὐδὲν
264 1497 364 1585 ήττον
389 1505 451 1587 τήν
478 1502 647 1584 ἀπόφασιν
675 1501 860 1585 ἐποιήσατο.
905 1496 1026 1567 δούθ’
1053 1502 1147 1586 ὑμῶν

137 1609 213 1674 ούτε
249 1617 316 1673 τῶν
351 1609 461 1674 ἄλλων
495 1606 684 1692 Ἀθηναίων
719 1607 896 1690 ὑπομείναι
932 1605 974 1672 ἀν
1011 1617 1147 1692 ποιῆσαι

137 1715 256 1791 οὐδείς.

95 1837 122 1876 22
217 1817 257 1884 “A
280 1817 340 1904 μὲν
364 1813 427 1885 ούν
449 1816 525 1904 περὶ
547 1819 608 1902 τῆν
627 1817 788 1903 ἀφάνισιν
805 1829 872 1884 τῶν
891 1825 1073 1902 συνθηκῶν
1092 1819 1147 1887 καὶ

136 1925 211 2011 περὶ
233 1928 294 2011 τήν
316 1937 442 2010 γνῶσιν
463 1934 521 2010 τῆς
544 1927 671 2007 διαίτης
691 1920 893 2012 Ἀπατουρίφ
916 1922 972 1989 καλ
994 1933 1039 2012 τῷ
1063 1926 1146 1991 διαι-

83 2021 85 2026 ’
136 2041 215 2117 τητῆ
242 2031 437 2119 πέπρακται,
466 2032 525 2098 ἐάν
546 2053 624 2098 ποτε
648 2037 744 2115 σωθῇ
768 2029 786 2097 ὁ
809 2029 1021 2114 ήδικημένος,
1050 2033 1147 2116 δίκην

136 2133 213 2222 παρ’
244 2139 354 2204 αὐτῶν
386 2142 536 2222 λήψεται·
569 2136 681 2220 ἐπειδὴ
715 2133 745 2201 δ’
777 2136 824 2210 είς
855 2145 955 2203 τοῦτο
982 2135 1147 2221 ἐλήλυθεν

133 2239 346 2326 Ἀπατούριος
364 2243 542 2325 ἀναιδείας,
566 2243 649 2308 ὥστε
667 2239 766 2326 κάμοὶ
785 2243 959 2323 δικάζεται,
980 2241 1148 2327 ἐπιφέρων

137 2353 246 2416 αἰτίαν
273 2349 318 2426 ὡς
344 2347 548 2433 ἀνεδεξάμην
575 2347 747 2430 ἐκτείσειν,
780 2354 814 2413 ελ
836 2371 868 2412 τι
895 2352 1146 2432 καταγνωσθείη

137 2465 198 2521 τοῦ
217 2453 461 2539 Παρμένοντος,
484 2452 540 2520 καὶ
562 2451 667 2538 φησὶν
690 2453 895 2538 ἐγγραφῆναι
919 2456 966 2531 είς
988 2455 1046 2532 τάς
1068 2471 1148 2520 συν-

136 2563 244 2643 θήκας
267 2556 322 2645 ἐμέ
346 2559 519 2643 ἐγγυητήν,
543 2559 652 2645 ὥσπερ
675 2563 834 2643 προσήκει
856 2561 1014 2642 τοιαύτην
1039 2562 1148 2626 αι’τίαν

138 2666 382 2748 ἀπολύσασθαι,
407 2676 539 2749 πρῶτον
562 2661 623 2749 μὲν
646 2665 726 2750 ὑμῖν
750 2666 918 2750 μύρτυρας
940 2670 1148 2751 παρασχήσο-

9 2839 10 2848 ,
138 2796 211 2855 μαι,
239 2772 284 2849 ὡς
310 2771 371 2837 οὐκ
397 2770 615 2855 ῆγγυησύμην
639 2771 701 2853 ἐγὼ
725 2773 784 2836 τὸν
808 2769 1043 2856 Παρμένοντα,
1073 2766 1145 2838 ἀλλ’

128 2876 309 2962 Ἀρχιππος
326 2877 589 2962 Μυρρινούσιος,
613 2879 724 2942 ἔπειτα
747 2878 944 2962 πειράσομαι
966 2877 1022 2944 καὶ
1045 2878 1081 2943 ἐκ
1098 2902 1148 2944 τε·

137 2985 287 3069 κμηρίων
316 2982 378 3066 τήν
410 2981 593 3066 ἀπολογίαν
623 2985 828 3065 ποιήσασθαι
855 2979 880 3048 ὦ
910 2983 1030 3068 ἄνδρες
1057 2984 1149 3050 δικα-

9 3123 10 3132 ¹
98 3106 124 3145 εδ
138 3091 222 3154 σταί
266 3098 399 3170 πρῶτον
430 3083 491 3172 μέν
522 3083 585 3152 οὖν
611 3089 671 3152 τὸν
697 3089 821 3171 χρόνον
848 3087 977 3175 ἐμαυτῷ
1004 3088 1150 3173 ἡγοῦμαι

138 3195 289 3278 μάρτυρα
307 3187 393 3260 εἶναι
410 3203 471 3259 τοῦ
489 3194 533 3278 μή
553 3191 676 3277 ἀληθὲς
693 3194 730 3258 τὸ
750 3195 894 3277 ἔγκλημα
912 3189 1006 3260 εἶναι.
1038 3191 1199 3280 ημένθοο
1297 3229 1298 3274 ρ

9 3363 10 3368 ,
138 3301 202 3384 γὰρ
225 3299 382 3383 ἐπιτροπὴ
403 3299 510 3386 τούτῳ
529 3300 611 3384 πρὸς
629 3301 690 3366 τὸν
709 3297 928 3382 Παρμένοντα
946 3301 1059 3380 τρίτον
1078 3303 1150 3378 ἔτος
1175 3342 1178 3348 -

138 3405 255 3489 γέγονε
282 3402 337 3470 καὶ
363 3403 385 3490 ἡ
407 3415 529 3488 γνῶσις
553 3412 615 3469 τοῦ
640 3400 898 3489 Ἀριστοκλέους·
926 3403 964 3468 αί
983 3400 1020 3468 δὲ
1044 3403 1150 3487 λήξεις
1297 3391 1298 3408 ’

138 3523 208 3587 τοῖς
236 3511 391 3594 ἐμπύροις
412 3522 480 3576 τῶν
504 3511 607 3575 δικῶν
631 3511 774 3594 ἔμμηνοί
793 3510 878 3573 είσιν
901 3506 964 3572 ἀπὸ
988 3517 1048 3573 τοῦ
1071 3511 1150 3591 βοη-
