2614 3904
1280 50 1282 122 λ

149 197 216 263 364
456 203 540 256 m.
563 201 843 255 Διιιιοεοεοοτε
1281 238 1283 306 η

149 357 186 424 ἐν
208 369 279 437 τοῖς
301 365 413 445 φίλοις
436 362 695 428 διαδικάσασθαι
717 362 757 427 τά
775 362 857 444 πρὸς
876 359 942 446 ἐμέ,
965 358 1020 426 καὶ
1039 360 1083 445 μή
1103 363 1162 427 λα-

149 467 222 549 βεῖν
244 465 339 550 ὑμῶν
361 477 494 552 πεῖραν,
518 467 579 553 οὐχ
603 460 673 545 οἷός
695 464 723 533 τ’
751 467 911 551 ἐγενόμην
933 476 1056 531 πεῖσαι·
1084 475 1161 532 τοῦ·

148 593 208 636 τον
237 568 267 636 δ’
300 571 403 637 αὐτὸν
430 573 518 661 αὑτῷ
545 573 689 639 κελεύων
716 571 874 657 γενέσθαι
903 573 1076 656 δικαστήν,
1104 572 1162 637 ἵνα
1284 616 1285 634 .

149 677 194 761 μή
225 673 302 761 παρ’
338 677 418 762 ὑμῖν
449 679 666 764 κινδυνεύσῃ,
698 687 860 744 τοσοῦτον
891 679 1161 762 κατεφρονήθην,

149 778 226 847 ὥστ’
250 780 324 866 ούχλ
346 786 452 867 μόνον
475 786 578 866 λόγου
600 794 712 870 τυχεῖν
735 784 797 850 ούκ
819 782 980 866 ήξιάθην,
1004 780 1162 849 ἀλλὰκαὶ

149 887 185 953 ἐκ
212 897 269 972 τής
295 897 356 973 γής
382 883 421 971 ής
443 885 591 973 ’Ἀφοβος
618 887 785 973 ἐκέκτητο,
812 882 859 953 ὅτ’
887 886 1080 972 ὠφλίσκανέ
1103 912 1162 970 μοι

149 994 211 1077 τήν
244 995 356 1078 δίκην,
389 993 586 1078 ὑβριστικῶς
617 991 675 1060 ὑπ’
711 993 816 1060 αὐτοῦ
847 993 936 1058 πάνυ
968 992 1161 1078 ἐξεβλήθην.

124 1098 263 1183 ῖέπειδή
289 1095 351 1171 οὖν
374 1110 616 1184 συναποστερεῖ
634 1100 673 1166 τέ
692 1123 731 1184 με
754 1111 821 1166 τῶν
844 1101 952 1165 ὄντων
974 1109 1019 1187 τῷ
1040 1097 1162 1168 ἐαυτοῦ

151 1206 302 1290 κηδεστῇ,
325 1202 541 1272 πιστεύοντ’
569 1208 616 1283 ελς
637 1206 722 1290 ὑμᾶς
745 1207 939 1288 εἰσελήλυθε
962 1215 1034 1281 ταῖς
1057 1205 1161 1270 αὑτοῦ

150 1323 383 1395 παρασκευαῖς,
405 1311 591 1378 ὑπόλοιπόν
613 1311 703 1377 ἐστιν
726 1311 762 1376 ἐν
782 1310 863 1395 ὑμῖν
881 1316 1061 1394 πειρᾶσθαι
1079 1308 1157 1395 παρ’

151 1416 255 1482 αὐτοῦ
283 1429 349 1484 τῶν
377 1419 515 1483 δικαίων
541 1418 726 1503 τυγχάνειν.
772 1411 849 1482 οἶδα
876 1413 936 1500 μέν
964 1409 1026 1482 οὖν
1054 1411 1080 1482 ὦ
1104 1417 1162 1481 άν-

153 1522 229 1604 δρες
261 1524 426 1605 δικασταί,
459 1522 510 1587 ὅτι
542 1545 598 1606 μοι
626 1522 708 1605 πρὸς
734 1521 943 1604 παρασκευάς
970 1523 1079 1604 λόγων
1105 1519 1162 1586 καὶ

152 1629 321 1713 μάρτυρας
353 1629 393 1694 ού
424 1627 553 1712 τάληθῆ
586 1630 856 1714 μαρτυρήσοντας
887 1626 906 1693 ὁ
939 1625 1030 1709 ἀγών
1057 1625 1162 1692 ἐστιν·

154 1734 241 1818 ὅμως
272 1733 384 1818 μέντοι
416 1744 577 1800 τοσοῦτον
608 1730 700 1819 οἶμαι
732 1734 873 1799 διοίσειν
900 1740 945 1821 τῷ
974 1733 1161 1817 δικαιότερα

124 1840 273 1905 ῖτούτου
296 1839 415 1924 λέγειν,
440 1836 515 1904 ὥστ’
539 1841 571 1904 εἰ
590 1843 649 1904 καί
668 1863 718 1917 τις
740 1838 836 1923 ὑμῶν
856 1842 1018 1923 πρότερον
1041 1847 1162 1904 τοῦτον

150 1942 253 2028 ἡγεῖτ’
280 1941 366 2011 εἶναι
389 1945 433 2030 μή
455 1946 620 2029 πονηρόν,
648 1947 684 2010 ἐκ
706 1969 743 2029 γε
766 1957 833 2010 τῶν
855 1947 937 2030 πρὸς
960 1940 1015 2028 ἐμὲ
1038 1966 1161 2029 πεπρα·

151 2051 282 2137 γμένιον
306 2052 511 2135 γνώσεσθαι,
540 2052 590 2116 ὅτι
613 2049 750 2117 καὶτὸν
777 2051 880 2117 άλλον
907 2054 1031 2135 χρόνον
1059 2049 1216 2116 ἐλάν-Βεσ

151 2162 258 2223 θανεν
291 2157 393 2223 αὐτὸν
425 2158 577 2233 κάκιστος
609 2157 657 2222 ὢν
686 2156 742 2222 καὶ
769 2156 969 2234 ἀδικώτατος
997 2155 1162 2222 ἁπάντων.

151 2261 313 2340 άποδειξιο
341 2264 405 2350 γάρ
432 2262 534 2328 αὐτὸν
562 2262 603 2328 ού
630 2265 735 2348 μόνον
762 2263 823 2347 τήν
850 2259 959 2347 προῖκ’
991 2262 1032 2327 ού
1060 2262 1163 2328 δεδω-

151 2371 242 2451 κότα,
265 2363 304 2451 ἧς
327 2385 410 2454 φησι
433 2378 497 2434 νῦν
516 2369 776 2453 ἀποτετιμῆσθαι
793 2371 830 2434 τὸ
849 2372 982 2453 χοιρίον,
1005 2367 1163 2434 ἀλλὰκαὶ

153 2476 186 2556 ἐξ
209 2475 310 2559 ἀρχῆς
332 2487 402 2553 τοῖς
425 2475 515 2560 ἐμοῖς
538 2475 829 2559 ἐπιβουλεύσαντα,
852 2473 908 2540 καὶ
929 2475 1012 2560 πρὸς
1032 2475 1163 2553 τούτοις

150 2583 213 2665 τήν
236 2577 297 2666 μέν
319 2575 450 2664 γυναῖκ’
476 2582 539 2647 οὐκ
562 2581 834 2662 ἀπολελοιπυῖαν,
857 2576 941 2665 ύιιέρ
964 2575 1003 2664 ής
1026 2579 1165 2664 ἐξήγαγέ

124 2685 185 2773 ιμ’
213 2685 249 2752 ἐκ
270 2687 391 2770 ταύτης
413 2695 470 2770 της
493 2695 564 2770 γῆς,
587 2687 829 2771 προϊστάμενον
853 2682 883 2750 δ’
910 2683 960 2750 ἐπ’
983 2685 1163 2770 ἀποστερή-

152 2810 203 2858 σει
230 2803 297 2858 τῶν
325 2792 413 2877 ἐμῶν
436 2787 582 2876 Ἀφόβου
608 2790 663 2856 καὶ
689 2792 829 2868 τούτους
854 2790 1061 2876 ὑπομένοντα
1083 2795 1162 2869 τοὺς

152 2898 292 2982 ἀγῶνας,
317 2898 404 2965 οὕτω
429 2900 584 2983 μεγάλοις
606 2899 792 2982 τεκμηρίοις
814 2895 870 2961 καὶ
892 2909 1051 2981 φανεροῖς
1073 2896 1162 2981 ἐλέγ-

151 3028 232 3090 χοις,
256 3001 342 3070 ὥσθ’
364 2995 450 3088 ὑμᾶς
472 3003 617 3080 ἅπαντας
640 3009 791 3068 εῖσεσθαι
812 3013 936 3086 σαφῶς,
960 3002 1010 3067 ὅτι
1028 3005 1163 3081 δικαίως

151 3109 207 3178 καὶ
234 3113 468 3195 προσηκόντως
496 3104 593 3186 οὗτος
620 3109 737 3193 φεύγει
764 3109 888 3193 ταύτην
915 3105 970 3173 ὑπ’
998 3107 1078 3193 ἐμοῦ
1100 3111 1162 3194 τήν

154 3217 259 3300 δίκην.
300 3215 382 3281 ὅθεν
406 3211 443 3280 δέ
467 3215 571 3302 ῥᾷστα
594 3218 789 3299 μαθήσεσθε
810 3212 886 3299 περὶ
909 3213 1029 3297 αὐτῶν,
1053 3214 1162 3280 ἐντεῦ-

152 3328 216 3387 θεν
238 3323 324 3406 ὑμᾶς
346 3320 401 3388 καὶ
424 3322 488 3404 ἐγὼ
510 3332 643 3405 πρῶτον
665 3321 862 3406 πειράσομαι
886 3319 1064 3386 διδάσκειν.

127 3443 140 3482 ⁶
240 3423 322 3509 Ἐγὼ
349 3429 413 3510 γάρ
441 3423 467 3492 ὦ
494 3429 614 3514 άνδρες
641 3424 792 3493 δικασταὶ
819 3427 962 3503 πολλούς
986 3423 1015 3490 τ’
1041 3428 1163 3504 άλλους

151 3524 338 3613 Ἀθηναίων
367 3530 422 3597 καὶ
449 3541 569 3600 τοῦτον
598 3535 659 3600 οὐκ
687 3532 875 3600 ἐλάνθανον
902 3543 1008 3609 κακῶς
1035 3533 1162 3617 ἐπιτρο-
