2590 3900
403 187 488 240 Κατ’
507 187 824 242 εετετοεεεεοαοτ
841 189 873 242 ε.
1078 183 1143 249 293

93 365 121 406 εο
135 347 435 431 παρακρούσασθαι
461 345 516 413 καί
542 350 717 431 φενακίσαι
742 349 853 432 [ὑμᾶς]
877 342 968 414 ταῦτ’
994 345 1068 432 ἐρεῖ
1116 347 1148 411 εἰ

134 457 252 517 τοίνυν
283 453 347 536 ἄρα
379 449 434 517 καὶ
465 455 616 530 τοιοῦτός
642 456 692 530 τίς
719 453 808 519 ἐστιν
835 455 1014 538 άνθρωπος
1042 451 1079 517 ἐν
1105 460 1145 536 τῇ

135 559 240 641 πόλει,
264 549 335 634 οἷος
353 556 389 623 ἐκ
407 560 530 635 παντὸς
547 560 673 644 τρόπου
690 559 749 624 τὸν
768 559 948 643 κρινοῦντά
966 579 1058 633 τινας
1077 554 1145 638 [καὶ

134 664 444 746 συκοφαντήσοντα]
466 667 582 748 ζητεῖν,
601 665 633 729 εἰ
650 659 687 729 δδ
706 664 841 740 δικαίως
858 662 879 748 ή
898 662 1019 740 άδίκως
1032 657 1137 747 μηδὲν
1148 672 1197 724 ‘182

135 772 338 854 φροντίζειν,
371 767 483 835 οὐδέν’
514 768 556 835 ἂν
588 765 688 852 ήττον
715 769 809 854 εὕροι
836 773 998 856 χρήσιμον
1026 765 1094 834 ὅντ’
1125 766 1146 852 ἢ

134 883 255 941 τοῦτον
286 873 400 964 ἑαυτῷ.
447 877 502 941 διά
528 879 574 955 τί;
608 875 659 940 ότι
690 877 749 941 τὸν
781 877 1050 961 κατηγορήσοντα
1079 884 1146 938 τῶν

135 973 246 1046 ἄλλων
266 979 321 1047 καὶ
339 982 464 1058 πάντας
481 979 649 1066 κρινοῦντ’
672 981 775 1048 αὐτὸν
793 981 1025 1064 ἀνεξέλεγκτον
1042 980 1147 1063 ὑπάρ-

134 1109 206 1171 χειν
230 1089 291 1169 δεῖ,
314 1087 370 1152 ἵνα
394 1087 438 1171 μή
462 1088 517 1152 διὰ
539 1087 602 1170 τήν
623 1088 745 1153 τούτου
767 1090 932 1173 πονηρίαν
953 1086 1146 1170 ἀποφεύγω-

135 1208 190 1258 σιν
218 1190 346 1257 ἐκείνοι.
392 1192 514 1258 τούτου
542 1186 573 1256 δ’
600 1192 677 1258 οὔτε
701 1194 866 1257 πλειόνων
889 1193 965 1259 οὔτε
988 1194 1147 1277 μειζόνων

136 1295 377 1382 ἁμαρτημάτων
405 1294 516 1374 οὐδεὶς
542 1299 669 1381 μᾶλλόν
692 1296 761 1363 ἐστι
783 1299 901 1382 μεστὸς
923 1297 960 1363 ἐν
973 1307 1022 1383 ,τῇ
1044 1299 1145 1364 πόλει.

94 1425 122 1465 ιο
135 1405 171 1467 τί
199 1397 262 1468 οὖν
294 1397 391 1480 οὗτός
418 1403 502 1482 ἐστι;
535 1403 626 1468 κύων
655 1404 698 1487 νή
728 1407 811 1488 Δία,
843 1407 929 1487 φασί
952 1426 1055 1486 τινες,
1085 1410 1147 1468 τοῦ

138 1510 254 1594 δήμου.
300 1511 463 1587 ποδαπός;
494 1500 565 1586 οἷος
587 1507 646 1586 οὓς
669 1505 729 1593 μὲν
751 1511 894 1575 αἰτιᾶται
916 1509 1039 1586 λύκους
1060 1503 1147 1574 εἰναι

136 1615 181 1700 μή
206 1615 352 1697 δάκνειν,
376 1613 397 1680 ἃ
421 1613 460 1679 δέ
481 1630 565 1699 φησι
583 1615 763 1697 φυλάττειν
780 1608 917 1700 πρόβατ’
938 1614 1039 1691 αὐτὸς
1055 1636 1148 1680 κατε-

137 1722 257 1786 σθίειν.
306 1723 381 1786 τίνα
412 1720 476 1803 γάρ
509 1729 576 1784 τῶν
609 1719 759 1805 ῥητόρων
793 1714 890 1796 οὗτος
921 1722 1093 1802 εἴργασταί
1115 1742 1148 1786 τι

136 1829 240 1892 κακὸν
262 1835 439 1908 τοσοῦτον,
465 1824 582 1909 ἡλίκον
604 1828 682 1902 τοὺς
706 1825 855 1908 ἰδιώτας,
877 1823 952 1910 περὶ
975 1819 1024 1890 ών
1045 1828 1148 1909 ψηφί-

137 1949 244 2017 σματα
266 1933 396 2017 γράψας
420 1929 518 2010 ἑάλως
547 1934 622 1996 τίνα
646 1927 692 2015 δ’,
719 1931 752 2012 ἐξ
776 1925 818 1996 οὗ
840 1937 904 1996 νῦν
926 1931 1027 1997 πάλιν
1049 1928 1147 2014 λέγει,

136 2039 286 2123 κέκρικεν
309 2038 447 2124 ῥήτορας
476 2036 607 2103 οὐδένα.
654 2035 725 2102 ἀλλ’
752 2037 885 2114 ἰδιώτας
906 2036 1064 2118 πολλούς,
1088 2035 1148 2114 οὓς

137 2155 358 2227 συκοφαντῶν
386 2142 598 2228 περιέρχεται.
640 2142 722 2208 ἀλλὰ
749 2143 816 2227 μήν
841 2145 920 2219 τοὺς
946 2139 1148 2226 γευομένους

137 2252 241 2327 κύνας
263 2260 330 2315 τῶν
350 2250 527 2334 προβάτων
544 2250 761 2315 κατακόπτειν
780 2244 862 2331 φασί
881 2249 963 2330 δεῖν,
987 2245 1064 2313 ὥστ’
1086 2247 1148 2314 ούκ

97 2378 123 2418 α
139 2355 181 2422 ἂν
202 2355 330 2440 φθάνοι
347 2355 639 2437 κατακοπτόμενος.
677 2349 777 2418 οὐδὲν
796 2347 821 2418 ώ
840 2353 960 2436 ἄνδρες
975 2349 1147 2436 Ἀθηναῖοι

137 2463 297 2548 χρήσιμός
320 2459 409 2525 ἐστιν
432 2454 481 2526 ὧν
504 2462 619 2544 φησίν,
643 2455 714 2523 ἀλλ’
742 2452 840 2536 οὗτος
861 2453 984 2544 πρᾶγμ’
1011 2457 1148 2542 ἑόρακεν

138 2569 260 2655 μιαρὸν
288 2564 344 2633 καί
372 2564 513 2644 ἀναιδές.
559 2566 818 2651 λοιδορούμενος
844 2566 908 2650 γάρ
936 2564 973 2630 ἐν
999 2575 1071 2642 ταῖς
1098 2563 1148 2630 ἐκ·

138 2677 289 2759 κλησίαις
314 2670 369 2738 καί
397 2683 567 2757 προπετῶς
591 2671 693 2736 άπασι
714 2671 949 2756 προσκρούων,
976 2665 1025 2736 ών
1047 2668 1089 2736 δυ
1112 2671 1149 2737 ἐκ

138 2782 267 2846 τούτων
303 2778 451 2864 ἁθρόους
485 2778 611 2855 πάντας
645 2777 730 2863 ὑμᾶς
766 2777 836 2844 ἐκεῖ
867 2777 1147 2862 παρακρούσηται,

138 2887 267 2952 τούτων
298 2885 441 2967 καταβάς
467 2880 545 2948 καθ’
577 2879 624 2948 ἕν’
655 2883 750 2967 ὑμῶν
776 2879 852 2968 παρ’
884 2880 1024 2948 ἑκάστου
1051 2883 1149 2966 δίκην

139 2992 316 3077 λαμβάνει,
344 3000 578 3075 συκοφαντῶν,
606 2992 723 3073 αἰτῶν,
749 2988 952 3073 εἰσπράττων
975 2987 1148 3073 ἀργύριον,

140 3097 214 3183 ούχί
238 3098 283 3182 μὰ
300 3101 369 3162 Δία
390 3099 469 3172 τοὺς
492 3094 648 3176 λέγοντας
672 3089 779 3181 (οὗτοι
798 3091 859 3179 μὲν
877 3095 941 3178 γάρ
959 3093 1148 3161 ἐπίστανται

140 3205 245 3292 τούτῳ
279 3199 580 3288 διαβαπτίζεσθαι),
613 3201 696 3267 άλλὰ
723 3203 802 3278 τοὺς
830 3199 963 3276 ἰδιώτας
989 3197 1044 3266 καί
1071 3203 1149 3277 τοὺς

101 3329 126 3369 ⁴2
141 3309 310 3396 ἀπείρους
330 3313 421 3373 ἰσασι
440 3301 471 3371 δ’
488 3307 524 3371 οί
538 3305 768 3390 πεπληγμένοι.
802 3305 885 3371 ἀλλὰ
902 3306 945 3388 νή
961 3308 1029 3370 Δία
1046 3314 1149 3370 ταῦτα

141 3412 202 3500 μὲν
224 3414 330 3492 οὕτως
351 3417 439 3498 ἔχειν
462 3412 695 3498 ὁμολογήσετε,
722 3413 884 3496 χρήσιμον
908 3408 939 3476 δ’
966 3412 1148 3494 ἄνθρωπον

141 3531 180 3607 τῇ
207 3524 301 3588 πόλει
325 3524 468 3605 κρίνειν,
496 3520 579 3584 ὥστε
601 3518 708 3583 πάντα
730 3526 832 3583 ταῦτα
854 3518 1054 3598 παριδόντας
1077 3516 1148 3578 δεῖν
