2938 4180
204 197 207 202 <
251 149 317 214 192
551 151 651 204 xxm.
675 147 955 202 οεωοεοεαοντ

251 311 380 396 δημον“
402 308 644 396 γεγραμμένου,
666 307 736 394 τάχ’
764 305 806 373 δν
829 311 860 374 εί
880 308 975 392 τύχοι
996 303 1053 374 καλ
1075 309 1208 373 τοιοῦτό
1232 329 1268 372 τι

250 420 405 501 συμβαίη.

199 541 237 582 1⁴⁴
340 524 510 606 Βούλομαι
532 524 649 588 τοίνυν
671 521 736 605 ἥδη
758 519 815 586 καὶ
834 521 874 586 τά
893 513 1094 606 πεπραγμέν’
1116 517 1268 599 ἐξετάσαι

250 636 296 717 τῷ
317 629 498 718 Χαριδήμῳ
522 627 577 694 διὰ
600 626 761 712 βραχέων,
784 624 839 691 καὶ
863 626 967 704 δείξαι
989 627 1052 710 τὴν
1074 625 1266 709 ὑπερβολὴν

250 743 308 817 της
340 734 509 810 ἀναιδείας
539 745 607 801 τῶν
639 733 867 800 ἐπαινούντων
895 731 1006 798 αύτόν.
1056 731 1094 798 δν
1122 727 1152 796 δ’
1183 729 1267 814 ύμῖν

252 836 350 906 ἐκεῖν’
372 839 606 925 ὑπισχνοῦμαι,
630 843 689 905 καί
703 861 769 924 μου
787 835 870 923 μηδέ
888 829 935 915 είς
954 838 1107 923 ἀχθεσθῇ
1125 845 1164 922 τη
1183 837 1266 901 ὑπο-

252 944 374 1030 σχέσει·
397 946 438 1011 ού
456 949 561 1031 μόνον
578 945 659 1030 ύμτν
678 943 828 1023 ἐπιδείξω
847 953 904 1028 τῆς
922 949 1073 1028 φυλακῆς
1091 942 1152 1009 οὐκ
1170 943 1265 1022 ἀξιον

251 1051 294 1134 ἣν
321 1046 463 1137 γέγραφ’
489 1046 601 1134 οὗτος,
630 1051 712 1117 ἀλλὰ
739 1050 794 1116 καὶ
822 1051 920 1135 δίκην
947 1046 1037 1116 δόντ’
1064 1046 1106 1115 ἀν
1130 1050 1267 1124 δικαίως

251 1159 313 1241 τὴν
336 1162 504 1242 μεγίστην,
528 1165 619 1244 ελπερ
643 1158 679 1224 οί
698 1161 834 1224 κακόνοι
856 1155 913 1224 καὶ
932 1159 1163 1239 φενακίζοντες
1180 1154 1267 1239 ὑμᾶς

251 1262 306 1329 καὶ
334 1264 390 1328 διὰ
412 1266 535 1342 παντὸς
557 1263 691 1330 ἐναντία
713 1264 911 1350 πράττοντες
932 1257 1115 1342 κολάζοιντ’
1140 1259 1183 1327 ἀν
1206 1261 1323 1326 δι-οεε

201 1372 362 1446 ιυκαίως.
408 1376 487 1447 ἴσως
511 1370 551 1436 δέ
570 1386 658 1437 τισιν
682 1368 904 1453 λογιζομένοις
926 1367 1032 1453 ὑμῶν,
1058 1368 1110 1433 ὅτι
1132 1377 1266 1452 πρῶτον

252 1471 313 1559 μὲν
332 1479 469 1557 πολίτης
486 1474 595 1560 γέγον’
618 1477 809 1559 ἅνθρωπος,
833 1470 903 1540 εἶτα
921 1477 1021 1540 πάλιν
1039 1485 1177 1559 χρυσοῖς
1195 1489 1266 1538 στε-

252 1582 373 1666 φάνοις
387 1581 431 1658 ὡς
446 1581 618 1666 εὐεργέτης
632 1582 867 1666 ἐστεφάνωται,
885 1581 1069 1665 θαυμάζειν
1084 1570 1264 1663 ἐπεληλυθ’

253 1688 284 1751 εί
304 1687 345 1752 τά
367 1691 545 1770 τηλικαῦτα
568 1688 673 1765 οὕτως
696 1687 902 1771 ἐξηπάτησθε
923 1686 1055 1773 ῥᾳδίως.
1092 1679 1130 1750 εὖ
1148 1687 1265 1750 τοίνυν

253 1789 315 1858 ἐστ’
339 1788 364 1857 ὦ
384 1792 504 1876 ἀνδρες
518 1789 703 1876 Ἀθηναῖοι,
727 1793 778 1858 ὅτι
797 1791 1014 1876 ἐξηπάτησθε.
1050 1789 1105 1856 καλ
1124 1788 1169 1857 δι’
1191 1791 1211 1854 ἀ
1229 1782 1262 1874 γ’

253 1901 386 1974 εἰκότως
408 1906 506 1963 τοῦτο
530 1900 729 1980 πεπόνθατε,
754 1898 817 1981 ἐγὼ
840 1899 924 1982 πρὸς
945 1895 1030 1981 ὑμᾶς
1050 1898 1177 1981 φράσω.
1214 1897 1265 1962 ὅτι

252 1999 279 2070 ὦ
307 2005 426 2087 ἀνδρες
448 2000 622 2087 Ἀθηναῖοι
644 2006 751 2069 πολλὰ
773 2004 1014 2088 γιγνώσκοντες
1037 2004 1149 2088 ὀρθῶς
1171 2002 1265 2086 ὑμεῖς

201 2130 239 2170 ue
252 2109 294 2174 οὐ
322 2110 378 2175 διὰ
404 2109 519 2186 τέλους
547 2109 660 2187 αὐτοῖς
687 2117 822 2194 χρῆσθε.
869 2101 943 2176 οἷον
969 2110 1005 2174 τί
1029 2108 1128 2192 λέγω;
1161 2114 1194 2174 εί
1215 2132 1265 2185 τις

252 2215 338 2300 ὑμᾶς
360 2218 479 2299 ἐροιτο,
503 2219 538 2279 τί
556 2218 784 2300 πονηρότατον
807 2219 954 2300 νομίζετε
972 2227 1040 2281 τῶν
1058 2214 1096 2282 ἐν
1113 2223 1153 2299 τῇ
1171 2217 1265 2279 πόλει

251 2322 386 2387 πάντων
414 2321 541 2405 ἐθνῶν,
569 2322 645 2387 ούτε
673 2325 753 2399 τοὺς
776 2325 945 2408 γεωργοὺς
967 2321 1044 2388 ούτε
1066 2323 1145 2396 τοὺς
1167 2319 1264 2405 ἐμπό-

253 2452 334 2514 ρους
357 2428 434 2494 ούτε
457 2431 535 2506 τοὺς
558 2427 594 2494 ἐκ
615 2439 683 2493 τῶν
706 2428 893 2515 ἀργυρείων
916 2428 993 2494 ούτε
1015 2439 1083 2492 τῶν
1102 2427 1264 2492 τοιούτων

252 2530 354 2600 οὐδὲν
381 2533 423 2600 ἀν
448 2540 585 2618 εἴποιτε,
614 2531 685 2600 ἀλλ’
712 2537 744 2600 εί
764 2538 844 2612 τοὺς
866 2533 919 2600 ἐπὶ
942 2540 1054 2622 μισθῷ
1078 2529 1187 2616 λέγειν
1210 2530 1264 2597 καὶ

251 2642 394 2726 γράφειν
414 2642 576 2717 εἰωθότας
595 2647 682 2707 είποι
699 2665 759 2724 τις,
783 2637 822 2707 εὖ
841 2636 906 2706 οἶδ’
929 2641 980 2706 ὅτι
998 2635 1198 2724 συμφήσαιτ’
1222 2637 1262 2703 ἀν

251 2747 400 2824 ἅπαντες.
437 2745 532 2830 μέχρι
555 2741 616 2830 μέν
639 2747 681 2832 δὴ
702 2748 824 2813 τούτου
842 2752 950 2824 καλῶς
968 2739 1139 2832 ἐγνώκατ’,
1162 2741 1259 2809 ἔπειτ’

200 2874 237 2913 ιιτ
252 2850 357 2919 οὐκέτ’
377 2853 488 2938 ὀρθῶς
505 2853 544 2919 τὸ
562 2855 689 2918 λοιπόν.
721 2851 781 2929 οὓς
799 2854 862 2937 γὰρ
882 2848 925 2918 αύ
942 2851 1190 2937 πονηροτάτους
1208 2874 1263 2916 νο-

251 2962 356 3043 μίζετε
382 2959 532 3043 πάντων,
562 2961 692 3037 τούτοις
719 2958 796 3041 περὶ
822 2969 883 3025 τοῦ
911 2961 1008 3025 ποῖόν
1035 2955 1099 3024 τιν’
1125 2957 1262 3023 ἕκαστον

250 3066 312 3149 χρὴ
340 3069 486 3149 νομίζειν
513 3067 760 3131 πεπιστεύκατε·
790 3066 826 3130 of
851 3060 882 3130 δ’
907 3063 948 3131 ὃν
971 3063 1013 3130 ἀν
1036 3063 1149 3140 αύτούς
1172 3069 1262 3129 λυσι-

250 3176 338 3256 τελῇ,
361 3169 416 3238 καὶ
434 3174 583 3258 πονηρὸν
602 3171 657 3238 καὶ
675 3173 820 3258 χρηστὸν
838 3167 1058 3255 εἶναίφασιν,
1082 3170 1143 3255 οὐχ
1162 3169 1202 3234 ὃν
1221 3167 1262 3235 ἂν

250 3267 272 3363 ᾖ
291 3277 421 3343 δίκαιον
439 3275 495 3342 καὶ
513 3277 645 3360 ἀληθές.
681 3277 761 3363 ὅπερ
780 3280 977 3360 πεποιήκασι
995 3278 1054 3343 τὸν
1069 3277 1263 3362 Χαρίδημον

251 3391 371 3449 τοῦτον
391 3383 427 3449 οί
443 3383 580 3468 ῥήτορες
596 3383 703 3448 πάντα
721 3385 781 3448 τὸν
799 3386 932 3469 χρόνον,
952 3383 997 3459 ὡς
1010 3379 1065 3446 καὶ
1078 3380 1173 3466 ὑμεῖς
1187 3382 1262 3466 ὁμο·

254 3486 415 3571 λογήσεέ,
445 3488 579 3554 ἐπειδάν
602 3488 766 3574 ἀκούσητέ
786 3513 852 3574 μου
874 3490 914 3554 τδ
936 3483 1138 3573 πεπραγμέν’
1164 3488 1261 3566 αύτῷ.
