2612 3918
480 169 586 218 ’ΚΑΤΑ
604 166 767 222 ΜΕΙΔΙΟΤ.
1050 185 1053 190 ·
1088 165 1132 228 55

118 330 191 394 δταν
214 329 231 394 δ
253 331 415 414 κατήγορος
437 329 493 410 τήν
513 329 606 392 αὑτοῦ
626 328 826 410 δικαιολογίαν
844 328 896 390 καλ
912 328 967 408 τὴν
985 339 1038 391 τοῦ
1058 329 1134 408 φεύ·

117 451 223 509 γοντος
246 428 288 502 είς
306 429 344 490 λυ
368 427 497 514 συνάγη·
521 414 598 488 ἔνθα
618 425 675 507 γάρ
695 424 732 488 οὕ
750 425 782 488 τδ
801 422 855 505 μλν
873 424 1006 508 ἐκβάλλει
1023 448 1078 505 τις,
1100 424 1132 488 τδ

118 521 151 586 δὲ
175 522 295 606 δέχεται,
318 519 380 602 ἀλλ’
401 523 552 605 ἀμφότερα
571 528 727 604 συγκροτεῖ
740 521 791 584 καλ
809 522 1016 603 συλλαμβάνει,
1038 523 1133 609 τούτῳ

118 621 272 703 ὑπάγομεν
298 627 339 707 τῷ
368 621 447 682 εἴδει.
493 620 629 699 φαίνεται
652 619 756 682 τοίνυν
779 618 812 682 ἐν
835 624 953 694 πολλοῖς
977 619 1092 702 μέρεσιν
1116 616 1132 681 δ

118 716 319 798 Δημοσθένης
341 727 428 780 τοῦτο
451 725 556 796 ποιῶν,
578 716 629 779 καλ
651 718 775 795 φάσκων
797 716 859 796 άμα
881 723 920 802 τῷ
944 715 1134 796 Δημοσθένει

118 813 170 876 καλ
192 813 247 894 τὴν
269 815 356 877 πόλιν
378 813 560 896 ὑβρίζεσθαι.
600 814 746 893 κεφάλαια
767 810 799 875 δλ
817 812 853 874 τδι
872 823 907 900 τῇ
925 814 1023 875 στάσει
1040 829 1133 895 προσ-

118 911 239 990 ήκοντα.
288 909 323 973 τά
359 907 391 972 δὲ
422 911 563 992 προοίμια
593 910 792 992 καταφορικά,
828 909 996 993 ὑπερβολὴν
1030 908 1133 993 ἔχοντα

119 1007 232 1088 πολλὴν
255 1007 306 1070 καλ
328 1016 388 1070 τῶν
410 1016 620 1090 περιστατικων
638 1005 777 1088 αὔξησιν·
799 1005 832 1068 τδ
849 1007 906 1090 γάρ
924 1006 1019 1088 ,πρὸς
1037 1007 1133 1069 ὕπαν-

118 1102 192 1178 τας“
215 1103 266 1166 καὶ
288 1103 325 1166 οὐ
348 1104 423 1186 πρὸς
443 1101 493 1184 ἕμλ
512 1103 616 1184 μόνον,
638 1103 689 1166 καλ
705 1103 738 1166 τδ
757 1101 849 1185 „W
867 1103 922 1184 τὴν
941 1103 1062 1185 μελέτην
1080 1113 1133 1186 τῆς

119 1199 244 1274 ἀτοπίας
270 1200 321 1263 καλ
347 1200 385 1263 οὕ
411 1199 485 1284 πρὸς
513 1199 591 1275 άπαξ
615 1198 648 1263 ἐκ
671 1202 761 1282 τύχης
782 1199 969 1284 ἡμαρτηκότα
992 1203 1133 1264 δείκνυσι.

93 1313 106 1352 ο
210 1296 379 1374 [Κεφάλαια
402 1293 433 1359 δὲ
455 1305 508 1358 τοῦ
531 1295 604 1378 ὕρου
626 1295 683 1359 εῖσλ
703 1308 805 1378 ταῦτα,
829 1298 909 1381 ὕρος,
932 1296 1192 1382 &wamma

119 1394 223 1476 γνώμη
242 1392 420 1473 νομοθέτου,
443 1392 646 1475 συλλογισμὸς,
668 1395 838 1476 πηλικότης,
860 1394 934 1477 πρός
952 1419 990 1476 τι,
1012 1395 1063 1458 καλ
1080 1396 1134 1476 μία

119 1499 178 1552 τῶν
210 1488 420 1569 άντυθετικῶν,
452 1484 522 1570 μεθ’
551 1487 591 1568 ἣν
623 1489 758 1570 ἐμπίπτει
783 1491 816 1554 τδ
845 1492 1057 1573 μεταληπτικὸν
1083 1491 1134 1556 καλ

120 1585 337 1666 άντιλνμττικόν.
373 1585 507 1647 ἐνταῦθα
529 1584 579 1647 διά
600 1587 749 1669 τεσσάρων
772 1587 850 1671 ὅρων
874 1587 890 1651 δ
913 1589 1009 1670 ῥήτωρ
1030 1588 1134 1670 ἐμπλέ-

118 1705 165 1745 κει
181 1681 237 1762 την
255 1682 445 1765 κατηγορίαν,
463 1682 609 1747 δεικνύων
628 1683 673 1746 ὕτι
692 1685 819 1770 δημοσία
836 1686 968 1760 Μειδίας
983 1683 1133 1767 ἠδίκησεν.

119 1779 181 1842 ἔστι
207 1777 239 1842 δὲ
267 1777 283 1841 δ
311 1788 426 1861 πρῶτος
454 1778 523 1861 ὅρος
550 1773 652 1860 οὗτος,
679 1781 724 1843 ὅτι
746 1781 779 1843 ολ
797 1780 830 1843 ἐν
853 1779 938 1866 ἑορτῇ
960 1779 1133 1856 ἀδικοῦντες

121 1876 265 1957 δημόσιον
292 1875 423 1956 άδίκημα
445 1886 573 1940 ποιοῦσι.
618 1877 752 1959 δεύτερος
776 1877 860 1958 ὕρος,
887 1876 938 1939 καλ
960 1878 1082 1958 μάλιστα
1104 1878 1137 1942 οἱ

81 1989 107 2029 1⁰
120 1973 248 2055 χορηγὸν
271 1969 451 2047 ἀδικοῦντες.
487 1974 584 2055 τρίτος
607 1971 687 2054 ὅρος,
710 1973 755 2035 δτι
777 1985 858 2036 πάσα
880 1975 967 2056 ὕβρις
990 1974 1134 2054 δημόσιόν

119 2070 199 2133 ἐστιν
222 2068 361 2151 ἀδίκημα.
397 2070 617 2152 παραλογίζεται
640 2067 672 2132 δὲ
693 2064 818 2133 ἐνταῦθ’
838 2070 871 2133 ἐκ
889 2079 943 2151 τῆς
961 2067 1134 2152 ὁμωνυμίας

120 2159 173 2248 τῆς
196 2167 324 2249 ὕβρεως·
346 2164 456 2249 λέγεται
476 2165 533 2248 γάρ
551 2167 638 2247 ὕβρις
656 2162 675 2244 ἡ
695 2162 736 2229 δι’
756 2168 962 2250 αἰσχρουργίας
978 2167 1136 2250 γινομένη

120 2264 232 2348 λέγεται
253 2264 341 2345 ὕβρις
363 2262 414 2326 καλ
435 2260 455 2343 ἡ
480 2262 529 2324 διὰ
552 2262 660 2344 λόγων·
687 2261 798 2344 λέγεται
819 2265 909 2326 πάλιν
932 2264 1019 2346 ὕβρις
1041 2263 1092 2327 καλ
1112 2260 1134 2345 ἡ

120 2362 172 2425 διά
198 2368 327 2444 πληγῶν.
374 2360 518 2442 δημόσιον
541 2356 573 2420 δὲ
596 2356 727 2439 άδίκημα
749 2355 879 2441 ἡγοῦντο
901 2359 957 2440 την
980 2361 1135 2444 αίσγρουρ-

119 2460 203 2543 γίαν·
224 2469 261 2545 τη
284 2451 341 2522 οδν
365 2455 520 2542 ὁμωνυμίᾳ
542 2455 760 2537 παρελογίσατο.
795 2453 928 2540 τέταρτος
951 2456 1032 2539 δρος,
1054 2453 1134 2520 ὕτιδ

120 2556 234 2630 πάντας
257 2553 303 2618 άελ
325 2555 455 2637 δβρίζων
479 2552 607 2637 δημοσίᾳ
629 2551 739 2613 άδικεῖ·
762 2551 790 2614 εί
810 2551 866 2635 γάρ
889 2551 922 2616 τδ
941 2552 1085 2634 δημόσιον
1102 2552 1136 2616 ἐκ

83 2667 107 2704 11
121 2654 242 2714 πάντων
260 2653 442 2731 συνίσταται,
459 2648 518 2733 άρα
537 2650 681 2731 δημόσιον
698 2647 854 2730 τάδίκημα.
885 2651 988 2731 τίθησι
1002 2650 1034 2714 δὲ
1048 2669 1136 2734 σπερ-

121 2758 248 2831 ματικῶς
271 2749 304 2813 ἐν
327 2755 367 2836 τῷ
390 2748 536 2836 προοιμίῳ
557 2749 627 2822 τοὺς
649 2745 785 2826 τέτταρας
809 2744 907 2828 δρους.
943 2745 994 2810 καλ
1015 2746 1049 2810 ἐκ
1066 2750 1136 2814 τοά·

120 2871 180 2910 των
203 2846 277 2909 ελσλν
300 2846 333 2910 ἐν
351 2851 412 2920 τοῖς
430 2843 523 2928 άηῶσι
540 2851 626 2927 τρεῖς,
647 2843 700 2906 τὸν
719 2841 751 2906 δλ
770 2841 906 2925 τέταρτον
924 2842 996 2926 ὕρου
1013 2845 1136 2924 τίθησιν

120 2942 154 3007 ἐν
176 2954 212 3030 τῇ
233 2943 422 3025 παρεκβάσει,
444 2941 495 3004 καλ
513 2942 646 3015 δικαίως·
669 2938 761 3023 λέγων
779 2939 835 3022 γὰρ
854 2940 900 3002 ὕτι
916 2941 1031 3016 πάντας
1049 2940 1136 3024 ὕβρί-

121 3043 180 3114 ζων
203 3040 331 3125 δημοσίᾳ
353 3038 457 3118 ἀδικεῖ,
479 3037 680 3122 παρεξέρχεται
701 3036 792 3120 λέγων
810 3037 862 3099 τὸν
879 3037 1023 3120 πρότερον
1042 3038 1135 3102 αὐτοῦ

119 3139 198 3219 βίον.
234 3135 292 3219 ἔχει
314 3134 346 3199 δὲ
369 3133 386 3198 δ
409 3135 495 3219 λόγος
517 3129 604 3209 οὕτος
624 3136 679 3198 δύο
696 3133 846 3216 προοίμια.
883 3135 934 3197 καλ
952 3135 1085 3216 ελλητται
1102 3135 1135 3198 τὸ

120 3241 237 3314 πρῶτον
260 3232 417 3314 προοίμιον
439 3231 473 3294 ἐκ
496 3231 637 3314 διαβολῆς
659 3242 712 3294 τοῦ
734 3230 884 3312 ἐναντίου,
905 3231 956 3294 καλ
978 3231 1012 3294 ἐκ
1029 3232 1136 3294 συστά-

120 3347 194 3402 σεως
221 3339 274 3392 τοῦ
302 3329 413 3391 οἰκείου
439 3329 616 3409 προσώπου,
643 3327 694 3390 καὶ
721 3327 754 3389 ἐκ
777 3335 946 3410 προσοχῆς.
979 3326 1039 3390 ἔστι
1061 3324 1135 3409 δίη

118 3424 259 3507 πρότασις
287 3426 422 3508 διμερής,
448 3423 499 3486 καλ
524 3426 557 3489 τδ
585 3423 639 3506 μὲν
667 3435 784 3508 πρῶτον
811 3424 899 3508 μέρος
924 3423 1003 3487 ἐστίν
1026 3423 1135 3488 ἀκατά-

118 3541 242 3602 σκευον,
269 3521 302 3584 τὸ
326 3519 359 3584 δὲ
382 3523 518 3603 δεύτερον
540 3523 591 3585 καλ
612 3521 684 3584 αὐτὸ
709 3520 833 3605 διμερίς,
855 3521 905 3584 καλ
927 3521 1136 3594 κατασκευάζει
