2590 3900
443 188 547 239 RATA
564 187 832 244 τιαοαεευοεε.
1082 185 1147 250 245

138 345 291 411 οὐσίαν.“
335 345 373 412 έν
398 347 439 429 δή
462 348 508 434 τῷ
531 349 707 434 τελευταίῳ
729 349 835 434 τούτῳ
859 350 1025 423 παντελῶς
1048 347 1147 423 αὐτὸς

137 450 244 517 αὑτοῦ
266 454 463 536 κατήγορος,
490 451 534 529 ὡς
557 452 677 535 ἀδικεῖ,
701 455 847 536 γεγονὼς
870 454 1061 537 φανήσεται.
1105 451 1148 519 οὐ

137 558 206 640 γάρ
232 557 316 634 ὅλως
342 559 380 622 τὸ
409 557 567 624 δεδέσθαι
593 559 669 624 τινὰ
695 569 763 622 τῶν
789 563 934 623 πολιτῶν
961 560 1098 643 αἰσχρὸν
1125 555 1146 640 ή

139 664 253 729 δεινὸν
280 666 419 746 νομίσας
441 663 557 737 ἀπεῖπε
580 666 624 748 μή
648 666 734 746 δελν,
763 664 846 729 ἀλλὰ
867 665 927 730 τὸν
949 665 1080 747 καιρὸν,
1110 663 1147 729 ἐν

138 760 165 856 ᾧ
189 770 248 833 τὸν
270 764 436 853 ἠδικηκότ’
463 769 543 855 ένήν
565 773 713 853 παρόντα
735 773 865 853 λαβεῖν,
893 769 1049 847 ἐκκλέψας
1071 769 1148 834 τού-

138 897 225 957 νομα
248 870 309 958 μὲν
330 883 388 958 τῆς
409 879 567 961 τιμωρίας
590 879 702 941 ἔλιπεν
719 887 789 952 τοῖς
807 875 1037 960 ἀδικουμένοις
1054 874 1148 959 ὑμίν,

137 981 176 1045 τὸ
205 976 235 1044 δ’
262 981 362 1064 ἔργον
384 979 545 1062 ἀφείλετο.
590 978 646 1046 καὶ
668 977 745 1065 παρ’
772 980 921 1046 ἀκόντων
945 975 1040 1046 ἔδωκ’
1066 981 1146 1063 ἀφε-

139 1100 195 1149 σιν
216 1095 288 1160 τοῖς
307 1086 349 1150 τά
370 1083 499 1170 ὑμέτερ’
527 1085 677 1164 ἀξιοῦσιν
700 1088 787 1168 ἔχειν
809 1087 876 1172 βίᾳ,
900 1083 955 1150 καὶ
977 1087 1082 1170 μόνον
1105 1083 1147 1150 οὐ

138 1188 348 1274 προσέγραψε
372 1192 469 1275 δίκην
492 1190 613 1270 ἐξεῖναι
632 1195 745 1275 λαχεῖν
764 1190 853 1279 αὐτῷ
871 1191 953 1256 κατά
970 1201 1037 1256 τῶν
1056 1190 1148 1256 δικα-

135 1307 229 1362 στῶν
249 1305 317 1360 τῶν
338 1297 633 1381 προστιμησάντων
655 1305 717 1363 τοῦ
740 1297 873 1379 δεσμοῦ.

95 1416 126 1458 ⁸8
218 1398 260 1466 Ὃ
283 1397 332 1484 δὲ,
350 1406 486 1467 πολλῶν
510 1403 617 1468 ὄντων
638 1400 694 1468 καὶ
718 1403 838 1468 δεινῶν
862 1397 910 1467 ὧν
932 1400 969 1467 ἐν
990 1409 1037 1490 τῷ
1055 1403 1148 1487 νόμῳ

139 1505 276 1590 τέθηκε,
293 1501 421 1590 μάλιστ’
438 1508 532 1585 ἄξιόν
550 1503 616 1573 ἐστ’
634 1508 868 1592 ἀγανακτῆσαι,
886 1507 1049 1591 βούλομαι
1066 1508 1149 1592 πρὸς

139 1613 226 1696 ὑμᾶς
248 1615 361 1678 εἰπεῖν.
393 1610 438 1678 δι’
460 1613 542 1679 ὅλου
559 1615 623 1699 γάρ
641 1622 703 1679 τού
719 1615 827 1697 νόμον
844 1621 890 1700 τῷ
908 1613 1149 1696 καταστήσαντι

140 1720 219 1796 τοὺς
236 1717 397 1802 ἐγγυητὰς
415 1719 543 1785 ἅπαντα
561 1717 659 1803 λέγει,
678 1727 724 1806 τῷ
744 1715 781 1785 δὲ
799 1720 843 1802 μή
859 1719 1055 1784 καθιστάντι
1069 1720 1148 1801 μήτε

140 1826 290 1908 βελτίους
310 1827 390 1908 μήτε
408 1828 550 1910 χείρους,
573 1820 649 1909 μηδ’
671 1825 755 1901 ὅλως
772 1823 968 1909 προσέχοντι
986 1824 1045 1888 τδν
1063 1830 1148 1889 νοῦν

139 1928 230 2013 ὑμῖν,
245 1929 404 2013 οὐδεμίαν
418 1930 494 1995 οὐτε
509 1931 606 2014 δίκην
619 1930 697 1996 οὐτε
711 1933 871 2014 τιμωρίαν
884 1928 1149 2014 προσγέγραφεν,

141 2032 212 2100 ἀλλ’
235 2035 350 2099 ἀδειαν
369 2036 526 2117 πεποίηκε
544 2035 719 2118 τοσαύτην,
743 2034 826 2117 ὅσην
845 2025 971 2100 οἷόντε
989 2033 1149 2119 γενέσθαι

139 2143 305 2224 πλείστην.
340 2137 396 2205 καὶ
417 2141 481 2223 γάρ
499 2141 559 2206 τὸν
577 2142 701 2226 χρόνον
719 2138 760 2206 δν
779 2140 926 2226 διώρισε,
948 2142 1009 2224 τήν
1028 2140 1149 2226 ἐνάτην

140 2248 357 2332 πρυτανείαν,
393 2255 439 2332 τςδ
475 2249 715 2330 καταστήσαντι
750 2245 836 2329 λέγει
869 2249 948 2323 τούς
980 2246 1148 2330 ἐγγυητάς.

98 2369 126 2408 8⁹
141 2354 237 2436 γνοίη
266 2346 296 2416 δ’
322 2352 364 2416 ἀν
390 2374 440 2429 τις
466 2351 610 2418 ἐκεῖθεν·
636 2349 845 2438 προσέγραψε
872 2354 1037 2436 δημοσίαν
1063 2348 1149 2418 εἶναι

139 2459 203 2541 τήν
226 2455 344 2522 οὐσίαν
366 2457 427 2539 τήν
446 2468 514 2522 των
533 2458 713 2542 ἐγγυητῶν,
735 2455 778 2522 ἀν
796 2460 840 2542 μή
858 2480 909 2535 τις
926 2457 1066 2544 έκτείση·
1087 2467 1150 2524 τοῦ

141 2561 179 2629 δὲ
207 2564 251 2648 μή
278 2565 542 2646 καταστήσαντος
564 2562 626 2631 οὐκ
647 2565 698 2628 ἀνι
722 2563 893 2646 δήπουθεν
915 2563 1075 2648 ὑπάρχειν
1098 2563 1149 2647 ἐγ-

140 2669 272 2753 γυητάς.
303 2665 446 2745 καὶτοῖς
464 2663 525 2753 μέν
542 2666 729 2754 προέδροις,
749 2671 785 2734 ολ
795 2667 1037 2753 κεκληρωμένοι
1051 2673 1149 2734 καθί-

142 2779 256 2854 ζουσιν
288 2772 321 2852 ἐξ
349 2773 459 2857 ὐμῶν,
491 2772 671 2857 ἐπάναγκες
697 2773 867 2858 ἐποίησεν,
899 2774 979 2840 ὅταν
1006 2780 1148 2861 καθιστῇ

140 2903 205 2962 τις,
238 2877 406 2964 δέχεσθαι·
439 2889 508 2955 τοίς
535 2873 566 2943 δ’
596 2878 749 2945 ἀδικοῦσι
775 2879 837 2963 τήν
863 2882 962 2946 πόλιν
988 2881 1149 2966 οὐδεμίαν

139 2984 371 3070 προσέγραψεν
393 2984 556 3068 ἀνάγκην,
582 2981 653 3050 ἀλλ’
680 2985 789 3070 ὥσπερ
812 2983 997 3070 εὐεργέταις
1020 2987 1150 3071 αἵρεσιν

140 3091 254 3167 αὐτοῖς
277 3091 400 3155 ἔδωκεν
422 3092 454 3154 εί
473 3090 535 3176 χρή
559 3091 678 3155 δοῦναι
702 3091 799 3173 δίκην
821 3090 841 3174 ή
865 3095 918 3176 μή.
1150 3104 1200 3156 τεο

99 3216 126 3256 ω
230 3197 347 3264 Καίτοι
374 3206 443 3272 πῶς
469 3193 512 3260 ἀν
539 3193 818 3280 ἀσυμφορώτερος
844 3196 925 3279 ὑμῖν
950 3197 1071 3263 τούτου
1096 3196 1148 3281 γέ-

139 3325 233 3368 νοιτο
255 3303 370 3385 νόμος,
391 3299 412 3384 ή
435 3302 551 3367 κάκιον
574 3303 672 3386 ἔχωνς
697 3301 734 3377 ὃς
755 3312 888 3381 πρῶτον
908 3297 969 3384 μὲν
987 3302 1149 3387 περὶτῶν

140 3407 177 3474 ἐκ
199 3416 260 3474 τοῦ
281 3409 551 3492 παρεληλυθότος
572 3410 696 3492 χρόνον
719 3406 904 3492 κριθέντων
928 3407 1061 3473 ἐναντία
1079 3419 1147 3484 τοϊς

139 3510 199 3598 ὑφ’
225 3513 319 3597 ὑμῶν
347 3511 567 3597 ἐγνωσμένοις
592 3513 800 3599 προστάττει,
829 3513 985 3599 δεύτερον
1013 3509 1049 3576 δὲ
1072 3510 1146 3591 περὶ
