2644 4182
175 157 217 219 12
497 159 557 214 XX.
579 159 860 212 ΔΗΜΟΣΘΕΝΟΤΣ

172 319 292 394 πάντες
318 316 360 383 ἀν
388 318 641 402 ὁμολογήσειαν·
674 319 763 400 παρά
790 313 1019 403 μὲνγάρτάς
1042 316 1185 384 ἐπὶτῶν

171 435 339 508 χορηγιῶν
367 424 531 505 δαπάνας,
558 421 681 507 ἡμέρας
708 423 807 508 μέρος
832 423 854 508 ἡ
881 424 976 510 χάρις
1001 434 1072 501 τοῖς
1100 431 1185 489 θεω-

172 527 295 612 μένοις,
319 530 408 613 παρά
429 530 488 606 τάς
511 525 548 595 δὲ
569 540 637 594 τῶν
661 531 708 607 είς
725 531 785 595 τὸν
802 533 948 615 πόλεμον
965 539 1186 616 παρασκευῶν

40 699 43 708 ,
171 636 355 719 ἀφθονίας,
391 636 499 701 πάντα
532 636 592 701 τὸν
623 637 747 722 χρόνον
778 634 799 719 ἡ
832 638 977 721 σωτηρία
1008 643 1049 720 τη
1080 637 1185 702 πόλει.

130 757 156 797 ετ
172 738 257 806 ὥσθ’
284 741 364 807 ὅσον
393 735 511 807 ἐνθάδ’
537 739 666 826 ἀφίετε,
699 739 768 807 ἐκεῖ
791 743 966 824 κομίζεσθε
993 737 1050 810 καὶ
1077 733 1183 806 δίδοτ’

170 845 207 910 έν
230 856 324 930 τιμῆς
346 845 439 933 μέρει
461 855 579 929 ταῦτα,
607 843 706 913 ἀκαλ
728 847 773 931 μὴ
797 848 958 929 λαβοῦσιν
982 849 1073 911 ἐστιν
1097 847 1185 930 ἔχειν

170 961 240 1028 τοῖς
261 961 323 1016 τοῦ
345 962 556 1037 τριηραρχεῖν
579 950 654 1031 ἀξια
676 950 896 1037 κεκτημένοις.
938 950 1021 1018 ἀλλά
1044 952 1110 1035 μην
1134 952 1185 1018 ὅτι

170 1067 237 1122 τῶν
259 1068 482 1144 τριηραρχιῶν
505 1057 616 1134 οὐδείς
639 1054 704 1123 ἐστ’
731 1056 857 1142 ἀτελής,
881 1062 993 1143 οῖομαι
1016 1051 1077 1141 μέν
1100 1056 1187 1140 ὑμᾶς

171 1160 295 1228 είδέναι
322 1164 463 1247 πάντας,
491 1163 580 1248 ὅμως
607 1160 643 1230 δὲ
671 1161 727 1230 καὶ
754 1165 814 1231 τὸν
841 1165 946 1249 νόμον
974 1163 1054 1247 ὑμῖν
1082 1163 1187 1230 αὐτὸν

171 1268 405 1350 ἀναγνώσεται.
451 1266 531 1353 λαβὲ
558 1271 617 1336 τὸν
643 1267 719 1355 περὶ
743 1281 811 1336 τῶν
833 1279 1057 1356 τριηραρχιῶν
1079 1271 1186 1355 νόμον

170 1371 225 1438 καὶ
249 1372 323 1456 λέγε
345 1371 435 1440 τοῦτ’
462 1372 552 1441 αάτό.

605 1587 742 1640 ΝΟΜΟΣ.

256 1691 353 1777 Ἀτελη
386 1695 418 1760 ἀλ
448 1696 561 1779 μηδένα
589 1692 666 1759 εἶναι
692 1697 878 1781 τριηραρχίας
905 1696 984 1777 πλὴν
1011 1706 1071 1760 τῶν
1098 1695 1186 1760 έννέα

170 1790 328 1874 ἀρχόντων.
974 1867 975 1870 ¹

130 1921 158 1960 τε
256 1899 370 1983 Ὁρᾶθ’
393 1903 438 1978 ὡς
456 1916 571 1988 σαφῶς
590 1901 616 1970 δι
635 1905 755 1988 ἄνδρες
769 1901 945 1987 Ἀθηναῖοι
963 1902 1078 1990 μηδέν’
1099 1901 1186 1972 εἶναι

169 2011 382 2091 τριηραρχίας
409 2007 505 2092 ἀτελῆ
535 2011 677 2094 διείρηκε
707 2011 724 2076 ὁ
751 2013 853 2094 νόμος
880 2011 968 2092 πλὴν
994 2021 1061 2076 τῶν
1094 2009 1182 2078 ἐννέ’

170 2113 349 2197 ἀρχόντων.
385 2114 510 2180 οάιιοῦν
533 2116 569 2181 οί
584 2112 644 2200 μὲν
668 2116 789 2181 ἐλάττω
808 2115 1000 2200 κεκτημένοι
1017 2125 1078 2182 τοῦ
1096 2139 1185 2203 τριη-

171 2221 308 2303 ραρχίας
330 2217 392 2298 ἄξι’
420 2223 522 2306 ἔχειν,
546 2221 583 2287 έν
606 2232 677 2297 ταῖς
700 2224 873 2305 εἰσφοραῖς
895 2225 1114 2288 συντελοῦσιν
1138 2226 1185 2302 είς

169 2327 228 2390 τὸν
251 2328 408 2409 πόλεμον,
434 2327 469 2392 οί
490 2323 521 2393 δ’
549 2325 785 2412 ἐφικνούμενοι
808 2341 869 2393 τοῦ
891 2340 1114 2412 τριηραρχεῖν,
1137 2333 1184 2395 εί,

170 2425 328 2515 ἀμφότερ’
358 2431 439 2516 ὑμῖν
471 2433 655 2517 ὑπάρξουσι
688 2435 858 2519 χρησιμοι,
890 2431 945 2499 καὶ
973 2445 1184 2520 τριηραρχεῖν

170 2534 226 2601 καλ
248 2535 425 2621 εἰσφέρειν.
462 2535 525 2603 τίν’
549 2533 611 2603 οὖν
634 2537 811 2624 ῥαστώνην
832 2549 902 2613 τοῖς
924 2542 1060 2615 πολλοῖς
1084 2541 1103 2606 δ
1125 2543 1184 2618 σὸς

171 2637 196 2707 ὦ
219 2645 366 2725 Λεπτίνη
395 2655 486 2709 ποιεῖ
509 2646 626 2727 νόμος,
655 2645 686 2708 εί
712 2652 789 2727 μιᾶς
811 2642 831 2727 ἣ
856 2645 954 2710 δυοῖν
977 2649 1102 2727 φυλαῖν
1125 2645 1185 2712 ἕνα

170 2749 315 2833 χορηγὸν
344 2751 559 2832 καθίστησιν,
588 2749 625 2826 ὃς
647 2743 725 2814 ἀνθ’
752 2748 826 2826 ἑνὸς
849 2750 953 2815 ἀλλον
975 2747 1072 2816 τοῦθ’
1100 2751 1183 2832 ἀπαξ

169 2857 310 2937 ποιήσας
338 2853 569 2936 ἀπηλλάξεται;
610 2856 672 2939 ἐγὼ
700 2851 761 2940 μὲν
790 2855 850 2941 οὐχ
879 2855 954 2940 δρῶ.
1000 2867 1057 2939 τῆς
1085 2855 1125 2922 δέ
1149 2851 1180 2939 γ’

171 2960 330 3045 αίσχάνης
357 2959 440 3042 ὅλην
467 2959 693 3046 ἀναπίμπλησι
720 2961 781 3044 την
808 2964 906 3027 πόλιν
934 2960 990 3028 καλ
1015 2971 1074 3045 τῆς
1101 2962 1232 3028 ἀπε-εον

170 3070 271 3142 στίας.
317 3065 442 3131 οὔκουν
474 3067 526 3132 ὅτε
556 3072 667 3156 πολλῷ
695 3070 829 3150 μείζονα
856 3068 976 3150 βλάψει
1001 3078 1070 3132 τῶν
1097 3069 1183 3152 ὠφε-

171 3177 252 3236 λιῶν
275 3166 322 3236 ὧν
347 3175 427 3255 ἔχει,
455 3174 614 3255 προσήκει
637 3173 798 3238 λελύσθαι
821 3174 910 3257 παρά
931 3167 1037 3238 τοῖσδ’
1063 3174 1181 3254 αὐτόν;

170 3276 266 3361 ἔγωγ’
293 3277 334 3342 ἀν
358 3280 471 3362 φαίην.

131 3405 156 3440 ω
251 3383 323 3449 Ἔτι
346 3377 377 3449 δ’
403 3379 429 3450 ὦ
452 3384 572 3470 ἄνδρες
595 3383 746 3450 δικασταὶ
769 3385 825 3450 διὰ
846 3394 907 3451 τοῦ
929 3386 1121 3471 γεγράφθαι
1144 3385 1181 3453 έν

170 3499 215 3579 τῷ
238 3494 330 3578 νόμφ
352 3490 538 3576 διαρρήδην
560 3491 664 3557 αὐτοῦ
687 3489 835 3576 ,μηδένα
854 3495 934 3576 μήτε
952 3503 1019 3573 τῶν
1037 3499 1181 3558 πολιτῶν
