2614 3904
425 255 427 258 Ι
489 180 587 231 ΠΡΟΣ
606 159 798 231 Amnon.
1081 177 1148 242 419

137 348 207 414 τοῖς
231 337 422 422 ἀνθρώποις
445 339 584 414 τούτοις.
619 338 709 420 κάγὼ
732 336 880 416 πεισθείς
898 338 963 403 ὑπὸ
982 349 1042 405 τοῦ
1062 341 1149 421 Θρα-

139 445 308 527 συμήδους
330 443 468 510 καὶτοῦ
491 444 640 527 ἀδελφοῦ
663 444 781 527 αὐτοῦ,
805 443 859 509 καλ
882 448 1051 529 Λακρίτου
1073 467 1149 509 του-

137 546 212 614 τονὶ
235 548 482 634 ἀναδεχομένου
503 574 563 634 μοι
585 544 679 614 πάντ’
706 553 843 616 ἔσεσθαι
864 552 905 614 τὰ
928 552 1038 615 δίκαια
1060 551 1149 632 παρὰ

136 667 205 722 τῶν
231 655 387 739 ἀδελφῶν
412 667 482 722 τῶν
509 656 629 737 αὑτοῦ,
657 655 810 720 ἐδάνεισα
837 658 917 739 μετὰ
941 655 1038 734 ξένου
1059 657 1149 731 τινὸς

1 803 3 820 ·
110 759 299 846 θημετέρου
321 763 514 847 Καρυστίου
541 762 718 844 τριάκοντα
746 770 830 844 μνᾶς
853 759 1024 846 ἀργυρίου.
1069 762 1149 844 βού-

137 873 236 952 λομαι
260 862 322 933 οὖν
346 863 372 934 ὦ
395 868 514 951 ἀνδρες
537 864 689 932 δικασταί
711 877 769 950 τῆς
792 875 986 950 συγγραφῆς
1008 866 1149 932 ἀκοῦσαι

137 974 223 1056 ὑμᾶς
249 983 396 1058 πρῶτον,
425 966 501 1037 καθ’
527 971 570 1054 ῆν
598 971 813 1056 ἐδανείσαμεν
841 973 879 1036 τά
902 976 1066 1056 χρήματα,
1093 969 1146 1037 καλ

136 1090 204 1144 τῶν
238 1080 418 1164 μαρτύρων
455 1089 522 1142 τῶν
553 1077 832 1163 παραγενομένων
864 1087 909 1166 τῷ
942 1080 1148 1161 δανείσματι·

138 1187 247 1252 ἔπειτα
265 1183 342 1269 περὶ
360 1195 426 1248 τῶν
447 1184 556 1248 ἀλλων
575 1183 790 1268 ἐπιδείξομεν,
810 1175 864 1250 οἷα
883 1183 1149 1269 ἐτοιχωρύχησαν

138 1287 232 1357 οὗτοι
253 1288 330 1377 περὶ
351 1290 389 1354 τὸ
414 1289 557 1357 δάνειον.
593 1289 667 1372 λέγε
689 1289 750 1372 τῆν
771 1294 980 1386 συγγραφήν,
1004 1285 1073 1355 εἶτα
1091 1291 1150 1367 τὰς

138 1399 328 1482 μαρτυρίας.

538 1561 744 1614 ΣΤΓΓΡΑΦΗ.

99 1685 124 1725 1⁰
224 1669 397 1736 Ἐδάνεισαν
417 1667 595 1756 Ἀνδροκλῆς
613 1671 763 1752 Σφήττιος
786 1672 837 1735 καλ
855 1673 1064 1755 Ναυσικράτης
1085 1677 1147 1734 Κα-

182 1773 299 1853 ρύστιος
325 1767 481 1852 Ἀρτέμωνι
507 1769 557 1832 καί
581 1765 788 1856 Ἀπολλοδώρῳ
813 1772 992 1850 Φασηλίταις
1018 1770 1147 1852 δραχμὰς

182 1868 323 1950 ἀργυρίου
351 1867 508 1948 τρισχιλίοις
530 1861 704 1947 Ἀθήνηθεν
728 1868 770 1940 είς
793 1866 923 1946 Μένδην
945 1865 966 1947 ἢ
988 1868 1140 1948 Σκιώνην,
1149 1875 1201 1925 926

180 1965 231 2026 καλ
258 1965 398 2027 ἐντεῦθεν
425 1965 467 2037 είς
489 1963 660 2046 Βόσπορον,
687 1963 740 2026 ἐὰν
763 1961 795 2025 δέ
817 1965 998 2045 βούλωνται,
1024 1973 1076 2044 τῆς
1098 1959 1146 2026 ἐπ’

182 2061 317 2143 ἀριστερὰ
336 2059 418 2144 μέχρι
432 2059 655 2141 Βορυσθένους,
673 2059 723 2122 καλ
740 2063 829 2123 πάλιν
845 2055 1000 2140 Ἀθήναζε,
1018 2060 1066 2122 ἐπὶ
1085 2062 1149 2122 δια-

182 2161 296 2230 κοσίαις
323 2159 415 2220 εἴκοσι
438 2157 525 2220 πέντε
547 2157 599 2231 τάς
621 2158 729 2238 χιλίας,
756 2156 809 2218 έάν
833 2155 864 2219 δὲ
888 2151 948 2238 μετ’
972 2152 1148 2238 Ἀρκτοῦρον

182 2255 380 2317 ἐκπλεύσωσιν
408 2254 440 2316 ἐκ
467 2265 520 2317 τοῦ
543 2255 664 2316 Πόντου
691 2249 741 2332 ἐφ’
766 2250 873 2336 Ἱερόν,
899 2253 947 2316 ἐπὶ
969 2255 1148 2332 τριακοσίοις

181 2352 233 2425 τάς
256 2352 359 2432 χιλίας,
381 2350 430 2413 ἐπὶ
452 2352 538 2414 οἴνου
559 2352 709 2432 κεραμίοις
728 2353 896 2425 Μενδαίοις
915 2353 1092 2434 τρισχιλίοις,
1113 2347 1148 2426 δς

181 2450 336 2511 πλεύσεται
367 2448 400 2509 ἐκ
428 2447 554 2526 Μένδης
585 2446 606 2528 ῆ
632 2447 771 2528 Σκιώνης
800 2447 833 2510 ἐν
859 2458 896 2534 τῆ
923 2450 1077 2536 εἰκοσόρῳ,
1107 2447 1148 2530 ῆν

95 2563 121 2604 11
177 2543 330 2627 Ἷβλῆσιος
348 2549 516 2624 ναυκληρεῖ.
547 2541 723 2606 ὑποτιθέασι
741 2542 773 2605 δὲ
790 2555 893 2625 ταῦτα,
911 2545 967 2607 οίκι
981 2543 1148 2624 ὀφείλοντες

181 2643 229 2705 ἐπὶ
251 2643 366 2715 τούτοις
390 2640 467 2726 ἀλλῳ
491 2639 592 2702 ούδενλ
614 2638 704 2702 οόδέν
727 2641 884 2724 ἀργύριον,
909 2637 975 2705 οὐδ’
1000 2642 1148 2706 ἐπιδανεί-

182 2757 292 2802 σονται.
323 2738 373 2799 καί
392 2737 537 2812 ἀπάξουσι
553 2737 590 2799 τά
608 2738 739 2818 χρήματα
756 2739 792 2800 τά
810 2739 843 2802 ἐκ
860 2749 914 2802 τοῦ
928 2740 1049 2803 Πόντου
1068 2740 1149 2804 ἀντι-

182 2833 379 2917 φορτισθέντα
404 2831 549 2914 Ἀθήναζε
575 2837 665 2897 πάλιν
688 2834 721 2897 έν
743 2842 783 2921 τῷ
806 2836 886 2923 αύτῷ
908 2839 1000 2924 πλοίῳ
1023 2839 1148 2902 ἅπαντα.

177 2931 340 2996 ,σωθέντων
360 2929 400 2994 4δέ
427 2941 485 2994 τῶν
512 2933 668 3013 χρημάτων
692 2927 851 3014 Ἀθήναζε,
885 2933 1092 2998 ἀποδώσουσιν
1119 2939 1152 2999 ολ

182 3031 387 3110 δανεισάμενοι
408 3036 469 3103 τοῖς
493 3030 643 3092 δανείσασι
665 3029 697 3092 τὸ
720 3031 896 3112 γιγνόμενον
914 3029 1056 3113 ἀργύριον
1074 3035 1148 3096 κατὰ

179 3127 236 3206 τῆν
254 3127 429 3210 συγγραφὴν
447 3124 565 3209 ἡμερῶν
583 3128 704 3207 εἴκοσιν,
727 3124 781 3206 ἀφ’
801 3121 838 3207 ἧς
857 3126 895 3189 ἀν
913 3127 1041 3190 ἐλθωσιν
1057 3124 1148 3208 Ἀθη·

181 3226 263 3303 ναζε,
290 3222 400 3298 ἐντελὲς
425 3224 503 3304 πλὴν
525 3223 664 3305 ἐκβολῆς,
690 3218 727 3303 ἧς
749 3222 788 3285 διν
810 3225 843 3286 ολ
862 3226 990 3305 σύμπλοι
1012 3227 1148 3304 ψηφισά-

180 3343 264 3402 μενοι
285 3331 371 3406 κοινῆ
390 3320 581 3402 ἐκβάλωνται,
603 3321 653 3383 κοιλ
670 3319 709 3381 ἀν
727 3343 754 3382 τι
771 3320 922 3399 πολεμίοις
941 3320 1147 3383 ἀποτείσωσιν·

179 3428 239 3480 τῶν
262 3413 292 3478 δ’
316 3417 412 3480 ἀλλων
434 3417 575 3480 ἀπάντων
597 3416 716 3490 ἐντελές.
756 3415 807 3478 καὶ
829 3416 988 3498 παρέξουσι
1009 3423 1071 3488 τοῖς
1095 3418 1147 3477 δα-

178 3515 293 3576 νείσασι
310 3514 365 3593 τῆν
384 3514 547 3594 ἀποθήκην
565 3512 721 3592 ἀνέπαφον
739 3517 867 3592 κρατεῖν,
885 3512 940 3586 ἕως
958 3513 996 3574 ἀν
1015 3511 1149 3572 ἀποδῶσι

931 3612 986 3664 27*
