2938 4180
259 147 325 212 L42
566 152 651 204 XXII.
674 149 953 204 ΔΗΜΟΣΘΕΝΟΤΣ

256 308 312 376 καί
329 312 505 396 τριάκοντα
524 312 681 396 δραχμάς,
705 308 759 376 καί
778 311 940 390 Θεόξενον
956 311 1017 376 τὸν
1036 304 1269 392 Ἀλωπεκῆθεν

258 416 404 501 δραχμάς
426 415 651 501 ἑβδομήκοντα
674 413 728 482 καί
747 418 865 501 μικρόν
882 438 915 481 τι
932 418 1024 502 πρός,
1048 413 1179 480 καὶτὸν
1198 415 1268 481 Εὑ-

257 523 368 607 φήρου
391 523 622 609 Καλλικράτην
645 520 699 588 καί
721 523 781 588 τὸν
807 520 969 587 Τελέστου
990 526 1179 588 νεανίσκον·
1203 521 1267 586 οὐκ

256 629 319 711 ἔχω
343 629 407 714 χὺρ
429 623 565 712 τοῦνομ’
591 630 707 694 εἰπεῖν·
734 628 854 711 σχεδὸν
877 623 914 693 δέ
936 627 1077 710 πάντας,
1101 625 1159 704 οὓς
1182 627 1268 692 εἰσέ-

255 734 394 819 πραξεν,
421 734 477 798 ἵνα
504 734 548 818 μή
574 730 652 799 καθ’
678 732 817 798 ἕκαστον
840 731 940 815 λέγω,
969 733 1031 800 οὐκ
1054 728 1117 799 οἶδ’
1145 738 1178 798 εἰ
1197 730 1263 798 τιν’

217 835 339 925 αὑπὲρ
362 849 449 924 μνᾶν
472 839 659 925 ὀφείλοντα.
695 832 806 924 πότερ’
828 833 890 905 οὑν
913 844 1026 906 οἰεσθε
1046 840 1174 906 τούτων
1192 837 1267 904 ἔκν-

257 961 337 1011 στου
359 957 468 1030 μισεῖν
490 943 545 1011 καί
562 949 718 1029 πολεμεῖν
736 944 824 1033 αὐτῷ
844 945 904 1048 &uz
917 945 978 1029 τήν
996 945 1160 1030 εἰσφοράν
1177 943 1256 1010 ταὺ-
1267 960 1321 1040 σιν

256 1074 332 1134 την,
359 1051 381 1135 ή
408 1051 467 1117 τὸν
489 1048 551 1136 μέν
574 1050 698 1132 αὐτῶν,
727 1049 778 1116 ὅτι
800 1050 933 1116 πάντων
957 1050 1148 1117 ἀκουόντων
1170 1050 1266 1136 ὑμῶν

258 1155 294 1223 έν
324 1166 370 1246 τρλ
404 1159 496 1247 ὑήμφ
529 1158 652 1223 δοῦλον
680 1158 743 1240 ἔφη
770 1155 826 1222 καί
854 1155 889 1222 ἐκ
917 1157 1049 1223 δούλων
1076 1151 1178 1239 εἶναι,
1210 1155 1266 1222 καί

257 1266 435 1348 προσήκειν
467 1263 555 1352 αὐτῷ
582 1263 619 1328 τὸ
647 1261 742 1328 ἕκτον
770 1261 870 1348 μέρος
897 1262 1065 1347 εἰσφέρειν
1092 1264 1171 1346 μετὰ
1198 1274 1276 1328 τῶν

257 1373 433 1454 μετοίκων,
468 1377 514 1456 τῷ
551 1365 588 1435 δέ
624 1360 751 1445 παῖδας
775 1368 810 1434 ἐκ
842 1372 967 1452 πόρνης
999 1363 1100 1450 εἰναι,
1135 1377 1195 1434 τοῦ
1228 1365 1265 1434 δὲ

234 1477 315 1541 τὸν
337 1474 450 1562 πατέρ’
471 1474 693 1561 ἡταιρηκέναι,
716 1485 777 1541 τοῦ
800 1471 836 1540 δέ
859 1481 1107 1560 πεπορνεῦσθαι
1125 1475 1187 1558 τήν
1205 1499 1265 1560 μη-

256 1579 346 1666 τέρα,
367 1582 427 1646 τὸν
446 1579 475 1646 θ’
498 1581 705 1666 ἀπογράφειν
724 1578 774 1646 όσ’
796 1577 942 1666 ὑφείλετ’
965 1579 998 1658 ἐξ
1017 1580 1127 1665 ἀρχῆς,
1148 1583 1210 1646 τὸν
1228 1578 1265 1646 δὲ

257 1687 294 1753 τὸ
323 1688 431 1769 δεῖνα,
463 1687 522 1753 τὸν
550 1683 580 1752 δ’
611 1685 695 1770 ὁμοῦ
723 1686 806 1772 ῥητά
833 1685 887 1752 καί
915 1688 1040 1772 άρρητα
1067 1689 1164 1767 κακά,
1194 1685 1266 1770 ἑξῆς

218 1813 244 1854 ω
258 1793 416 1871 άπανταςς
446 1792 509 1876 ἐγὼ
537 1788 598 1877 μὲν
624 1794 686 1877 γάρ
710 1787 774 1858 οἷδ’
802 1792 853 1858 ὅτι
874 1794 1009 1875 πάντες,
1038 1795 1085 1869 είς
1108 1791 1166 1868 οὓς
1189 1791 1264 1859 ἐπα-

259 1897 408 1988 ρῴνησεν
436 1893 547 1982 οὗτος,
573 1899 636 1982 τήν
657 1895 719 1983 μέν
741 1895 903 1985 εἰσφοράν
927 1897 1061 1974 ἕκαστος
1084 1897 1265 1980 ἀναγκαῖον

259 2003 404 2090 ἀνάλωμ’
425 2005 656 2089 ὑπελάμβανεν
675 1999 770 2086 εἰναι,
792 2013 927 2070 τοιαῦτα
947 2001 978 2069 θ’
999 2003 1198 2091 ἀτιμασθεὶς
1210 2002 1262 2070 καὶ

258 2108 540 2197 προπηλακισθεὶς
567 2114 713 2194 χαλεπῶς
742 2111 906 2195 ἐνήνοχεν.
951 2110 1083 2176 κάκεϊνο
1108 2106 1186 2192 οἶδ’,
1214 2111 1265 2176 ὅτι

258 2213 394 2304 χρήματ’
417 2218 621 2303 εἰσπράττειν
639 2226 758 2283 τοῦτον
777 2211 1043 2302 ἐχειροτονήσαθ’
1064 2216 1168 2301 ὑμεῖς,
1191 2215 1265 2302 οὐχὶ

258 2327 316 2401 τὰς
343 2325 430 2402 ἰδίας
456 2325 629 2408 συμφοράς
656 2322 829 2402 ὀνειδίζειν
851 2321 906 2389 καί
928 2321 1109 2408 προφέρειν
1132 2321 1264 2412 ἑκάστῳ.

259 2438 323 2498 εἴτε
341 2433 406 2517 γάρ
424 2427 509 2514 ἦσαν
528 2430 674 2513 άληθεῑς,
694 2429 734 2493 οὐ
754 2426 806 2494 σοὶ
825 2428 938 2515 ῥητέαι
958 2427 1077 2516 (πολλὰ
1096 2429 1158 2514 γάρ
1173 2430 1265 2514 ἡμῶν

258 2535 393 2614 ἕκαστος
416 2536 476 2620 οὐχ
500 2537 544 2613 ὡς
566 2535 719 2619 βούλεται
742 2535 901 2621 πράττει)·
926 2541 990 2600 είτε
1013 2535 1057 2618 μή
1080 2538 1265 2620 προσηκού-

259 2665 320 2720 σας
341 2643 580 2723 κατεσκεύαζες,
603 2651 672 2717 πῶς
695 2640 755 2724 οὐχ
780 2639 893 2706 ὁτιοῦν
916 2638 958 2706 άν
975 2641 1098 2718 πάθοις
1117 2642 1263 2720 ὑικαίωςς

219 2769 246 2812 οι
260 2751 307 2814 έτι
330 2751 446 2813 τοίνυν
469 2743 619 2813 ἐκτοῦδ’
644 2745 877 2834 ἀκριβέστερον
899 2746 1082 2830 γνώσεσθε,
1106 2749 1156 2813 ὅτι
1178 2761 1268 2832 μισεῖ

258 2865 379 2922 τοῦτον
406 2851 540 2928 ἕκαστος
568 2852 609 2917 οὐ
637 2853 692 2917 όιά
719 2854 779 2937 τήν
803 2853 987 2938 είσπραξιν,
1015 2847 1086 2919 ἀλλ’
1112 2849 1195 2940 ὑπὲρ
1218 2850 1266 2920 ὧν

259 2960 405 3045 ὑβρίσθη
432 2958 667 3046 κάπαρφνήθη.
713 2959 865 3044 Σάτυρος
892 2960 955 3044 γάρ
983 2959 1001 3024 ὁ
1028 2971 1096 3026 τῶν
1117 2963 1265 3046 νεωρίων

196 3093 198 3097 ’
259 3066 453 3150 ἐπιμελητής
485 3065 546 3149 οὐχ
574 3063 652 3130 ἑπτά
678 3061 810 3130 τάλαντ’
842 3063 1031 3148 εἰσέπραξεν
1058 3065 1151 3150 ὑμῖν,
1184 3065 1266 3132 ἄλλά

259 3172 396 3257 τέτταρα
427 3168 481 3236 καὶ
513 3171 689 3254 τριάκοντα
715 3172 794 3246 τοὺς
821 3169 943 3246 αὐτοὺς
969 3172 1265 3258 τούτουςιάνθρώ-

260 3303 354 3363 πους,
373 3279 406 3359 ἐξ
425 3273 473 3344 ὧν
490 3277 658 3365 παρέθηκε
676 3279 715 3343 τά
734 3278 834 3361 σκεύη
853 3288 924 3354 ταῖς
937 3276 1173 3355 ἐκπλευσάσαις
1187 3301 1265 3344 ναυ-

261 3391 327 3451 σίν·
360 3383 415 3450 καί
442 3379 511 3450 οὔτ’
538 3384 663 3461 ἐκεῖνος
690 3385 744 3449 ὑιά
771 3379 862 3449 ταῦτ’
889 3382 1000 3449 οὐθέν’
1027 3384 1150 3469 ἐχθρὸν
1177 3385 1265 3475 αὑτηλ

262 3489 365 3573 φησὶν
393 3486 493 3573 εἶναι,
523 3491 599 3556 οὔτε
626 3501 692 3555 τῶν
719 3488 988 3575 εἰσπραχθέντων
1014 3488 1124 3567 οὐδεὶς
1151 3489 1264 3580 ἐκείνῳ
