2590 3900
173 163 239 228 240
479 167 576 218 XXIV.
598 165 878 220 ΔΗΜΟΣΘΕΝΟΤΣ

173 327 356 406 φαίνεσθαι
378 326 543 410 μηδεμίαν
566 325 703 392 διδόντα
726 323 911 411 δᾳστώνηυ.
947 325 979 390 εί
999 325 1065 410 γάρ
1084 325 1189 408 δημο-
1281 313 1282 338 ³

172 434 266 496 τικόν
283 454 333 508 τις
350 431 536 516 ὑπείληφεν
553 433 591 497 τὸ
611 431 739 517 πράους
753 425 838 496 εἶναι
851 433 931 508 τοὺς
944 434 1079 516 νόμους,
1097 433 1189 497 τίσιν

172 544 271 602 τοῦτο
294 536 562 623 προσεξεταζέτω,
586 539 710 620 κάυπερ
730 537 841 621 ὀρθῶς
859 537 1019 620 βούληται
1039 547 1188 620 σκοπεῖν,
1282 555 1283 560 ’

173 642 308 728 εὑρήσει
329 654 400 721 τοίς
421 647 597 728 κρίνεσθαι
620 643 810 728 μέλλουσιν,
834 643 876 709 οὐ
893 653 963 721 τοίς
981 641 1189 727 έξεληλεγμέ-
1283 720 1284 739 ρ

173 769 258 826 νοις·
282 748 320 815 έν
343 746 490 835 μὲνγὰρ
513 761 582 827 τοῖς
605 750 731 832 άδηλον
754 755 788 816 εί
806 771 857 826 τις
879 744 945 815 ἔστ’
971 749 1093 827 ἀδίκως
1115 749 1189 814 δια·

173 853 386 939 βεβλημένος,
409 865 479 932 τοίς
501 849 531 920 δ’
554 851 633 921 οὐδὲ
656 857 756 938 λόγος
779 857 922 921 λείπεται
944 857 982 922 τὸ
1005 858 1049 940 μή
1068 855 1109 921 οὐ
1128 877 1189 920 πο·
1283 849 1284 852 '

135 975 161 1015 λθ
174 971 290 1044 νηροϊς
308 955 403 1026 εἶναι.
436 962 564 1027 τούτων
582 964 698 1026 τοίνυν
717 955 765 1026 ὧν
785 958 992 1045 διεξελήλυθ’
1014 960 1078 1045 έγὼ
1097 967 1188 1045 νυνί,

175 1061 249 1131 οὐδ’
275 1066 389 1132 ὁτιοῦν
412 1061 510 1143 οὗτος
533 1069 618 1150 ἔχων
641 1065 659 1131 ὁ
682 1070 784 1151 νόμος
807 1070 1006 1150 φανήσεται,
1029 1067 1189 1134 τάναντία

176 1166 207 1238 δ’
229 1172 302 1256 ἑξῆς
323 1174 439 1239 πάντα.
474 1175 685 1256 πολλαχόθεν
708 1168 769 1258 μὲν
792 1166 855 1240 οὑν
873 1173 916 1238 ἄν
932 1196 983 1250 τις
1000 1175 1069 1259 ἔχοι
1088 1183 1188 1240 τοῦτο

176 1280 363 1363 διδάσκειν,
395 1279 535 1363 μάλιστα
568 1273 604 1343 δὲ
633 1279 692 1344 τὸν
718 1280 825 1363 νόμον
852 1278 955 1344 αὑτὸν
987 1277 1027 1344 δν
1056 1279 1179 1364 τέθηκε
1190 1287 1247 1336 ⁷23
1285 1343 1286 1346 ,

176 1385 317 1465 διεξιών.
362 1387 431 1450 ἔστι
457 1385 521 1469 γάρ
550 1383 590 1449 οὑ
617 1385 655 1450 τὸ
683 1378 744 1467 μὲν
767 1383 870 1450 αὑτοῦ
892 1389 1000 1463 καλῶς
1022 1388 1188 1470 κείμενον,

175 1493 212 1556 τὸ
236 1485 267 1556 δ’
287 1488 530 1575 ἡμαρτημένον,
553 1483 624 1556 ἀλλ’
646 1489 723 1567 ὅλος
745 1489 779 1569 έξ
802 1488 914 1576 ἀρχῆς,
937 1491 1001 1560 ἀπὸ
1023 1500 1082 1576 τής
1099 1493 1189 1575 πρά-

174 1621 233 1682 της
260 1599 426 1680 συλλαβῆς
452 1595 547 1681 μέχρι
574 1605 631 1680 τής
658 1598 860 1680 τελευταίας,
889 1594 941 1681 ἐφ’
968 1596 1048 1683 ὑμίν
1075 1609 1189 1664 κεῖται.

136 1717 161 1757 ⁷1
176 1700 256 1787 λαβὲ
280 1698 310 1768 δ’
333 1702 446 1778 αὐτοῖς
463 1703 525 1785 τήν
543 1702 678 1786 γραφήν
697 1701 812 1786 αὑτήν,
835 1699 890 1768 καὶ
908 1700 1004 1788 μέχρι
1021 1711 1083 1770 τοῦ
1099 1704 1189 1786 πρά-

174 1834 236 1876 του
268 1809 389 1894 μέρους
420 1807 593 1890 ἀνάγνωθι
621 1809 681 1874 τὸν
707 1809 826 1892 νόμον·
859 1807 964 1895 ῥᾷστα
991 1809 1056 1894 γάρ
1083 1807 1191 1887 οὑτως

176 1916 240 1999 έγά
262 1938 298 1980 τε
321 1914 444 1993 διδάξω
467 1912 522 1980 καὶ
544 1913 638 1998 ὑμεῖς
660 1910 850 1998 μαθήσεσθ’
877 1913 899 1980 δ
921 1912 1015 1999 λέγω.

610 2134 746 2186 ΝΟΜΟΣ.

262 2241 330 2308 Ἐπί
357 2255 410 2325 τῆς
437 2244 640 2317 Πανδιονίδος
666 2243 784 2324 πρώτης
811 2244 1003 2325 πρυτανείας,
1036 2244 1189 2332 δωδεκάτη

220 2353 273 2423 τῆς
304 2343 495 2424 πρυτανείας,
526 2350 585 2404 τῶν
615 2339 769 2422 προέδρων
795 2339 977 2420 έπεψήφιζεν
1002 2335 1189 2424 Ἀριστοκλῆς

221 2442 460 2522 Μυρρινούσιος,
483 2439 667 2518 Τιμοκράτης
689 2433 764 2500 εἶπε·
786 2437 836 2500 καί
854 2438 885 2500 εί
898 2460 956 2500 τινι
974 2448 1033 2498 τῶν
1052 2436 1189 2519 ὀφειλόν-

221 2561 280 2602 των
302 2544 342 2623 τῷ
364 2537 495 2623 δημοσίῳ
514 2537 737 2617 προστετίμηται
754 2533 828 2596 κατὰ
845 2533 941 2614 νόμον
958 2532 979 2615 ή
998 2535 1071 2596 κατὰ
1089 2537 1188 2617 ψήφι-

221 2652 281 2715 σμα
303 2636 412 2716 δεσμοῦ
434 2632 455 2713 ή
476 2635 509 2696 τὸ
532 2632 637 2695 λοιπὸν
657 2638 857 2718 προστιμηθῇ,
879 2624 957 2694 εἶναι
973 2630 1054 2716 αὑτῷ
1071 2629 1092 2712 ἢ
1110 2631 1187 2720 άλλρο

222 2730 296 2814 ὑπὲρ
319 2731 435 2794 ἐκείνου
458 2728 600 2813 έγγυητδις
623 2738 808 2809 καταστῆσαι.

138 2885 164 2927 ⁷⁸
262 2867 424 2953 Ἐπίσχες·
470 2869 586 2934 αὐτίκα
623 2868 686 2952 γάρ
717 2862 796 2932 καθ’
831 2865 970 2932 ἕκαστον
1002 2866 1188 2954 άναγνάση.

176 2975 271 3045 τουτὶ
292 2977 428 3042 πάντων
451 2969 476 3040 ὑ
501 2975 620 3060 ἄνδρες
642 2970 793 3039 δικασταί
811 2983 878 3038 τῶν
896 2971 1133 3057 γεγραμμένων
1151 2973 1188 3039 έν

177 3092 223 3171 τῷ
249 3086 340 3170 νόμῳ
364 3083 484 3166 σχεδόν
506 3080 575 3146 έστι
598 3081 800 3145 δεινότατον.
845 3073 936 3163 οἶμαι
958 3079 1022 3163 γάρ
1045 3076 1119 3144 οὐδ’
1147 3076 1188 3144 ἂν

178 3183 227 3254 ἕν’
253 3188 443 3270 ἀνθρώπων
466 3188 568 3252 άλλον
590 3189 766 3269 τολμήσαι,
793 3186 899 3270 νόμον
922 3180 1107 3269 εἰσφέροντ’
1136 3182 1189 3251 ἐπὶ

177 3302 223 3381 τῷ
250 3301 396 3378 χρῆσθαι
422 3295 501 3368 τοὺς
527 3293 663 3366 πολίτας
690 3289 794 3376 αὐτῷ,
821 3291 880 3366 τὰς
903 3289 986 3354 κατὰ
1007 3291 1087 3366 τοὺς
1108 3294 1188 3376 πρό-

177 3381 276 3482 τερον
298 3400 436 3482 κυρίους
458 3399 582 3480 νόμους
604 3398 727 3480 κρίσεις
746 3393 966 3478 γεγενημένας
984 3392 1188 3479 ἐπιχειρήσαι

180 3501 281 3564 λύειν.
327 3510 424 3566 τοῦτο
452 3503 569 3568 τοίνυν
597 3497 710 3566 οὑτοσὶ
738 3499 942 3584 Τιμοκράτης
966 3497 1111 3577 ἀναιδῶς
1132 3497 1187 3566 καὶ
