2644 4182
163 144 208 208 42
489 147 547 203 XX.
570 143 851 198 ΔΗΜΟΣΘΕΝΟΤΣ

164 305 230 395 ’ύιφ
253 308 297 391 μή
321 306 506 390 διαρρήδην
529 303 680 371 ἀτέλειαν
703 305 827 370 ἔδωκεν
850 303 869 370 ὁ
892 305 1005 387 δῆμος.
1046 303 1185 380 τούτοις

166 407 261 477 δὀὐ
284 410 439 493 δέδωκεν,
464 406 537 477 οὐδ’
559 410 691 490 ἕξουσιν
715 405 808 476 οὗτοι
832 411 1014 492 δεικνύναι,
1038 411 1125 497 λόχφ
1144 408 1177 472 δ’

166 515 208 582 ἀν
231 516 514 602 ἀναισχυντῶσιν,
538 514 612 602 οὐχὶ
635 521 744 593 καλῶς
766 517 975 599 ποιήσουσιν.

112 641 152 681 ιιι
246 621 289 689 Ὃ
310 626 427 690 τοίνυν
450 623 591 708 μάλιστα
612 623 748 687 πάντων
771 616 864 706 οἶμαι
885 622 957 686 δεῖν
976 620 1060 705 ὑμᾶς
1080 617 1105 687 ὦ
1125 621 1187 686 ἀν-

166 730 243 814 δρες
262 723 435 812 Ἀθηναῖοι
459 726 683 813 φυλάξασθαι,
705 721 796 794 τοῦτ’
817 729 923 792 εἰπεῖν
944 729 990 791 ἔτι
1009 727 1185 810 βούλομαι.

166 837 198 900 εί
224 836 287 920 γάρ
312 858 361 912 τις
383 828 502 916 πάνθ’,
530 832 593 898 ὅσα
615 837 782 916 Λεπτίνης
805 832 875 917 ἐρεῖ
894 830 970 916 περὶ
992 841 1052 898 τοῦ
1075 834 1186 916 νόμον

166 941 336 1006 διδάσκων
357 940 443 1025 ὑμᾶς
466 940 510 1016 ὡς
533 943 641 1016 καλῶς
662 950 779 1020 κεῖται,
802 941 1048 1023 συγχωρήσειεν
1071 938 1185 1021 ἀληθῆ

166 1045 276 1129 λέχειν
308 1046 426 1128 αὐτόν,
460 1045 497 1111 ἓν
528 1042 560 1128 χ’
591 1046 730 1130 αἰσχρὸν
763 1041 836 1111 οὐδ’
867 1042 910 1109 ἀν
941 1049 976 1110 εί
997 1067 1029 1108 τι
1056 1039 1180 1127 γένοιτ’

166 1151 370 1236 ἀναιρεθείη,
394 1151 412 1217 δ
436 1153 639 1235 συμβήσεται
663 1153 718 1216 διδ
741 1159 802 1215 τοῦ
825 1152 932 1234 νόμου
950 1152 1069 1233 κυρίου
1086 1173 1184 1233 γενο-

166 1256 271 1342 μένου
297 1267 337 1344 τῇ
365 1261 468 1324 πόλει.
512 1260 548 1322 τί
572 1251 635 1323 οὖν
662 1254 751 1321 τοῦτ’
779 1259 883 1334 ἔστιν;
910 1257 949 1322 τὸ
967 1256 1087 1320 ’δοκεῖν
1110 1255 1184 1340 ἐξη-

113 1382 153 1422 ιιι
166 1362 345 1449 πατηκέναι
364 1366 443 1440 τοὺς
462 1363 594 1446 ἀγαθόν
611 1385 643 1427 τι
661 1364 871 1446 ποιήσαντας.
907 1362 959 1427 ὅτι
978 1355 1039 1445 μὲν
1056 1364 1176 1427 τοίνυν
1185 1375 1244 1424 498

165 1465 263 1535 τοῦθ’
294 1469 332 1536 ἕν
361 1493 394 1534 τι
425 1479 493 1534 τῶν
526 1470 673 1556 αίσχρῶν
705 1467 775 1533 ἐστι
806 1469 931 1544 πάντας
962 1465 1005 1531 ἀν
1036 1466 1180 1552 ἡγοῦμαι

166 1585 282 1660 φῆσαι,
306 1577 372 1665 ὄσφ
398 1572 428 1640 δ’
450 1574 531 1658 ὑμῖν
554 1581 684 1658 αίσχιον
707 1585 774 1638 τῶν
796 1574 907 1638 ἀλλων
925 1572 1090 1639 ἀκούσατέ
1105 1597 1182 1658 μου.

167 1684 257 1747 ἔστιν
274 1682 355 1766 ὑμῖν
372 1683 475 1764 νόμος
493 1681 638 1766 ἀρχαῖος,
659 1691 728 1746 τῶν
745 1684 853 1755 καλῶς
872 1679 1064 1744 δοκούντων
1081 1682 1182 1764 ἐχειν,

166 1789 210 1852 ἀν
233 1812 282 1864 τις
304 1787 530 1871 ὑποσχόμενός
552 1809 584 1851 τι
606 1787 666 1852 τὸν
689 1787 798 1870 δῆμον
821 1785 1018 1871 ἐξαπατήση,
1041 1789 1181 1871 κρίνειν,

166 1891 229 1958 κάν
261 1892 344 1980 ἀλςό,
376 1894 513 1981 θανάτῳ
547 1894 693 1978 ζημιοῦν.
745 1886 803 1956 εἶτ’
834 1890 896 1958 οὐκ
929 1889 1121 1976 αἰσχύνεσθ’
1153 1887 1181 1957 ὦ

167 2000 287 2082 ἀνδρες
310 1997 499 2082 Ἀθηναῖοι,
527 2000 559 2063 εί
585 1994 638 2083 ἐφ’
665 1989 692 2086 ᾧ
719 2008 789 2074 τοῖς
815 1997 929 2074 ἀλλοις
955 1997 1104 2062 θάνατον
1128 2001 1181 2080 ζη-

167 2108 247 2188 μίαν
276 2104 422 2186 ἐτάξατε,
449 2101 539 2170 τοῦτ’
566 2101 661 2170 αὐτοὶ
688 2112 861 2181 ποιοῦντες
888 2105 1095 2188 φανήσεσθε;
1124 2101 1181 2169 καὶ

166 2212 233 2295 μήν
264 2211 371 2276 πάντα
401 2206 462 2294 μὲν
489 2209 705 2294 εὐλαβεῖσθαι
734 2211 788 2274 δεῖ
811 2220 920 2274 ποιεῖν
947 2209 987 2273 τά
1015 2211 1181 2274 δοκοῦντα

166 2315 222 2383 καὶ
245 2315 313 2384 ὄντ’
337 2317 467 2402 αἰσχρά,
491 2318 632 2402 μάλιστα
655 2312 692 2382 δέ
715 2309 806 2380 ταῦτ’
828 2309 881 2400 ἐφ’
903 2307 953 2392 οἷς
974 2326 1044 2391 τοῖς
1067 2316 1181 2393 ἀλλοις

166 2428 315 2509 χαλεπῶς
336 2447 387 2501 τις
409 2426 494 2510 ἔχων
518 2422 646 2508 δρᾶται·
670 2416 749 2488 οὐδὲ
771 2423 835 2504 γὰρ
859 2420 1104 2505 ἀμφισβήτησις
1123 2446 1181 2486 κα-

166 2533 367 2612 ταλείπεται,
394 2530 432 2595 τὸ
460 2531 504 2615 μή
532 2528 574 2594 οὐ
601 2536 705 2593 ταῦτα
731 2536 855 2608 ποιεῖν,
884 2524 905 2592 ἀ
932 2522 1049 2611 πονήρ’
1080 2527 1180 2604 αὐτὸς

167 2639 297 2720 ἔκρινεν
319 2631 405 2700 εἶναι
427 2639 597 2721 πρότερον.

112 2762 152 2802 ιιι
247 2740 319 2807 Ἔτι
345 2745 463 2807 τοίνυν
489 2741 574 2824 ὑμᾶς
601 2739 734 2804 κάκεῖνο
757 2738 973 2822 εὐλαβεῖσθαι
997 2739 1063 2821 δεῖ,
1090 2740 1180 2818 ὅπως

166 2845 272 2934 μηδὲν
295 2842 343 2912 ὧν
367 2849 437 2932 ἰδίᾳ
459 2842 660 2930 φυλάξαισθ’
683 2846 736 2926 ἀν,
759 2853 858 2909 τοῦτο
882 2844 1025 2930 δημοσίᾳ
1042 2855 1179 2911 ποιοῦν-

165 2979 219 3033 τες
246 2957 448 3039 φανήσεσθε.
492 2953 587 3037 ὑμῶν
614 2955 731 3017 τοίνυν
759 2944 833 3015 οὐδ’
859 2948 901 3015 ἀν
928 2941 975 3026 εἷς
1002 2947 1103 3016 οὐδὲν
1130 2947 1178 3017 ὧν

167 3063 237 3148 ίδίςι
263 3058 330 3126 τινὶ
353 3062 445 3144 δοίη,
471 3055 560 3125 τοῦτ’
587 3056 744 3142 ἀφέλοιτο
767 3056 882 3137 πάλιν,
912 3049 983 3120 ἀλλ’
1010 3055 1083 3121 οὐδ’
1109 3057 1177 3122 ἐπι-

165 3171 348 3254 χειρήσειεν
375 3168 426 3233 ἀν.
472 3165 516 3249 μή
543 3165 660 3229 τοίνυν
688 3159 771 3247 μηδὲ
797 3163 940 3248 δημοσία
962 3170 1061 3228 τοῦτο
1084 3167 1177 3245 ποιή-

166 3292 260 3360 σητε,
289 3275 372 3340 ἀλλά
396 3271 543 3338 κελεύετε
566 3270 706 3345 τούτους
728 3271 806 3344 τοὺς
830 3268 988 3353 ἐροῦντας
1010 3264 1093 3354 ὑπὲρ
1116 3278 1177 3334 τοῦ

112 3399 152 3440 ιιι
165 3385 288 3466 νόμον,
316 3387 350 3447 εί
372 3402 448 3444 τινα
474 3387 541 3441 τῶν
568 3374 761 3460 εὑρημένον
787 3374 849 3457 τήν
875 3373 1017 3456 δωρειάν
1040 3373 1177 3454 ἀνάξιον

166 3484 256 3556 εἶναί
285 3503 404 3570 φασιν,
436 3482 456 3567 ή
489 3482 534 3567 μή
561 3477 749 3564 πεποιηκότ’
781 3476 834 3564 ἐφ’
866 3470 916 3556 οἷς
942 3478 1047 3565 εὕρετ’
1078 3482 1176 3564 ἔχειν,
