2622 3938
481 743 831 822 PRAEFATIO.

235 1008 294 1075 Eis
319 1033 402 1096 quae
424 1011 460 1075 in
486 1005 685 1094 praefatione
708 1009 882 1074 voluminis
905 1009 1001 1094 primi
1024 1009 1158 1094 exposui

148 1137 250 1198 peuce
277 1138 365 1182 nune
392 1116 538 1181 addendo
564 1114 722 1180 videntur.
767 1113 861 1190 Quod
887 1114 954 1178 dixi
980 1115 1070 1180 locos
1097 1114 1159 1180 De·

149 1221 369 1286 mosthenieos
392 1223 476 1307 opud
503 1221 649 1286 rhetores
673 1243 768 1306 saepe
795 1219 881 1284 mele
908 1220 1158 1286 deseribuntium

148 1325 367 1411 legentiumre
388 1327 558 1393 sedulitate
578 1327 618 1391 sd
636 1327 818 1411 exemplum
836 1326 987 1412 vulgatae
1009 1326 1158 1392 leotienis

150 1437 319 1517 corruptos
342 1451 426 1516 esse,
451 1431 486 1495 id
508 1453 593 1496 novo
615 1431 682 1495 iem
705 1429 851 1515 exemplo
874 1431 1064 1495 confirmare
1086 1453 1159 1515 pos·

151 1561 230 1602 sum
281 1537 321 1602 Iu
352 1536 484 1602 scholiis
511 1535 783 1622 Hermogeuiunis
807 1534 878 1621 (lv,
896 1536 961 1600 546
981 1533 1048 1622 W.)
1078 1537 1158 1602 hsee

8 1689 13 1696 ·
151 1648 279 1709 exstent
307 1642 345 1707 de
368 1639 796 1725 Midiunseloeo(§14t):
826 1637 881 1706 καὶ
909 1642 946 1704 τὸ
973 1639 1043 1706 κατ’
1070 1638 1158 1719 εἶδος

151 1749 211 1812 οὐκ
231 1749 395 1828 ἐξετάσας·
415 1743 576 1828 οὐδὲγὰρ
594 1741 664 1811 εἶπε
684 1748 743 1828 ,,τὸ
764 1747 948 1822 κονδύλους
967 1748 1086 1813 δοῦναι
1102 1747 1158 1814 καὶ

151 1855 276 1938 ἐσθῆτα
299 1851 497 1938 καταρρῆξαι
515 1849 571 1916 καὶ
593 1860 738 1936 χρυσοῦς
755 1851 950 1933 διαφθεῖραι
973 1854 1158 1934 στεφάνους

151 1961 268 2043 ὅμοιον
295 1968 356 2025 τοῦ
382 1960 564 2033 κατακόψαι
587 1959 665 2032 τοὺς
682 1953 842 2040 Ἑρμᾶς“,
870 1955 952 2020 ἀλλὰ
978 1966 1019 2043 τῇ
1044 1969 1158 2046 revers]

151 2069 307 2151 κοινωνίᾳ
330 2065 588 2147 προσεχρήσατο,
613 2062 714 2126 εἰκὼν
738 2064 797 2142 „ri
821 2057 857 2126 (ll
880 2063 965 2140 ὅλως
987 2062 1159 2147 ἀφανίζειν

153 2173 261 2251 ἱερὰν
285 2170 431 2254 ἐσθῆτα
453 2162 527 2233 ἔσθ’
549 2168 567 2232 ὅ
585 2190 617 2232 τι
635 2176 696 2232 τοῦ
713 2171 922 2248 περικόπτειν
944 2171 1022 2246 τοὺς
1040 2167 1159 2256 Ἑρμᾶς

152 2277 337 2360 sessores
366 2273 577 2339 Manifestum
604 2279 654 2339 est
676 2273 705 2338 si
728 2273 805 2358 quid
828 2274 915 2339 uliud
940 2275 1027 2340 hune
1053 2275 1159 2342 rheto-

150 2404 218 2447 rem
240 2403 307 2446 non
329 2380 496 2466 scripsisse
520 2379 613 2462 ίερὰν
636 2379 770 2462 ἐσθῆτα,
794 2401 876 2464 quae
900 2385 949 2445 est
969 2381 1103 2466 vulgste
1124 2383 1159 2446 in

150 2488 271 2552 nostris
295 2508 422 2573 quoque
445 2485 538 2550 libris
560 2485 668 2570 leutio,
692 2485 749 2549 sed
773 2485 854 2570 ἱερὰ,
878 2485 969 2551 euius
992 2488 1086 2552 testis
1109 2493 1159 2552 est

151 2601 184 2658 et
206 2590 347 2659 oodexS
371 2596 405 2657 et
427 2591 606 2656 scholiasta
624 2590 862 2656 Demosthenis.
899 2591 945 2657 Et
967 2615 1041 2658 eum
1064 2599 1159 2658 antee

151 2699 236 2784 apud
257 2697 421 2762 rhetorem
444 2696 489 2761 sit
511 2696 722 2777 κατάκοροι,
744 2716 784 2760 ne
804 2698 888 2782 apud
906 2697 1158 2764 Demosthenem

152 2805 281 2890 quidem
303 2804 510 2888 περικόπτειν
533 2825 607 2868 eum
629 2801 792 2886 plerisque
814 2802 907 2868 libris
934 2805 1052 2891 legisse
1075 2806 1158 2871 ride-

151 2917 212 2996 tur,
239 2910 296 2974 sed
322 2912 454 2973 κόπτειν
484 2930 558 2972 eum
581 2905 611 2975 S.
659 2907 779 2973 Utrum
802 2912 879 2984 τοὺς
898 2906 1017 2992 Ἑρμᾶς
1042 2910 1159 2997 legerit

151 3038 259 3101 neone,
281 3036 362 3098 quse
385 3014 485 3079 verbe
500 3017 588 3078 reete
607 3013 725 3078 delevit
744 3013 923 3099 Dobreeur,
945 3016 1084 3081 discerni
1106 3041 1159 3083 ne-

153 3121 229 3205 quit.
265 3118 316 3184 Ne
340 3119 425 3204 opud
442 3117 578 3184 Latinos
602 3119 732 3203 quidem
750 3125 898 3186 auctores
920 3120 985 3186 looi
1004 3122 1094 3188 elleti
1111 3124 1158 3195 in-

153 3226 231 3291 tsoti
253 3229 449 3290 manserunt.
494 3223 600 3288 Affert
623 3222 746 3289 Gellius
771 3225 892 3311 mvn,
909 3225 966 3311 20)
989 3226 1096 3294 locum
1119 3252 1157 3293 ex

155 3329 306 3399 Convirio
335 3329 484 3394 Plutonis
518 3331 561 3415 (p.
582 3330 645 3396 180
655 3330 698 3413 E)
731 3331 840 3394 additu
871 3332 1017 3398 versione
1048 3333 1157 3398 latine.

155 3440 250 3500 Πᾶσα
269 3438 330 3519 γὰρ
349 3435 466 3518 πρᾶξις
479 3429 541 3500 ,ὧδ’
563 3435 640 3517 ἔχει·
660 3433 741 3517 αὐτὴ
761 3433 812 3518 ἐφ’
834 3437 936 3520 αὑτῆς
953 3439 1157 3521 πραττομένη

932 3539 947 3572 *

442 3702 710 3808 23όῆῧὸ
