2614 3904
178 158 245 224 356
483 163 580 214 xx1x.
605 160 884 214 Διιιιοεοεαονε

177 331 246 386 τῶν
273 327 489 404 κλινοποιῶν,
509 313 552 386 ἐἰ
577 324 620 387 σὺ
648 322 759 404 λαβὼν
787 322 832 399 ὡς
859 323 983 388 σαυτὸν
1010 319 1065 388 ιιαί
1091 320 1196 387 πόλλ’
1285 327 1286 334 ’

180 429 249 515 ἰδίᾳ
280 429 440 514 κερδάνας
468 427 520 494 ἐπὶ
547 439 617 504 τοῖς
644 427 734 511 ἐμοῖς
762 429 935 510 δανείζων,
964 427 1004 494 ὃν
1031 425 1085 494 καὶ
1112 430 1201 504 τοὺς
1286 493 1287 506 ,

179 534 301 611 ἀλλους
328 543 472 618 προσῆκε
499 533 655 615 κωλύειν,
684 527 741 598 εἰτ’
771 532 910 618 ἀφανεῖς
938 536 1131 617 πεποίηκας,
1161 537 1204 598 τί

179 655 233 705 σοι
261 642 445 723 ποιήσωσιν
472 637 508 703 οἰ
531 639 707 722 μύρτυρες;
737 637 778 703 οὐ
805 639 869 720 γὰρ
892 633 990 704 οὗτοί
1009 662 1046 722 γε
1069 663 1199 723 μεμαρ-
1287 682 1288 728 1

179 747 375 829 τυρηκασιν,
402 744 446 820 ὡς
469 744 648 828 ὡμολόγεις
672 741 725 808 ἐπὶ
747 754 817 820 τοῖς
839 743 930 828 ἐμοῖς
953 746 1114 824 δανείζειν
1137 744 1200 812 καὶ

180 854 296 934 λαβεῖν
318 847 520 934 τάνδράποδ’
543 849 587 926 ὡς
611 851 745 932 σαυτόν,
769 847 840 915 ἀλλ’
864 850 901 915 ἐν
923 858 968 938 τῷ
992 853 1079 938 λόγῳ
1098 850 1193 918 τοῦτ’
1288 934 1289 950 ¹

139 972 165 1013 ⁸⁸
180 957 335 1042 ἔγραψας,
355 954 712 1040 σνγκατεμαρτύρησαν
727 953 757 1020 δ’
776 957 811 1022 οί
826 957 997 1041 μάρτυρες.
1028 958 1110 1024 ἀλλὰ
1124 959 1197 1042 μην
1288 955 1289 962 '

178 1061 254 1143 περὶ
281 1071 341 1130 τοῦ
368 1059 400 1147 γ’
428 1061 607 1147 ἐλέφαντος
634 1059 772 1128 καὶτοῦ
795 1063 951 1147 σιδήρου,
979 1065 1104 1142 πάντας
1127 1065 1196 1148 ἐγώ

179 1191 264 1252 φημι
282 1170 361 1245 τοὺς
379 1167 506 1245 οἰκέτας
525 1165 649 1233 εἰδέναι
668 1177 788 1234 τοῦτον
807 1172 994 1253 πωλοῦντα,
1015 1168 1069 1235 καί
1088 1193 1196 1254 παρα-

180 1275 298 1340 δοῦναι
326 1272 380 1340 καί
404 1276 476 1339 τότε
498 1271 554 1340 καί
577 1282 641 1338 νῦν
663 1275 791 1357 ηθελον
813 1273 902 1362 αὐτῷ
924 1276 1054 1341 τούτων
1077 1275 1196 1342 ὅντινα

178 1381 334 1463 βούλοιτο
358 1381 469 1464 λαβὼν
492 1381 690 1463 βασανίζειν.
737 1382 768 1445 εἰ
788 1383 904 1446 τοίνυν
928 1383 1028 1465 φησει
1051 1404 1105 1466 με,
1133 1383 1196 1446 τὸν

179 1485 277 1553 εἰδότ’
306 1486 366 1552 οὐκ
392 1483 541 1552 ἐθέλοντ’
570 1485 741 1569 ἐκδοῦναι,
768 1488 847 1562 τοὺς
870 1485 932 1551 οὐκ
955 1488 1084 1564 εἰδότας
1106 1485 1194 1552 ἐκδι-

179 1593 291 1674 δόναι,
320 1596 405 1659 πολὺ
434 1593 475 1677 δὴ
505 1596 631 1677 μᾶλλον
658 1591 747 1678 αὐτῷ
775 1595 980 1676 παραλαβεῖν
1009 1595 1194 1676 φανήσεται

178 1708 361 1784 προσηκον·
381 1700 411 1763 εἰ
428 1699 503 1783 γὰρ,
523 1697 581 1774 οὓς
600 1697 644 1774 ὡς
663 1698 791 1775 εἰδότας
807 1696 979 1777 ἐξεδίδουν
993 1697 1068 1782 ἐγώ,
1087 1695 1193 1782 μηδὲν

179 1807 266 1890 ἔχειν
289 1808 419 1888 ἔφασαν
442 1804 571 1870 τούτων
594 1803 712 1886 αὐτόν,
740 1802 928 1888 ἀπήλλακτο
953 1805 1126 1888 δήπουθεν
1149 1804 1193 1870 ἀν

140 1925 165 1966 ³⁹
179 1920 237 1994 της
260 1911 373 1986 αἰτίας.
410 1906 480 1974 ἀλλ’
506 1907 580 1993 ούχί
603 1911 757 1974 τοιοῦτόν
781 1908 881 1992 ἐστιν,
905 1908 989 1974 ἀλλὰ
1012 1921 1126 1994 σαφῶς
1149 1910 1193 1976 ἀν

179 2015 359 2100 ἐξηλέγχθη
379 2019 498 2079 πωλῶν
515 2011 570 2078 καὶ
588 2014 650 2097 τὴν
669 2014 768 2097 τιμην
786 2013 1028 2098 κεκομισμένος.
1065 2016 1181 2102 διόπερ
1192 2033 1245 2081 856

179 2126 257 2200 τοὺς
284 2118 558 2206 ὁμολογουμένως
586 2119 729 2195 δούλους
756 2121 907 2204 παραβὰς
929 2121 987 2186 τὸν
1011 2119 1191 2205 ἐλεύθερον

179 2229 273 2313 ἠξίου
292 2229 491 2310 βασανίζειν,
511 2225 551 2292 ὃν
570 2219 642 2290 οὐδ’
660 2224 756 2291 όσιον
770 2227 990 2311 παραδοῦναι,
1008 2229 1046 2292 τὸ
1065 2227 1187 2314 πρᾶγμ’

179 2335 241 2402 οὐκ
268 2333 404 2416 ἀγαγεῖν
430 2334 476 2409 εἰς
500 2334 635 2416 ἔλεγχον
659 2334 778 2415 ζητῶν,
806 2330 889 2397 ἀλλὰ
912 2333 955 2416 μη
979 2337 1192 2419 παραλαμβά-

178 2465 249 2507 νων
272 2442 475 2524 βουλόμενός
497 2463 529 2502 τι
548 2440 660 2503 δοκεῖν
679 2437 796 2522 λέγειν.
829 2436 905 2521 περὶ
922 2442 1039 2505 τοίνυν
1057 2442 1192 2508 πάντων

179 2548 322 2627 τούτων,
350 2556 482 2630 πρῶτον
505 2539 566 2628 μὲν
589 2541 664 2627 περὶ
686 2553 743 2628 τῆς
765 2547 917 2628 προικός,
944 2540 1010 2609 εἷθ’
1037 2543 1120 2632 ὑπὲρ
1143 2543 1192 2613 ὧν

178 2659 398 2737 καθυφεῖκεν,
427 2646 492 2716 εἶθ’
519 2646 601 2733 ὑπὲρ
624 2660 691 2715 τῶν
714 2650 840 2731 ἀλλων,
865 2649 1091 2733 ἀναγνώσεται
1112 2655 1192 2731 τούς

179 2783 214 2827 τε
236 2762 360 2842 νόμους
382 2755 437 2822 καὶ
459 2757 517 2832 τὰς
539 2757 734 2840 μαρτυρίας,
758 2752 802 2819 ἵν’
830 2756 948 2838 εἰδῆτε.

500 2967 626 3018 ΝΟΜΟῙ.
663 2966 867 3020 ΜΑΡΤΤΡΙΑΙ.

143 3093 167 3131 ¹0
271 3077 321 3143 Οὐ
343 3078 460 3142 τοίνυν
482 3077 586 3159 μόνον
610 3072 646 3139 ἐκ
668 3074 796 3138 τούτων
819 3071 861 3137 ἀν
885 3077 1028 3160 γνοίητε,
1052 3074 1102 3141 δτι
1125 3073 1190 3142 δει-

180 3187 242 3252 νὸν
265 3178 337 3249 οὐδ’
360 3183 473 3249 ὁτιοῦν
496 3179 644 3246 πέπονθε
667 3181 725 3246 τὸν
748 3181 934 3264 ἄνθρωπον
957 3180 1018 3245 οὐκ
1037 3180 1191 3260 ἐκδόντος

182 3292 263 3376 ἐμοῦ
294 3292 498 3372 βασανίζειν,
530 3287 613 3352 ἀλλὰ
645 3284 700 3353 καί
732 3287 770 3352 τὸ
801 3280 923 3370 πρᾶγμ’
957 3282 1028 3352 αὕτ’
1059 3289 1091 3353 εἰ
1119 3288 1191 3353 σκέ-

181 3402 314 3472 ψαισθε.
360 3402 474 3478 θῶμεν
501 3395 565 3479 γὰρ
593 3394 634 3477 δη
662 3393 722 3458 τὸν
744 3393 882 3457 Μιλύαν
911 3390 963 3458 ἐπὶ
987 3402 1047 3458 τοῦ
1070 3403 1191 3478 τροχοῦ

184 3504 438 3584 στρεβλοῦσθαι,
461 3499 516 3566 καὶ
538 3502 574 3565 τί
593 3496 721 3584 μάλιστ’
746 3497 787 3564 ἀν
808 3497 910 3564 αὐτὸν
935 3498 1063 3578 εὔξαιτο
1083 3498 1190 3582 λε’γειν
