2614 3904
160 141 226 207 346
299 223 302 228 Ι
464 144 561 196 mx.
585 139 864 195 Δεπομοτιαονε

158 302 215 370 Ικαὶ
239 301 397 386 δεινότερ’
424 303 528 369 αὐτοῦ
550 301 762 387 ψευσαμένου
785 301 908 389 ῥᾳδίως
931 298 1096 382 ἐξελέγξας
1115 298 1173 364 διδ

160 411 222 493 τὴν
248 411 467 495 περιφάνειαν
494 420 561 474 τῶν
589 408 813 493 ἀδικημάτων,
841 408 1037 490 θαυμασίως
1062 402 1104 469 ἀν
1126 404 1173 482 ὡς

160 516 389 600 ηὐλαβούμην,
411 516 455 600 μὴ
479 513 533 580 καὶ
556 525 620 582 νῦν
643 515 685 579 οὐ
709 515 847 598 δυνηθῶ
867 510 982 594 δεῖξαι,
1005 519 1050 596 πη
1067 532 1173 594 παρα-

160 623 318 704 κρούεταί
337 619 417 687 ποθ’
442 615 559 688 ἕκασθ’
581 621 666 705 ὑμᾶς
689 619 807 686 αὐτῶν.
844 627 909 684 νῦν
931 614 968 683 δὲ
992 620 1055 684 σὺν
1077 622 1173 694 θεοῖς

161 729 277 812 εἰπεῖν,
297 729 399 812 άνπερ
419 733 486 793 ίσοι
504 725 560 793 καλ
578 725 686 793 κοινοὶ
704 722 843 810 γένησθ’
861 724 1030 810 ἀκροαταί,
1048 723 1173 800 πολλὰς

162 832 297 908 ἐλπίδας
319 835 381 918 ἔχω
403 829 507 918 μηδὲν
524 827 625 916 ἧττον
643 832 729 916 ὑμᾶς
746 833 808 916 τὴν
827 829 999 896 ἀναίδειαν
1016 830 1078 912 τὴν
1096 830 1172 894 τού·

160 961 222 1004 του
249 940 441 1022 γνώσεσθαι
463 950 530 1004 τῶν
553 941 716 1023 πρότερον
739 937 955 1004 δικασάντων.
1000 933 1055 1002 καὶ
1078 931 1169 1001 ταῦτ’

161 1046 194 1110 εί
214 1040 275 1129 μέν
298 1043 403 1111 ἐδεῖτο
427 1047 529 1128 λόγου
551 1045 643 1121 τινὸς
667 1042 714 1128 [ἣ]
738 1046 917 1126 ποικιλίας,
945 1045 1046 1125 ἔγωγε
1069 1043 1174 1108 κατῶ-

161 1173 266 1216 κνουν
294 1148 336 1216 ἀν
362 1151 424 1234 τὴν
452 1150 597 1235 ἐμαυτοῦ
621 1152 913 1235 καταμεμφόμενος
935 1147 1080 1232 ἡλικίαν·
1107 1157 1173 1214 νῦν

163 1253 193 1321 δ’
221 1255 330 1334 άπλῶς
357 1258 410 1323 δεῖ
435 1255 565 1336 διδάξαι
592 1253 647 1322 καὶ
674 1257 900 1339 διηγήσασθαι
926 1255 966 1320 τδ
988 1254 1094 1343 τούτῳ
1117 1275 1174 1319 πε-

162 1360 334 1447 πραγμένα
356 1359 431 1447 περὶ
454 1361 561 1446 ἡμῶν·
585 1360 621 1428 ἐκ
644 1357 681 1428 δὲ
703 1362 832 1427 τούτων
855 1356 946 1446 οἶμαι
969 1369 1069 1426 πᾶσιν
1092 1360 1174 1444 ὑμῖν

163 1468 353 1551 εὔγνωστον
382 1471 535 1552 ἔσεσθαι,
566 1469 705 1552 πότερός
731 1464 810 1533 ποθ’
841 1466 937 1551 ἡμῶν
964 1463 1036 1532 ἐσθ’
1068 1465 1174 1533 όπο·

162 1576 272 1658 νηρός.

137 1699 150 1740 ι
255 1675 339 1746 Οἶδα
362 1675 422 1764 μὲν
445 1675 508 1746 οὖν
529 1681 580 1746 ὅτι
598 1680 659 1764 την
679 1681 776 1764 δίκην
795 1672 894 1756 οὗτος
911 1683 1020 1764 εῖληχε
1038 1678 1173 1764 ταύτην,

164 1784 239 1871 οὐχὶ
260 1793 306 1872 τῷ
326 1787 367 1851 τὰ
384 1786 491 1869 ψευδῆ
514 1783 577 1852 τιν’
600 1786 705 1852 αὐτοῦ
722 1783 1089 1870 καταμεμαρτυρηκέναι
1108 1785 1174 1866 ἐξε-

164 1892 290 1976 λέγξειν
312 1892 488 1974 πιστεύων,
513 1888 584 1958 ἀλλ’
606 1891 791 1976 ἡγούμενος
814 1893 869 1957 διά
892 1891 929 1956 τὸ
953 1890 1095 1975 μέγεθος
1112 1902 1174 1958 τοῦ

163 2001 341 2084 τιμηματος
363 2007 421 2082 τῆς
441 1999 545 2082 δίκης,
567 1997 610 2082 ἣν
630 1993 752 2083 ὦφλεν,
776 1995 849 2082 ἐμοὶ
866 1993 928 2083 μὲν
946 1995 988 2063 ἀν
1006 1996 1225 2080 γενέσθαι845

163 2107 238 2170 τινὰ
261 2107 406 2189 φθόνον,
430 2103 519 2192 αὑτῷ
544 2101 574 2169 δ’
599 2106 701 2170 ἔλεον.
737 2101 793 2169 καὶ
817 2105 872 2168 διά
894 2112 997 2168 ταῦτα
1019 2103 1174 2190 περὶτῆς

162 2209 384 2294 γεγενημένης
402 2211 495 2294 δίκης
513 2219 577 2275 νῦν
596 2209 816 2293 ἀπολογεῖται,
834 2207 910 2294 περὶ
927 2204 968 2293 ἧς
985 2207 1051 2276 τότ’
1072 2208 1174 2277 οὐδὲν

163 2320 237 2403 ἔσχε
261 2318 391 2382 δίκαιον
411 2318 524 2382 εἰπεῖν.
561 2315 624 2400 ἐγὼ
644 2311 674 2381 δ’
697 2312 723 2381 ὦ
742 2317 861 2402 ἀνδρες
879 2316 1041 2399 δικασταί,
1064 2319 1096 2382 εί
1112 2314 1174 2402 μὲν

164 2422 375 2509 ἐπεπράγμην
397 2432 518 2488 τοῦτον
537 2424 599 2506 τὴν
619 2423 717 2506 δίκην
735 2421 754 2506 ἣ
775 2419 879 2506 μηδέν
896 2423 1022 2505 ἤθελον
1036 2422 1174 2508 ’μέτριον

164 2539 359 2615 συγχωρεῖν,
382 2528 522 2612 ἠδίκουν
545 2525 607 2613 μὲν
630 2526 702 2594 οὐδ’
728 2525 770 2593 ἀν
794 2528 909 2612 οὕτως,
932 2529 972 2592 τά
994 2523 1071 2613 παρ’
1092 2529 1173 2613 ὑμῖν

163 2635 359 2721 γνωσθέντα
386 2638 609 2720 πραττόμενος
636 2635 753 2713 αὐτόν,
787 2635 875 2719 ὅμως
903 2631 933 2698 δ’
962 2631 1004 2700 ἀν
1031 2629 1100 2720 είχέ
1124 2660 1174 2714 τις

165 2745 280 2825 εἰπεῖν,
304 2742 348 2818 ῶς
368 2745 444 2807 λίαν
464 2741 559 2824 ὠμῶς
577 2739 632 2807 καὶ
650 2753 774 2827 πικρῶς
792 2742 872 2806 ὄντα
891 2751 1034 2825 συγγενῆ
1053 2751 1174 2808 τοῦτον

138 2847 201 2914 ιέκ
228 2858 285 2931 τῆς
312 2847 427 2924 οὐσίας
455 2846 642 2932 ἐκβέβληκα.
688 2856 752 2913 νῦν
781 2843 818 2913 δὲ
844 2847 1042 2914 τούναντίον
1070 2845 1173 2912 ἐστίν·

165 2949 263 3030 οὗτος
283 2950 338 3037 ἐμὲ
356 2964 423 3019 τῶν
441 2951 603 3040 πατρῴων
623 2952 779 3019 ἁπάντων
797 2955 877 3038 μετά
895 2964 963 3018 τῶν
981 2957 1174 3038 σννεπιτρό·

164 3084 237 3126 πων
256 3059 463 3143 ἀπεστέρηκε,
482 3058 537 3126 καί
557 3055 630 3124 οὐδ’
648 3059 685 3125 ἐν
703 3059 783 3144 ὑμῖν
802 3071 954 3144 φανερῶς
972 3058 1175 3144 ἐξελεγχθεὶς

165 3173 267 3230 οίεται
291 3167 362 3231 δεῖν
385 3162 486 3232 οὐδὲν
508 3177 575 3232 τῶν
598 3168 739 3252 μετρίων
757 3177 877 3248 ποιεῖν,
900 3165 983 3232 ἀλλά
1002 3166 1175 3231 διασκευα-

166 3272 307 3354 σάμενος
330 3273 389 3355 τὴν
413 3272 543 3355 οὐσίαν,
566 3270 621 3338 καὶ
644 3274 814 3355 παραδοὺς
836 3273 897 3356 τὴν
920 3269 981 3356 μὲν
1000 3275 1175 3337 συνοικίαν

168 3377 284 3463 Αίσίφ,
303 3378 363 3442 τὸν
382 3374 412 3442 δ’
433 3377 537 3462 ἀγρὸν
554 3373 712 3462 Ὀνήτορι,
731 3379 813 3464 πρὸς
831 3374 892 3462 μὲν
911 3376 1059 3454 ἐκείνους
1077 3377 1174 3459 δίκην

171 3477 221 3541 καλ
248 3480 409 3564 πράγματ’
439 3487 526 3568 ἐχειν
554 3481 609 3570 ἐμὲ
637 3487 830 3568 πεποίηκεν,
858 3483 893 3549 ἐκ
919 3479 957 3586 δὲ
984 3491 1041 3565 της
1068 3483 1175 3558 οίκίας
