2938 4180
254 168 321 234 224
557 171 654 226 XXIV.
676 167 957 222 ΔΗΜΟΣΘΕΝΟΤΣ

252 335 372 396 λαθεῖν
403 329 501 397 τόνδε
532 331 592 397 τὸν
624 333 729 415 νόμον
760 327 909 395 τεθέντα.
955 338 1118 414 μαρτυρεῖ
1146 321 1178 394 δ’
1212 326 1267 395 ὅτε

250 431 351 501 ταῦθ’
378 435 483 514 οὕτως
505 438 569 522 ἔχει
591 437 736 522 τούργον
761 433 855 500 αιἰτό·
879 445 948 500 τῶν
969 431 1030 519 μὲν
1052 435 1117 519 γάρ
1139 434 1267 519 χρημά-

251 565 319 608 των
342 541 480 619 έκείνοις
497 552 567 619 τοῖς
584 543 718 627 χρόνοις
737 541 888 626 δραχμὴν
907 538 949 605 ού
966 538 1155 624 κατέθηκαν
1171 540 1264 624 ύμῖν,

251 651 343 736 νόμῳ
367 642 397 712 δ’
423 645 474 713 ἑνὶ
496 650 671 725 πλείστους
691 646 902 732 ὑπάρχοντας
925 644 1070 730 ἀκύρους
1092 645 1263 730 ἐποίησαν,

250 751 306 820 καὶ
328 754 434 842 τούτῳ
457 764 525 819 τῶν
544 750 669 820 πώποτ’
691 752 729 820 έν
746 752 829 838 ὑμῖν
845 748 1015 818 τεθέντων
1033 753 1190 842 αἰσχίστῳ
1207 750 1265 818 καί

252 860 440 948 δεινοτάτω.

211 986 238 1029 ιτ
340 966 511 1050 Βούλομαι
535 967 577 1050 δὴ
600 966 700 1053 μικρὰ
723 964 904 1044 διεξελθὼν
923 962 1085 1049 περὶτῶν
1102 964 1265 1050 κειμένων

251 1073 375 1156 νόμων,
399 1067 477 1139 καθ’
504 1072 564 1149 ούς
585 1073 672 1138 είσιν
694 1071 732 1137 αί
752 1073 877 1137 τοιαίδε
899 1074 1037 1156 γραφαί,
1060 1069 1137 1157 περί
1160 1071 1264 1138 αὐτοῦ

251 1187 312 1243 τοῦ
334 1179 442 1262 νόμου
465 1176 573 1261 λέγειν
595 1176 637 1244 δν
658 1175 856 1263 γέγραμμαι·
878 1179 1063 1261 γενήσεσθε
1082 1178 1146 1263 γάρ
1165 1177 1265 1262 εὐμα-

250 1282 406 1369 θέστεροι
432 1286 514 1369 πρὸς
540 1286 581 1349 τά
606 1283 705 1349 λοιπά
727 1291 830 1348 ταῦτα
851 1283 1128 1366 προακούσαντες.
1173 1285 1265 1349 ἔστιν

252 1385 278 1454 ὦ
306 1391 426 1476 ἄνδρες
449 1383 622 1474 Ἀθηναῖοι
644 1388 682 1456 έν
703 1398 773 1465 τοῖς
795 1381 872 1453 οὖσι
895 1391 1012 1472 νόμοις
1033 1387 1113 1474 ἡμῖν
1135 1392 1265 1474 κυρίοις

252 1489 442 1580 διωρισμέν’
468 1495 612 1579 ἀκριβῶς
638 1491 693 1560 καὶ
722 1504 837 1578 σαφῶς
863 1490 967 1559 πάνθ’
993 1492 1057 1559 ὅσα
1082 1495 1136 1559 δεῖ
1154 1504 1265 1560 ποιεῖν

212 1623 238 1663 ιε
252 1599 326 1684 περὶ
354 1611 422 1666 τῶν
447 1602 637 1684 μελλόντων
658 1602 863 1683 τεθήσεσθαι
885 1601 1009 1684 νόμων.
1054 1597 1110 1665 καὶ
1132 1609 1265 1685 πρῶτον

252 1703 313 1790 μέν
336 1704 491 1771 ἁπάντων
514 1708 634 1791 χρόνος
656 1703 726 1771 ἐστὶ
744 1703 981 1790 γεγραμμένος,
1005 1704 1042 1771 έν
1060 1695 1087 1794 ᾧ
1105 1709 1265 1790 προσήκει

251 1819 461 1896 νομοθετεῖν·
486 1807 544 1878 εἶτ’
567 1807 647 1878 οὐδὲ
669 1808 744 1876 τόθ’
766 1810 812 1888 ὡς
833 1808 876 1875 ἀν
895 1808 1019 1900 ἑκάστῳ
1038 1812 1120 1896 δοκῇ
1140 1809 1265 1878 δέδωκε

251 1926 350 1983 τοῦτο
372 1918 539 2001 πράττειν,
563 1916 646 1982 ἀλλὰ
668 1917 864 2002 προστάττει
885 1927 1018 2002 πρῶτον
1036 1912 1097 2001 μέν
1115 1916 1265 1983 έκθεῖναι

251 2025 401 2108 πρόσθεν
424 2033 492 2088 τῶν
513 2022 698 2107 ἐπωνύμων
720 2023 894 2108 γράψαντα
917 2033 1053 2088 σκοπεῖν
1075 2031 1121 2111 τῷ
1144 2025 1265 2106 βουλο-

251 2125 355 2217 μένω,
383 2130 463 2213 μετὰ
490 2125 581 2195 ταῦτ’
609 2126 663 2194 ἐπὶ
689 2138 770 2194 πᾶσι
796 2128 856 2194 τὸν
879 2127 982 2222 αὐτὸν
1003 2131 1110 2212 νόμον
1132 2128 1265 2194 τιθέναι

249 2235 387 2318 κελεύει,
410 2236 492 2321 πρὸς
513 2236 645 2312 τούτοις
663 2235 757 2301 λύειν
778 2236 858 2310 τοὺς
880 2233 1064 2317 ἐναντίους,
1087 2228 1158 2299 ἀλλ’
1179 2230 1265 2318 ὑπὲρ

250 2336 299 2407 ὧν
318 2337 419 2407 οὐδὲν
438 2347 517 2418 ίσως
534 2341 620 2426 ὑμᾶς
637 2343 821 2423 κατεπείγει
839 2351 904 2407 νῦν
922 2341 1070 2407 ἀκοῦσαι.
1098 2339 1140 2406 ἀν
1159 2341 1199 2407 δέ
1214 2366 1265 2420 τις

249 2448 378 2514 τούτων
400 2447 438 2513 ἓν
460 2451 605 2534 παραβῇ,
626 2456 672 2535 τῷ
691 2446 885 2536 βουλομένω
904 2448 1045 2513 δίδωσιν
1063 2447 1263 2533 γράφεσθαι.

211 2574 237 2615 ω
250 2556 283 2620 ει’
299 2550 360 2638 μὲν
378 2548 441 2619 οὖν
459 2555 503 2638 μη
522 2563 623 2619 πᾶσιν
640 2549 683 2637 ἧν
697 2555 812 2638 ἔνοχος
825 2553 957 2629 τούτοις
973 2554 1189 2637 Τιμοκράτης,
1208 2552 1265 2620 καὶ

250 2659 340 2745 παρὰ
361 2661 469 2725 πάντα
491 2656 582 2726 ταῦτ’
605 2662 808 2745 εἰσενηνόχει
825 2660 885 2726 τὸν
902 2662 1019 2744 νόμον,
1042 2659 1080 2725 ἓν
1099 2658 1141 2725 δυ
1159 2659 1265 2727 αὐτοῦ

249 2790 300 2843 τις
323 2766 464 2831 ἐποιεῖτο
487 2763 703 2851 κατηγόρημ,
726 2765 745 2831 ὅ
763 2789 795 2831 τι
815 2766 936 2849 δήποτε
953 2762 1044 2831 τοῦτ’
1066 2760 1122 2848 ἦν·
1144 2775 1210 2831 νῦν
1229 2764 1259 2832 δ’

250 2872 377 2957 ἀνάγκη
400 2864 479 2936 καθ’
501 2870 640 2937 ἕκαστον
661 2869 763 2956 χωρὶς
786 2869 875 2957 [περὶ
895 2870 1048 2954 ἑκάστου]
1069 2873 1265 2956 διελόμενον

250 2977 369 3062 λέγειν.
404 2973 621 3063 πρῶτονμὲν
645 2973 717 3060 οὖν,
742 2977 822 3063 ὅπερ
840 2976 978 3061 ἠδίκησε
995 2990 1138 3064 πρῶτον,
1161 2973 1251 3044 τοῦτ’
1267 2992 1320 3043 τοο

250 3083 326 3170 έρῶ,
346 3083 390 3160 ὡς
407 3084 496 3166 παρά
513 3083 638 3160 πάντας
656 3085 734 3160 τοὺς
752 3086 876 3166 νόμους
891 3082 1094 3170 ἐνομοθέτει,
1114 3079 1183 3151 εἶτα
1196 3095 1265 3150 τῶν

250 3191 360 3256 άλλων
386 3188 458 3273 ἑξῆς
481 3188 500 3253 ὅ
522 3212 554 3254 τι
576 3187 619 3254 ἀν
641 3188 859 3273 βουλομένοις
880 3188 962 3274 ὑμῖν
985 3190 1119 3256 ἀκούειν
1137 3181 1167 3277 ᾖ.
1208 3193 1269 3257 καέ

251 3319 307 3379 μοι
329 3291 410 3377 λαβδ
432 3293 588 3359 τουτουσὶ
610 3298 690 3370 τοὺς
711 3297 837 3379 νόμους
858 3293 915 3360 καὶ
937 3295 1125 3379 ἀνάγνωθι·
1157 3299 1264 3382 φανή-

252 3415 343 3465 σεται
363 3400 428 3486 γάρ
450 3401 580 3466 τούτων
603 3395 704 3466 οὐδὲν
721 3401 915 3485 πεποιηκώς.
952 3397 1121 3487 προσέχετ’
1143 3403 1265 3489 ἀνδρες

253 3502 404 3569 δικασταὶ
424 3505 484 3570 τὸν
506 3514 591 3570 νοῦν
614 3505 957 3592 ἀναγιγνωσκομένοις
979 3517 1050 3584 τοῖς
1071 3511 1196 3591 νόμοις.
