2614 3904
501 191 601 244 ΠΡΟΣ
618 192 816 245 Φοειιιιιαε.
1099 189 1165 252 413

153 359 257 416 ταῦτα
279 351 397 428 πάντες
420 357 488 416 ἐστε
512 351 549 418 ἐν
566 360 612 439 τῳ
631 355 780 439 πομπείῳ
801 353 1086 445 διαμετρούμενοι·
1109 347 1166 415 πί-

154 474 233 538 ρνσι
257 453 287 521 δ’
310 458 357 532 είς
378 457 440 540 τὴν
462 462 621 523 σιτωνίαν
644 459 705 539 τὴν
727 454 811 539 ὑπὲρ
832 467 893 522 τοῦ
917 458 1026 541 δήμου
1046 457 1164 522 τύλαν-

153 584 215 627 τον
237 562 316 646 ὑμῖν
339 561 548 646 ἐπεδώκαμεν
572 563 636 646 ἐγώ
659 587 693 628 τε
716 561 772 631 καὶ
794 563 814 628 ό
837 563 989 647 ἀδελφός.
1030 565 1089 628 καί
1107 584 1165 646 μοι

155 668 328 750 ἀνάγνωθι
350 668 479 734 τούτων
500 670 559 746 τὰς
581 673 771 756 μαρτυρίας.

10 939 11 942 ρ
556 879 760 934 mmm

43 1031 44 1034 ε
115 1007 143 1046 ιο
241 982 339 1050 Ἀλλδ
370 987 437 1071 μὴν
468 993 502 1052 ει*
527 1009 565 1069 με
593 989 647 1052 δεῖ
670 985 724 1051 καὶ
751 985 882 1062 τούτοις
908 989 1154 1070 τεκμαίρεσθαι,
1165 947 1217 1042 θλθ

155 1089 216 1156 οὐκ
235 1093 321 1168 εἰκὸς
341 1087 382 1174 ἦν
400 1091 587 1157 ἐπιδιδόναι
600 1089 662 1176 μέν
675 1091 760 1175 ἡμᾶς
772 1099 918 1158 τοσαῦτα
931 1094 1090 1178 χρήματα,
1108 1091 1164 1156 ἵνα

154 1193 231 1282 παρ’
257 1197 338 1282 ὑμῖν
360 1197 562 1282 εὐδοξῶμεν,
587 1209 809 1282 συκοφαντεῖν
831 1195 869 1264 δέ
896 1201 1085 1282 Φορμίωνα,
1109 1197 1164 1262 ἵνα

154 1300 211 1367 καὶ
236 1303 297 1386 τὴν
320 1303 535 1388 ὑπάρχουσαν
558 1304 735 1370 ἐπιείκειαν
757 1303 984 1388 ἀποβάλωμεν.
1030 1305 1164 1379 δικαίως

154 1407 197 1472 ύὶν
218 1403 282 1474 οὖν
304 1412 505 1494 βοηθήσαιτε
528 1409 607 1494 ὑμῖν
630 1405 656 1475 ὦ
680 1409 980 1493 ύνδρεςδικασταί.
1016 1407 1162 1488 ἐπέδειξα
1214 1418 1216 1424 ’

153 1515 217 1599 μδιρ
244 1514 325 1599 ύμῖν
353 1513 423 1580 οὔτ’
450 1514 484 1594 ἐξ
510 1516 611 1600 ἀρχῆς
632 1517 672 1579 τδι
694 1519 815 1600 φορτία
839 1513 1021 1600 ἐνθέμενον
1042 1524 1163 1581 τοῦτον

154 1622 202 1696 είς
223 1622 285 1704 τὴν
306 1629 392 1687 ναῦν
414 1621 570 1686 ἁπάντων
592 1617 640 1688 ὧν
661 1621 854 1688 ἐδανείσατο
874 1619 1074 1706 Ἀθήνηθεν,
1096 1632 1163 1686 τῶν

153 1723 183 1790 τ’
210 1725 247 1792 ἐν
268 1733 313 1813 τῳ
338 1729 500 1814 Βοσπόρῳ
523 1726 721 1808 πραθέντων
743 1729 822 1803 τοὺς
843 1728 883 1791 τὰ
905 1725 1083 1811 ἑτερόπλοα
1106 1728 1163 1792 δα-

114 1853 140 1892 ιι
154 1835 327 1908 νείσαντας
354 1835 448 1915 μόλις
475 1833 691 1912 διαλύσαντα,
720 1833 768 1896 ἐτι
796 1826 826 1896 δ’
857 1827 927 1898 οὔτ’
958 1832 1164 1917 εὐποροῦντα

155 1935 232 2002 οὔθ’
260 1937 365 2014 οὕτως
392 1936 460 2002 ὄντ’
489 1937 681 2023 ἀβέλτερον,
709 1931 786 2002 ὥστ’
813 1935 887 2003 ἀντὶ
916 1938 1087 2022 δισχιλίων
1109 1937 1164 2003 καὶ

155 2042 335 2120 ἑξακοσίων
367 2044 522 2127 δραχμῶν
553 2043 731 2127 τριάκοντα
763 2052 846 2127 μνᾶς
877 2040 931 2108 καὶ
962 2041 1058 2108 ἐννέα
1085 2044 1164 2110 ίιπο-

156 2151 286 2230 δούναι,
307 2151 392 2232 πρός
413 2169 448 2213 τε
470 2149 611 2230 τούτοις,
635 2149 688 2214 ὅτε
712 2149 901 2215 ἀποδοῦναί
920 2167 1004 2233 φησι
1026 2151 1064 2215 τὸ
1084 2173 1164 2235 χρυ-

155 2258 231 2322 σίον
255 2255 417 2339 Λάμπιδι,
441 2255 517 2320 ούτε
540 2256 599 2320 τὸν
622 2258 723 2322 παῖδα
746 2257 980 2339 παραλαβόντα
1002 2258 1061 2323 τὸν
1084 2255 1164 2340 ἐμὸν

156 2362 231 2426 οὔτε
262 2363 322 2429 τὸν
343 2361 516 2448 κοινωνὸν
549 2360 772 2445 ἐπιδημοῦντα
803 2359 841 2426 ἐν
873 2363 1045 2448 Βοσπόρῳ.
1092 2360 1164 2446 ἐμοὶ

157 2463 193 2533 δέ
220 2467 353 2550 Λάμπις
383 2468 483 2544 αύτὸς
514 2479 690 2551 μαρτυρῶν
723 2470 876 2550 φαίνεται
908 2467 953 2544 ὡς
984 2466 1045 2532 ούκ
1075 2467 1164 2532 ἀπεί-

116 2594 142 2633 ιι
157 2578 242 2658 ληφε
261 2575 303 2641 τὸ
324 2575 474 2658 χρυσίον,
497 2569 577 2656 πρὶν
597 2571 661 2637 ύπὸ
679 2572 802 2637 τούτου
820 2573 1058 2657 διαφθαρῆναι.
1094 2577 1164 2638 καί-

155 2681 261 2746 ποιεί
282 2673 360 2744 καθ’
385 2678 424 2744 ἓν
445 2674 584 2744 ἕκαστον
607 2677 713 2754 οὕτως
736 2677 883 2744 ἐδείκνυε
910 2681 1079 2762 Φορμίων,
1102 2680 1164 2746 ούκ

156 2780 220 2850 οἷδ’
252 2785 341 2860 ὅπως
369 2782 411 2848 δν
439 2785 546 2860 ἄλλως
572 2785 709 2867 ύμεινον
737 2783 971 2866 ἀπελογήσατο.
1016 2781 1100 2869 ύπέρ
1128 2783 1164 2865 δὲ

155 2899 217 2956 τοῦ
243 2891 304 2973 τὴν
331 2889 428 2972 δίκην
452 2889 673 2972 εἰσαγώγιμον
697 2884 782 2954 εἶναι
806 2887 823 2953 δ
847 2890 950 2972 νόμος
969 2889 1071 2966 αὐτὸς
1094 2893 1166 2956 δια-

156 2997 369 3082 μαρτύρεται,
402 2997 546 3060 κελεύων
577 2996 635 3071 τὰς
667 2995 760 3070 δίκας
786 2989 875 3060 εἶναι
902 2997 960 3072 τὰς
986 2994 1165 3081 ἐμπορικὰς

155 3113 224 3167 τῶν
251 3104 463 3186 συμβολαίων
490 3111 557 3165 τῶν
581 3098 744 3184 Ἀθήνησι
768 3098 823 3166 καὶ
846 3102 893 3178 είς
915 3102 952 3166 τὸ
977 3098 1165 3183 Ἀθηναίων

157 3208 331 3293 ἐμπόριον,
354 3206 407 3272 καλ
432 3207 476 3272 ού
497 3208 602 3290 μόνον
623 3217 691 3272 τῶν
711 3200 902 3290 Ἀθνβιησιν,
927 3207 1087 3273 ἀλλὰκαὶ
1111 3208 1160 3273 ὅτ’

157 3313 199 3379 δν
230 3313 370 3396 γίνηται·
396 3312 491 3378 ἕνεκα
517 3320 578 3376 τοῦ
604 3317 691 3378 πλού
717 3320 778 3377 τοῦ
803 3307 969 3396 Ἀθήναζε.
1017 3309 1095 3396 λαβὲ
1124 3317 1165 3396 δή

157 3444 223 3504 μοι
236 3423 315 3496 τοὺς
337 3422 469 3502 νόμους.
