2938 4180
243 144 306 208 136
550 145 635 196 xxu.
658 141 937 196 ΔΗΜΟΣΘΕΝΟΤΣ

240 305 304 387 γάρ
332 305 368 370 οί
387 301 504 370 πολλοὶ
528 305 583 370 διὰ
605 303 666 388 την
689 315 756 370 τῶν
778 304 942 386 λεγόντων
965 304 1129 386 πονηρίαν
1150 297 1244 384 τήνδ’

241 410 459 496 ἀφῃρημένην
481 412 542 493 τὴν
560 411 685 493 βουλὴν
703 411 763 476 τὸν
782 408 958 495 στέφανον,
982 406 1057 493 οὐχὶ
1074 410 1238 494 τροησον-
1249 417 1303 469 δοῖ

240 540 294 580 ται
325 517 456 592 τούτοις
488 517 545 592 τάς
576 515 722 600 πράξεις,
755 513 838 579 ἀλλά
868 515 908 578 τά
935 513 1087 598 βέλτιστα
1114 513 1249 599 ἐροῦσιν

241 621 344 688 αὐτοί.
391 622 422 685 εί
453 617 489 686 δὲ
521 622 693 705 γενήσεται
724 629 822 686 τοῦτο
853 617 908 685 καὶ
934 630 1003 686 τῶν
1028 619 1169 703 ἠθάδων
1195 617 1250 684 καὶ

242 729 492 812 συνεστηκότων
514 726 665 813 βητόρων
688 725 972 809 ἀπαλλαγήσεσθε,
998 723 1116 803 ὄψεσθ’
1143 721 1174 798 ὦ,
1192 726 1250 790 α”ν-

242 834 318 918 δρες
338 829 510 917 Ἀθηναῖοι
532 827 635 898 πάνθ’
662 831 682 897 ἃ
705 834 864 916 προσήκει
886 835 1073 918 γιγνόμενα.
1117 826 1194 898 ὥστ’
1220 834 1253 898 εί

241 938 383 1023 μηδενὸς
406 935 503 1003 εἵνεκ’
530 940 648 1019 ἀλλον,
672 938 728 1002 διδ
750 947 854 1004 ταῦτα
875 935 1151 1022 καταψηφιστέον.

203 1060 230 1104 ιι
322 1041 364 1110 Ὅ
390 1048 506 1110 τοίνυν
533 1043 647 1130 ἕτερον
671 1046 724 1109 δεῖ
744 1045 787 1129 μη
811 1049 929 1110 λαθεῖν
952 1045 1052 1129 ὑμᾶς,
1080 1043 1250 1112 ἀκούσατε.

244 1155 322 1226 ίσως
349 1150 548 1234 ἀναβήσεται
575 1148 629 1215 καὶ
658 1160 793 1235 συνερεῖ
817 1157 856 1235 τη
883 1152 989 1235 βουλῇ
1014 1154 1176 1228 Φίλιππος
1197 1154 1253 1217 καὶ

240 1249 426 1340 Ἀντιγένης
454 1253 509 1322 καὶ
537 1255 555 1321 ό
583 1255 806 1340 ἀντιγραφεὺς
832 1258 891 1321 καί
910 1279 997 1333 τινες
1019 1257 1129 1338 ἄλλοι,
1157 1257 1251 1342 οίπερ

244 1359 312 1426 ἐκεῖ
342 1359 386 1427 δι’
418 1360 544 1427 ἑαυτῶν
577 1357 667 1446 εἰχον
694 1362 774 1447 μετὰ
800 1361 922 1428 τούτου
948 1363 985 1428 τὸ
1012 1364 1252 1448 βουλευτήριον

242 1464 298 1532 καὶ
329 1465 458 1532 τούτων
488 1478 554 1532 τῶν
586 1479 697 1534 κακῶν
728 1461 789 1532 είσ’
819 1474 927 1534 αῖτιοι.
979 1468 1032 1534 δεῖ
1059 1469 1101 1553 δὴ
1128 1470 1253 1547 πάντας

243 1573 329 1658 ὑμᾶς
350 1574 548 1657 γιγνώσκειν
571 1574 622 1639 ὅτι
644 1574 775 1650 τούτοις
797 1570 866 1640 ἐστὶ
889 1571 950 1658 μὲν
972 1573 993 1658 ἡ
1012 1579 1179 1662 πρόφασις
1196 1584 1254 1659 τῆς

245 1681 446 1764 συνηγορίας
477 1688 516 1765 τῇ
548 1682 653 1765 βουλη
685 1682 842 1764 βοηθεῖν,
873 1689 913 1766 τη
945 1678 976 1746 δ’
1008 1680 1149 1768 ἀληθείη
1178 1679 1253 1763 περὶ

245 1785 355 1852 αὑτῶν
369 1784 590 1869 ἀγωνιοῦνται
607 1784 663 1851 καὶ
682 1797 749 1852 τῶν
769 1786 937 1870 εὐθυνῶν,
956 1785 995 1865 ἀς
1013 1787 1134 1864 αὐτοὺς
1152 1803 1251 1869 προσ·

204 1909 231 1951 ιε
244 1895 316 1977 ηκει
345 1892 463 1957 δοῦναι
489 1902 556 1957 τῶν
584 1890 830 1977 πεπραγμένων.
878 1895 944 1978 ἔχει
966 1895 1029 1978 γὰρ
1053 1893 1165 1971 ούτως.
1211 1891 1254 1959 ἀν

245 1995 306 2085 μὲν
324 1997 495 2080 ἀπογνῶτε
513 1999 574 2081 τὴν
592 1998 727 2083 γραφὴν
744 1998 880 2083 ταύτην,
898 1997 1039 2076 ἅπαντές
1053 2002 1138 2066 εἰσιν
1152 1999 1253 2084 ἀπηλ-

246 2102 402 2188 λαγμένοι
429 2101 485 2169 καὶ
512 2104 609 2187 δίκην
638 2101 748 2181 οὐδεὶς
775 2103 934 2188 οὐδεμίαν
960 2106 1004 2189 μὴ
1028 2107 1090 2193 δῷ·
1119 2109 1169 2182 τίς
1190 2108 1254 2192 γάρ

245 2207 290 2276 ἔτ’
312 2209 354 2276 ἀν
378 2203 633 2293 καταψηφίσαιτ’
655 2208 802 2291 ἐκείνων,
825 2208 886 2293 την
908 2211 1035 2294 βουλην
1055 2210 1149 2296 ὑμῶν
1167 2211 1254 2277 έστε-

246 2318 465 2401 φανωκότων,
488 2309 527 2398 ἧς
550 2308 643 2380 οὗτοι
666 2313 887 2400 προέστασαν;
917 2314 975 2381 ίάν
997 2312 1035 2382 δὲ
1056 2329 1253 2401 καταγνῶτε,

246 2433 378 2508 πρῶτον
407 2418 468 2506 μὲν
495 2421 535 2487 τά
563 2417 673 2505 εὔορκ’
704 2419 816 2486 ἔσεσθ’
847 2420 1081 2506 ἐψηφισμένοι,
1114 2418 1171 2488 εἶτ’
1202 2423 1254 2490 ἐπὶ

246 2540 317 2606 ταῖς
340 2529 502 2605 εὐθύναις
519 2526 658 2593 ἕκαστον
676 2527 804 2592 τούτων
822 2527 1055 2611 λαμβάνοντες,
1079 2528 1115 2606 ὃς
1133 2525 1195 2614 μὲν
1213 2529 1254 2596 ἀν

230 2635 326 2720 ’ὑμῖν
349 2634 477 2700 ἀδικεῖν
500 2634 597 2718 δοκῇ,
620 2633 790 2716 κολάσετε,
813 2631 850 2710 ὃς
873 2629 904 2697 δ’
930 2631 973 2698 ἀν
995 2635 1054 2718 μὴ,
1077 2629 1143 2700 τότ’
1170 2634 1254 2720 ἀφή-

247 2759 328 2808 σετε.
373 2740 417 2826 μη
442 2734 503 2806 οὖν
527 2740 571 2817 ῶς
592 2733 675 2824 ὑπὲρ
699 2747 756 2822 της
778 2741 900 2822 βουλῆς
923 2743 1088 2822 λεγόντων
1111 2739 1255 2808 καὶτῶν

246 2853 379 2914 πολλῶν
398 2846 542 2926 ἀκούετε,
564 2838 636 2911 ἀλλ’
658 2845 702 2921 ὡς
719 2840 803 2929 ὑπὲρ
822 2844 932 2910 αὑτῶν
950 2846 1255 2932 παρακρουομένοις

247 2955 427 3041 ὀργίζεσθε.

208 3079 236 3120 ιο
328 3060 399 3126 Ἔτι
421 3061 538 3124 τοίνυν
557 3056 690 3143 Ἀρχίαν
714 3054 814 3143 οἶμαι,
827 3058 886 3123 τὸν
905 3057 1076 3142 Χολαργέα
1100 3057 1255 3146 (καὶγὰρ

249 3163 346 3244 οὗτος
377 3165 554 3250 ἐβούλευεν
585 3161 738 3250 πέρυσιν)
772 3163 816 3241 ὡς
843 3162 966 3246 ἐπιεικῆ
981 3164 1172 3248 Ιδιοίσεσθαι
1198 3164 1255 3232 καί

249 3284 402 3358 συνερεῖν
425 3270 546 3346 αὐτοῖς.
590 3270 654 3353 ἐγὼ
678 3267 708 3334 δ’
736 3264 828 3354 οἶμαι
851 3271 922 3333 δεῖν
945 3270 1010 3335 ὡδί
1029 3291 1097 3346 πως
1120 3270 1254 3338 ἀκούειν

246 3377 388 3464 Ἀρχίου,
412 3378 537 3463 ἐρωτᾶν
560 3376 663 3442 αὐτὸν
681 3373 793 3458 ταῦθ’,
818 3373 838 3440 ἀ
856 3387 1083 3461 κατηγορεῖται
1100 3385 1158 3460 τῆς
1175 3381 1254 3462 βου-

252 3489 318 3567 λῆς,
341 3481 450 3566 πότερ’
473 3482 561 3571 αὐτῷ
586 3484 679 3548 δοκεῖ
694 3486 801 3558 καλῶς
818 3484 905 3566 ἔχειν
923 3480 943 3566 ἢ
962 3493 1082 3559 κακῶς·
1104 3481 1167 3548 κάν
1184 3480 1307 3569 μὲνοοσ
