2614 3904
447 172 547 224 ΠΡΟΣ
564 172 810 258 ΔΠΔΤΟΤΡΙΟΝ.
1066 168 1133 234 393

123 330 265 414 ἀπήντα,
299 331 345 408 ὡς
376 325 413 396 δὲ
442 331 517 415 δίκη
547 330 660 394 λύσων
685 331 745 395 τὸν
772 331 873 412 ὅρκον
900 335 1134 414 προσκαλεῖται

122 438 181 502 τὸν
207 437 435 524 Παρμένοντα.
481 437 700 520 ἐνεστηκυιῶν
728 431 760 501 θ’
786 436 898 512 αὐτοῖς
924 447 992 501 τῶν
1020 437 1133 518 δικῶν,

122 541 315 621 πεισθέντες
336 543 399 608 ὑπὸ
418 554 485 608 των
502 543 678 626 παρόντων
697 544 744 618 είς
762 542 941 625 ἐπιτροπήν
959 544 1122 626 ἔρχονται,
1134 553 1185 602 εει

122 644 178 714 καὶ
195 647 381 732 γράψαντες
398 651 569 731 συνθήκας
588 645 819 732 ἐπιτρέπουσιν
838 644 887 712 ἑνὶ
906 641 966 731 μὲν
984 649 1134 731 διαιτητῇ

122 761 224 845 κοινῷ
251 756 408 842 Φωκρίτῳ
431 757 549 839 πολίτη
573 753 696 834 αὑτῶν,
723 752 782 818 ἕνα
806 750 835 816 θ’
863 750 1014 837 ἑκάτερος
1035 774 1135 837 παρε-

123 863 297 942 καθίσατο,
321 853 418 936 ούτος
438 855 499 943 μὲν
518 853 725 943 Ἀριστοκλέα
743 855 879 942 Ὀῆθεν,
904 859 922 922 ὁ
946 854 982 924 δὲ
1003 857 1135 942 Παρμέ-

85 982 195 1046 ιῠνων
222 964 285 1048 ἐμέ,
330 964 385 1030 καὶ
412 963 594 1031 συνέθεντο
623 964 660 1030 ἐν
685 975 758 1041 ταῖς
784 965 984 1047 συνθήκαις,
1017 965 1048 1028 εί
1074 960 1135 1048 μὲν

123 1082 210 1156 τρεῖς
233 1072 325 1148 ὄντες
345 1070 578 1155 ὁμογνώμονες
595 1074 787 1154 γενοίμεθα,
810 1078 913 1134 ταῦτα
931 1066 1030 1155 ιἰύρια
1048 1066 1135 1135 εἶναι

125 1177 253 1259 αὐτοῖς,
280 1178 311 1242 εί
337 1173 374 1241 δὲ
396 1177 455 1261 μή,
485 1167 535 1252 οἷς
558 1176 594 1241 οί
614 1176 675 1240 δύο
698 1179 876 1260 γνοίησαν,
904 1176 1035 1252 τούτοις
1058 1176 1134 1241 έποί-

124 1304 242 1365 ναγκες
260 1276 346 1346 είναι
365 1278 526 1365 ἐμμένειν.
561 1278 762 1364 συνθέμενοι
782 1277 818 1346 δὲ
835 1289 948 1362 ταῦτα,
973 1280 1136 1364 ἐγγυητὰς

123 1390 252 1454 τούτων
284 1386 438 1469 ἀλλήλοις
468 1384 686 1470 κατέστησαν,
719 1381 816 1463 οὗτος
845 1383 906 1470 μὲν
933 1387 1047 1474 ἐκείνῳ
1075 1389 1136 1452 τὸν

120 1491 341 1578 Ἀριστοκλέα,
364 1491 383 1557 ὀ
406 1489 442 1558 δὲ
466 1492 655 1577 Παρμένων
677 1493 783 1579 τούτῳ
798 1490 984 1576 Ἀρχιππον
1001 1496 1134 1578 Μυρρι-

124 1599 272 1665 νούσιον.
318 1595 373 1662 καὶ
399 1598 437 1662 τὸ
465 1594 525 1681 μὲν
552 1609 683 1683 πρῶτον
709 1598 859 1663 ἐτίθεντο
882 1599 940 1674 τὰς
964 1601 1136 1682 συνθήκας

124 1706 213 1790 παρὰ
243 1713 289 1793 τῳ
320 1706 494 1791 Φωκρίτῳ,
526 1698 597 1769 εἶτα
627 1704 843 1779 κελεύσαντος
870 1713 930 1769 τοῦ
962 1708 1135 1785 Φωκρίτου

125 1805 203 1894 παρ’
224 1811 312 1897 ἄλλῳ
336 1808 403 1874 τινί
424 1807 561 1891 θέσθαι,
583 1812 734 1874 τίθενται
756 1810 845 1893 παρὰ
863 1819 908 1897 τῷ
927 1805 1136 1893 Ἀριστοκλεῖ.

125 1915 181 1983 καί
203 1915 248 1993 ὡς
270 1915 380 2002 ἀληθῆ
403 1915 505 1998 λέγω,
530 1914 691 1980 ἀκούσατε
712 1925 780 1980 τῶν
803 1927 1002 2000 μαρτυριῶν.

528 2125 730 2178 ΜΔΡΤΤΡΙΑΙ,

87 2253 129 2294 ιε.
208 2230 277 2297 Ὅτι
306 2227 367 2316 μὲν
394 2231 556 2316 ἐτέθησαν
584 2232 621 2296 αί
645 2239 813 2316 συνθῆκαι
835 2231 911 2316 παρ’
936 2231 1141 2316 Ἀριστοκλεῖ

126 2336 181 2404 καί
207 2337 228 2420 ή
256 2337 413 2422 έπιτροπή
441 2337 570 2420 ἐγένετο
597 2341 756 2425 Φωκρίτῳ
778 2336 834 2403 καὶ
858 2335 1061 2423 Ἀριστοκλεῖ
1080 2338 1136 2405 καὶ

127 2444 214 2527 έμοί,
244 2443 278 2508 οί
303 2444 424 2518 εἰδότες
451 2452 552 2508 ταῦτα
575 2446 863 2527 μεμαρτυρήκασιν
886 2444 974 2528 ὑμῖν.
1020 2445 1137 2529 δέομαι

127 2546 165 2614 δὲ
189 2545 214 2613 ώ
238 2549 357 2633 ἄνδρες
380 2547 532 2614 δικασταὶ
554 2549 595 2613 τὰ
618 2549 697 2632 μετὰ
716 2559 820 2614 ταῦτα
837 2547 1015 2634 πραχθέντ’
1039 2551 1136 2616 αὐτοῦ·

127 2657 187 2720 σαί
206 2675 285 2738 μου·
309 2654 466 2720 έντεῢθεν
488 2655 552 2738 γὰρ
576 2657 666 2720 ἔσται
689 2656 837 2739 φανερὸν
855 2655 945 2739 ὑμῖν,
969 2656 1019 2722 ὅτι
1039 2675 1135 2722 συκο-

126 2770 316 2845 φαντοῦμαι
330 2759 394 2826 ὑπὸ
408 2758 544 2826 τουτουὶ
555 2757 783 2844 Ἀπατουρίου.
807 2761 919 2844 ἐπειδή
934 2764 996 2844 γὰρ
1011 2761 1136 2846 Ιῆσθετο

126 2866 364 2951 ὁμογνώμονας
391 2868 488 2943 ὄντας
516 2863 571 2950 ἐμὲ
594 2864 648 2931 καὶ
671 2867 730 2932 τὸν
756 2869 944 2951 Φώκριτον,
971 2866 1136 2952 καὶέγνω

124 2974 438 3056 καταδιαιτήσοντας
460 2971 544 3057 ἡμᾶς
566 2971 702 3055 ἑαυτοῦ,
730 2977 827 3039 λῦσαι
850 2976 1052 3058 βουλόμενος
1074 2976 1135 3058 τήν

127 3078 320 3163 ἐπιτροπήν,
349 3080 544 3163 διαφθεῖραι
571 3079 629 3155 τὰς
651 3082 823 3162 συνθήκας
845 3080 1032 3165 ἐπεχείρησε
1055 3084 1136 3164 μετὰ

86 3205 111 3244 ιι
125 3193 187 3250 τοῦ
210 3187 341 3269 ἔχοντος
364 3185 473 3261 αὐτούς.
510 3182 565 3250 καὶ
585 3180 690 3267 ήλθευ
709 3182 761 3250 ἐπὶ
779 3187 816 3250 τὸ
837 3185 1067 3272 ἀμφισβητεῖν,
1091 3188 1137 3265 ὡς

125 3289 214 3379 αύτῷ
243 3291 411 3373 διαιτητής
437 3296 487 3374 εῖη
515 3289 534 3355 ὁ
559 3283 781 3374 Ἀριστοκλῆς,
809 3291 868 3355 τὸν
895 3288 932 3356 δέ
963 3294 1136 3377 Φώκριτον

125 3395 181 3462 καὶ
205 3393 261 3482 ἐμὲ
284 3395 422 3473 οὐδενὸς
444 3400 579 3478 κυρίους
594 3399 725 3480 ,ἔφησεν
749 3392 835 3462 εἶναι
854 3391 924 3461 ἀλλ’
946 3397 966 3480 ή
985 3407 1045 3462 τοῦ
1064 3400 1133 3463 θια-

126 3509 233 3569 λῦσαι.
280 3501 506 3584 ἀγανακτήσας
530 3498 574 3566 δὲ·
588 3511 632 3588 τῷ
656 3505 743 3590 λόγῳ
767 3502 785 3568 ὁ
811 3501 1012 3584 Παρμένων,
1038 3501 1135 3578 ῆξίου
