2644 4182
196 157 242 224 50
520 161 580 217 XX.
602 159 883 216 ΔΗΜΟΣΘΕΝΟΤΣ

197 321 390 404 νεμεσήσαι,
417 317 473 386 καί
494 320 625 404 τάγαθά
648 316 709 404 μὲν
731 320 923 407 προσδοκᾶν
945 317 1002 386 καί
1023 329 1095 398 τοῖς
1116 325 1212 396 θεοῖς

197 424 356 509 εὔχεσθαι
374 425 517 508 διδόναι,
541 427 648 492 πάντα
667 423 698 492 δ’
721 419 910 513 ἀνθρώπιν’
931 423 1098 511 ήγείσθαι.
1132 421 1212 492 οὐδὲ

196 530 261 615 γάρ
284 528 326 596 ἀν
349 532 612 616 Λακεδαιμόνιοί
630 529 704 599 ποτ’
730 533 873 616 ήλπισαν
901 533 949 609 είς
970 539 1107 600 τοιαῦτα
1130 531 1212 615 πρά-

196 633 292 722 γματ’
319 637 515 725 ἀφίξεσθαι,
543 637 625 706 οὐδέ
644 635 675 722 γ’
704 643 784 716 ίσως
806 639 1027 722 Συρακόσιοι,
1049 638 1088 702 τό
1111 637 1213 702 πάλαι

197 742 504 830 δημοκρατούμενοι
539 741 594 810 καὶ
627 745 755 828 φόρους
787 743 1042 828 Καρχηδονίους
1072 744 1209 827 πραττό

197 871 303 934 μενοι,
326 847 382 915 καί
404 851 538 917 πάντων
560 861 629 916 τῶν
649 847 725 933 περὶ
743 849 865 926 αὑτοὺς
884 850 1040 935 ἄρχοντες
1057 845 1112 914 καὶ
1131 870 1212 914 ναυ-

197 957 299 1042 μαχίᾳ
317 958 524 1040 νενικηκότες
541 955 637 1040 ἡμᾶς,
656 951 716 1038 ὑφ’
738 953 812 1033 ἑνὸς
831 953 1054 1041 γραμματέως,
1073 952 1110 1031 ὃς
1128 953 1212 1037 ὑπη-

147 1073 186 1115 m
199 1057 286 1144 ρέτει
309 1063 426 1143 σφίσιν
449 1061 494 1138 ώς
516 1078 610 1145 φασι,
633 1063 912 1146 τυραννήσεσθαι.
949 1060 1032 1128 οὐδέ
1051 1057 1083 1146 γ’
1105 1058 1124 1126 ό
1146 1069 1213 1125 νῦν

198 1163 246 1230 δν
268 1166 451 1244 Διονύσιος
472 1167 611 1250 ἤλπισεν
635 1166 677 1232 ἀν
698 1163 772 1234 ποτ’
795 1173 875 1244 ίσως
892 1170 997 1256 πλοίφ
1016 1166 1211 1254 στρογγύλῳ

196 1267 252 1336 καὶ
277 1271 492 1356 στρατιώταις
515 1271 640 1356 ὀλίγοις
662 1265 770 1337 Δίων’
796 1269 927 1337 ἐλθόντ’
955 1265 1008 1356 ἐφ’
1034 1270 1137 1338 αὑτὸν
1160 1270 1212 1337 έκ-

196 1377 313 1460 βαλείν
337 1376 397 1442 τὸν
418 1378 563 1461 τριήρεις
584 1376 709 1454 πολλάς
731 1373 785 1441 καί
809 1375 926 1455 ξένους
946 1373 1002 1443 καί
1024 1379 1137 1454 πόλεις
1158 1399 1211 1442 κε·

195 1479 368 1566 κτημέυον.
414 1475 486 1547 ἀλλ’
517 1476 608 1566 οἶμαι
639 1483 676 1548 τὸ
710 1480 833 1566 μέλλον
864 1482 991 1566 άδηλον
1022 1490 1123 1548 πᾶσιν
1153 1481 1212 1548 ἀν-

195 1588 357 1673 θρώποις,
380 1584 435 1653 καί
457 1585 568 1672 μικροί
590 1585 701 1672 καιροί
719 1588 872 1673 μεγάλων
889 1587 1091 1672 πραγμάτων
1109 1593 1212 1653 αίτιοι

195 1697 376 1777 γίγνονται.
423 1691 476 1758 διδ
505 1691 560 1757 δεῖ
582 1693 764 1777 μετριάζειν
789 1692 827 1759 ἐν
848 1703 920 1770 ταῖς
943 1691 1132 1777 εὐπραξίαις
1154 1691 1212 1758 καὶ

195 1794 454 1882 προορωμένους
476 1797 513 1862 τὸ
537 1794 659 1880 μέλλον
681 1802 873 1881 φαίνεσθαι.

145 1917 182 1958 ¹⁰8
287 1903 402 1969 Πολλά
434 1899 465 1968 δ’
497 1902 540 1968 ἀν
570 1925 620 1980 τις
651 1906 720 1988 ἔχοι
751 1903 861 1988 λέγειν
888 1906 936 1970 ἔτι
962 1901 1017 1970 καὶ
1045 1901 1202 1983 διεξιέναι

195 2006 272 2095 περί
302 2017 363 2073 τοῦ
393 2008 526 2094 μηδαμῇ
557 2003 640 2093 μηδὲ
668 2009 745 2074 καθ’
776 2009 813 2074 ἓν
839 2017 960 2074 τοῦτον
988 2012 1074 2095 ἔχειν
1100 2014 1211 2088 καλῶς

195 2115 255 2180 τὸν
277 2116 382 2198 νόμον
402 2109 487 2198 μηδὲ
505 2113 689 2199 συμφέρειν
706 2116 798 2199 ὑμίν·
823 2112 894 2180 ἀλλ’
917 2113 961 2180 ἵν’
984 2114 1022 2180 έν
1038 2122 1208 2206 κεφαλαίῳ

195 2230 294 2286 τοῦτο
321 2219 449 2306 μάθητε
476 2220 566 2304 κάγδι
589 2221 763 2304 παύσωμαι
786 2219 907 2303 λέγων,
935 2221 1013 2287 τάδε
1036 2224 1208 2307 ποιήσατε·

130 2359 134 2368 =
195 2325 364 2404 σκέψασθε
380 2319 458 2410 παρ’
475 2327 600 2408 ἄλληλα
614 2322 669 2390 καί
682 2328 865 2408 λογίσασθε
879 2325 963 2411 πρὸς
975 2324 1061 2411 ὑμᾶς
1073 2327 1208 2412 αὐτούς,

195 2436 229 2499 τί
247 2457 283 2499 τε
306 2435 508 2518 συμβήσεται
531 2431 831 2515 κατεψηφισμένοις
849 2431 930 2516 ὑμίν
946 2441 1008 2497 τοῦ
1026 2433 1133 2517 νόμου
1151 2432 1209 2500 καί

193 2541 229 2603 τί
244 2541 288 2622 μή
294 2559 300 2570 ·
325 2534 394 2604 εἶτα
414 2539 592 2623 φυλάττετε
611 2534 665 2601 καὶ
684 2534 867 2621 μέμνησθε,
888 2536 931 2604 ἀν
948 2537 1029 2622 ὑμίν
1046 2537 1080 2618 ἐξ
1099 2537 1208 2606 ἑκατέ-

141 2658 181 2701 ¹⁶⁴
195 2666 259 2728 ρου
276 2653 378 2730 φάνη,
397 2642 442 2711 ἵν’
460 2645 581 2729 ἕλησθε
599 2643 640 2709 τά
657 2646 801 2727 κρείττω.
834 2641 877 2710 ἀν
895 2640 957 2728 μὲν
974 2647 1091 2710 τοίνυν
1110 2668 1208 2711 κατα-

192 2744 396 2834 ήιηφίσησθζ
420 2751 529 2835 ὥσπερ
550 2748 645 2834 ἡμεῖς
661 2750 849 2834 κελεύομεν,
874 2749 910 2816 οἱ
925 2745 986 2833 μὲν
1004 2749 1091 2828 ἀξιοι
1111 2750 1204 2836 [παρ’

194 2855 301 2939 ὑμῶν]
328 2856 369 2920 τά
396 2852 495 2922 δίκαι’
521 2854 669 2938 ἕξουσιν,
697 2856 729 2920 εί
755 2852 795 2921 δέ
816 2877 866 2932 τις
889 2852 955 2920 ἔστ’
983 2853 1131 2938 ἀνάξιος,
1161 2857 1207 2934 ὡς

193 2964 288 3041 έστω,
310 2962 393 3047 πρὸς
414 2970 460 3048 τῷ
483 2961 545 3045 τήν
568 2960 711 3045 δωρειάν
734 2959 959 3045 ἀφαιρεθῆναι
982 2961 1079 3045 δίκην
1100 2961 1145 3046 ἣν
1163 2960 1207 3028 ἀν

192 3070 274 3154 ὑμίν
301 3068 383 3153 δοκῇ
411 3067 511 3133 δώσει
536 3067 618 3132 κατά
640 3067 699 3134 τὸν
721 3064 1062 3152 παρεισενηνεγμένον
1084 3069 1206 3152 νόμον·

191 3173 212 3259 ή
237 3169 274 3240 δὲ
296 3175 392 3252 πόλις
412 3173 522 3257 πιστή,
546 3173 668 3255 δικαία,
690 3174 775 3257 πρὸς
794 3167 912 3237 ἅπαντ’
934 3170 1081 3257 ἀψευδής
1097 3176 1205 3257 φανή-

193 3298 293 3347 σεται.
338 3277 397 3344 έάν
420 3273 451 3345 δ’
478 3271 747 3363 ἀποήηφίσησθ,
772 3274 791 3342 δ
814 3276 858 3361 μή
881 3277 1064 3362 ποιήσαιτε,
1088 3277 1124 3344 οί
1143 3275 1205 3364 μὲν
1233 3360 1237 3367 ¹

191 3382 328 3472 χρηστοὶ
352 3385 408 3450 διά
429 3385 508 3462 τούς
530 3383 682 3468 φαύλους
703 3383 933 3467 ἀδικήσονται,
960 3381 997 3448 οί
1017 3378 1048 3447 δ’
1075 3381 1205 3463 ἀνάξιοι

192 3500 367 3576 συμφορᾶς
399 3489 523 3575 ἑτέροις
554 3495 654 3555 αίτιοι
685 3491 898 3574 γενήσονται,
932 3488 1030 3572 δίκην
1062 3484 1093 3556 δ’
1125 3486 1200 3557 οὐδ’
