2616 3910
180 211 246 274 454
463 211 600 266 xxxvn.
622 209 901 264 ΔΗΜΟΣΘΕΝΟΤΣ

179 373 325 456 τουτονί,
350 371 623 456 παρεγραψάμην,
646 371 690 448 ὡς
708 368 863 454 ἠκούσατ’
886 370 1016 454 ἀρτίως,
1039 373 1083 456 μή
1104 374 1209 438 εέσα·

179 478 328 562 γώγιμον
350 471 436 542 εἶναι
459 477 520 560 τήν
543 478 652 560 δίκην,
676 475 738 541 οὐκ
761 477 913 559 οἰόμενος
935 477 1008 542 δεῖν
1028 477 1208 561 ἀφεῖσθαι

178 591 239 647 τοῦ
258 584 390 648 δικαίου
407 582 541 666 τούτου,
560 579 648 665 οὐδ’,
668 579 802 647 ἐπειδάν
821 578 974 664 ἐξελέγξω
993 583 1076 666 πρὸς
1088 581 1207 649 άπασι

178 699 248 765 τοῖς
275 689 389 765 ἄλλοις
414 685 470 753 καὶ
497 687 655 771 ἀφεικότα
682 696 803 753 τοῦτον
831 687 974 772 έμαυτὸν
997 685 1066 768 [καὶ
1089 687 1205 771 ἀπηλ-

179 793 373 878 λαγμένονψ,
407 791 602 876 ἐγγενέσθαι
633 794 738 882 τούτῳ
770 795 814 877 μή
846 793 986 876 φάσκειν
1014 793 1124 877 ἀληθῆ
1152 819 1204 878 με

178 898 297 984 λέγειν,
321 897 376 966 καὶ
398 905 568 964 ποιεῖσθαι
589 901 777 983 τεκμήριον,
801 898 846 974 ὡς
869 903 960 982 εἴπερ
984 898 1137 982 ἐπράχθη
1162 923 1202 964 τι

178 1013 347 1086 τοιοῦτον,
377 1005 640 1089 παρεγραψάμην
668 1002 710 1068 ἀν
738 1003 855 1086 αὐτόν,
888 997 960 1068 ἀλλ’
991 1001 1043 1068 έπλ
1069 1005 1200 1088 ταύτης

178 1120 236 1193 τῆς
265 1113 416 1194 σκήψεως
442 1111 605 1176 εἰσελθὼν
633 1106 791 1194 ἀμφότερ’
821 1109 902 1193 ὑμῖν
930 1109 1103 1192 ἐπιδεῖξαι,
1136 1109 1198 1175 καλ

179 1216 224 1292 ὡς
246 1211 347 1282 οὐδὲν
369 1215 509 1300 ήδίκηκα
532 1223 663 1299 τοῦτον,
686 1213 742 1280 καὶ
762 1214 807 1292 όις
825 1215 914 1299 παρὰ
931 1218 991 1280 τὸν
1008 1218 1114 1300 νόμον
1134 1241 1197 1300 μοι

156 1322 350 1402 τδικάζεται.
396 1321 428 1386 εδ
453 1316 514 1406 μέν
542 1314 604 1386 οὖν
632 1319 809 1386 έπεπόνθει
836 1343 869 1386 τι
892 1322 1021 1388 τούτων
1045 1325 1195 1387 Πανταί-

179 1450 272 1503 νετος
295 1421 343 1492 ὧν
364 1435 430 1492 νῦν
453 1423 593 1509 έγκαλεῖ,
616 1419 687 1490 κατ’
713 1424 861 1502 ἐκείνους
883 1424 925 1490 ἀν
948 1428 1027 1503 τοὺς
1048 1429 1196 1510 χρόνους

179 1531 284 1608 εὐθὺς
308 1532 461 1616 ἐφαίνετό
483 1555 541 1614 μοι
559 1531 781 1615 δικαζόμενος,
805 1529 842 1596 έν
860 1522 912 1608 οἷς
927 1532 965 1596 τὸ
985 1534 1195 1614 συμβόλαιον

179 1636 259 1721 ήμῖν
281 1639 364 1722 πρὸς
384 1637 548 1721 ἀλλήλους
566 1633 707 1720 ἐγένετο,
731 1635 843 1702 οὐσῶν
861 1633 923 1720 μέν
942 1637 1096 1721 ἐμμήνων
1115 1639 1194 1704 τού-

179 1767 246 1808 των
278 1755 346 1808 τῶν
374 1744 492 1824 δικῶν,
526 1740 777 1825 ἐπιδημούντων
804 1734 835 1806 δ’
860 1740 954 1826 ἡμῶν
981 1741 1191 1826 ἀμφοτέρων,

179 1847 336 1914 ἀπάντων
365 1843 395 1913 δ’
427 1847 618 1933 ἀνθρώπων
646 1849 816 1913 εἰωθότων
843 1845 918 1931 παρ’
947 1846 1031 1912 αὐτὰ
1056 1847 1192 1932 τάδική-

179 1978 264 2040 ματα
300 1959 427 2039 μᾶλλον
463 1953 483 2038 ἣ
520 1954 652 2038 χρόνων
686 1951 951 2037 ἐγγεγενημένων
983 1952 1190 2036 ἀγανακτεῖν.

179 2059 291 2143 έπειδή
325 2056 354 2124 δ’
386 2055 487 2125 οὐδὲν
517 2056 728 2143 ἠδικημένος,
761 2059 805 2135 ὡς
833 2056 887 2123 καὶ
913 2058 1007 2142 ὑμεῖς
1034 2054 1098 2123 οἷδ’
1129 2059 1237 2125 ότιθθῖ

180 2167 317 2249 φήσετε,
345 2165 479 2231 ἐπειδὰν
505 2166 546 2230 τὰ
573 2158 772 2248 πεπραγμέν’
798 2164 974 2248 ἀκούσητε,
1000 2173 1046 2252 τῷ
1072 2188 1188 2250 κατορ-

179 2277 289 2337 θῶσαι
311 2271 373 2354 τήν
391 2270 473 2354 πρὸς
491 2269 643 2353 Εὔεργον
663 2271 758 2352 δίκην
777 2267 959 2353 ἐπηρμένος
977 2283 1187 2353 συκοφαντεῖ,

51 2381 55 2403 “
179 2377 363 2442 ὑπόλοιπόν
386 2374 455 2440 έστι
477 2372 553 2457 παρ’
581 2374 661 2458 ὑμῖν
683 2369 710 2438 ὦ
734 2374 852 2458 ἀνδρες
875 2376 1040 2458 δικασταί,
1069 2376 1186 2441 ἐπιδεί-

180 2479 276 2559 ξανθ’
295 2482 339 2558 ὡς
358 2479 430 2547 οὐδ’
450 2480 564 2547 ὁτιοῦν
583 2479 697 2562 άδικῶ,
718 2478 773 2545 καὶ
791 2481 958 2564 μάρτυρας
976 2475 1024 2546 ὧν
1043 2479 1084 2545 ἀν
1102 2481 1185 2565 λέγω

156 2589 442 2672 επαρασχόμενον,
464 2585 686 2669 πειράσασθαι
705 2583 821 2672 σφ’ζειν
841 2587 991 2669 έμαντόν.
1029 2589 1185 2672 δεήσομαι

180 2689 217 2758 δέ
244 2692 298 2758 καὶ
327 2693 437 2757 δίκαια
463 2687 518 2754 καὶ
541 2686 645 2772 μέτρι’
672 2688 766 2772 ὑμῶν
789 2688 959 2772 ἀπάντων,
987 2689 1130 2756 ἀκοῦσαί
1150 2691 1187 2758 τέ

179 2822 246 2883 μου
269 2795 343 2881 περὶ
373 2790 420 2860 ὧν
446 2795 708 2878 παρεγραψάμην
735 2794 903 2876 εόνοῖκῶς,
931 2793 985 2860 καὶ
1013 2795 1183 2882 προσέχειν

181 2905 247 2992 ὅλφ
269 2911 314 2991 τῷ
338 2903 503 2985 πράγματι
526 2901 585 2965 τὸν
608 2909 704 2966 νοῦν·
728 2905 861 2965 πολλῶν
882 2901 946 2983 γάρ
970 2901 1071 2966 δικῶν
1092 2903 1128 2967 έν
1144 2914 1182 2988 πή

180 3012 274 3074 πόλει
296 3006 538 3092 γεγενημένων,
566 3005 689 3071 οὐδένα
711 3027 762 3071 πω
786 3007 882 3089 δίκην
904 2999 974 3071 οὔτ’
1001 3005 1182 3072 ἀναιδεστέ-

181 3138 244 3198 ραν
276 3115 351 3178 οότε
384 3111 716 3195 συκοφαντικωτέραν
743 3107 834 3194 οἶμαι
862 3114 1072 3194 φανήσεσθαι
1100 3114 1181 3178 δεδι-

180 3217 356 3302 κασμένον,
379 3211 418 3300 ής
440 3224 504 3280 νῦν
528 3213 642 3282 οὑτοσὶ
665 3217 773 3300 λαχὼν
797 3216 961 3280 εἰσελθεῖν
980 3219 1179 3300 τετόλμηκεν.

181 3325 214 3403 έξ
238 3325 337 3407 ἀρχής
361 3316 404 3403 δ’,
429 3322 473 3398 ὡς
494 3319 535 3386 ἀν
554 3313 623 3398 οἷός
641 3319 670 3386 τ’
692 3317 718 3386 ὦ
738 3323 793 3387 διὰ
811 3321 1035 3406 βραχυτάτων,
1058 3322 1180 3389 ἅπαντα

180 3432 220 3493 τά
242 3426 432 3512 πραχθέντα
455 3429 653 3512 διηγήσομαι
675 3430 756 3511 πρὸς
778 3428 870 3511 ὑμᾶς.

153 3553 167 3588 ⁴
265 3530 499 3616 Ἐδανείσαμεν
522 3535 618 3598 πέντε
641 3532 697 3598 καὶ
720 3532 835 3598 ἑκατὸν
857 3543 941 3617 μνᾶς
963 3533 1026 3616 ἐγὼ
1045 3532 1100 3600 καὶ
1117 3536 1180 3600 Εὕ-
