2612 3918
499 170 595 221 ΚΑΤΑ
612 169 775 222 ΜΕΙΔΙΟΤ.
1076 167 1139 233 103

7 318 10 407 f
128 326 276 414 ἀνέβαιν’
303 327 355 396 ἐπὶ
380 331 442 415 τήν
464 339 550 396 ναῦν
573 329 617 414 ήν
640 328 820 414 ἐπέδωκεν,
848 330 931 396 ἀλλὰ
951 332 1011 396 τὸν
1033 327 1138 416 μέτοι-

128 458 189 500 κον
220 434 378 521 ἐξέπεμψε
409 439 469 503 τὸν
501 438 703 521 Αίγύπτιον,
739 437 934 521 Πάμφιλον,
971 435 1070 513 αὐτὸς
1102 431 1138 502 δὲ

130 539 238 624 μένων
265 541 388 608 ἐνθάδε
415 553 485 620 τοῖς
508 547 705 620 Διονυσίοις
734 543 943 629 διεπράττετο
964 537 1055 608 ταῦτ’
1081 538 1134 626 ἐφ’

77 664 116 704 1⁸⁴
131 639 179 724 οἷς
201 646 279 713 νννλ
302 653 462 734 κρίνεται·
487 648 599 732 ἐπειδὴ
623 645 654 714 δ’
682 646 700 715 6
723 649 904 734 στρατηγὸς
926 652 1066 714 Φωκίων
1084 671 1138 732 με-

5 759 11 806 f
130 751 306 838 τεπέμπετο
328 755 406 832 τούς
428 754 462 834 ἐξ
480 752 662 840 Ἀργούρας
686 751 802 832 ίππέας
823 752 877 820 έπὶ
899 756 960 839 τήν
979 754 1139 838 διαδοχήν

131 857 184 924 καὶ
212 863 406 944 κατείληπτο
431 863 663 945 σοφιζόμενος,
690 858 766 926 τόθ’
793 861 811 926 6
835 862 943 937 δειλὸς
965 857 1020 926 καὶ
1041 862 1138 926 κατά-

132 989 228 1046 ρατος
255 965 370 1032 οὐτοσὶ
398 967 503 1032 λιπὼν
529 969 591 1050 τήν
617 967 709 1047 τάξιν
736 967 859 1051 ταύτην
886 965 940 1032 έπὶ
967 967 1029 1050 τήν
1053 974 1139 1032 ναῦν

131 1069 246 1159 ᾤχετο,
276 1070 331 1138 καλ
361 1067 408 1138 ὧν
437 1074 612 1158 ἱππαρχεῖν
639 1073 757 1156 ήξίωσε
784 1068 863 1156 παρ’
895 1072 975 1156 ὑμῖν
1003 1070 1138 1156 ίππέων,

130 1178 259 1254 τούτοις
281 1178 323 1244 οὐ
346 1178 558 1261 συνεξῆλθεν.
596 1181 628 1244 εί
649 1173 680 1243 δ’
702 1177 738 1245 ἐν
759 1189 798 1265 τῇ
816 1181 963 1266 θαλάττῃ
982 1181 1140 1256 κίνδυνός

78 1298 117 1340 1⁶⁵
131 1307 180 1360 τις
202 1278 256 1367 ήν,
279 1286 326 1361 είς
347 1284 408 1366 τήν
427 1292 490 1368 γῆν
515 1286 618 1368 δῆλον
640 1283 691 1349 ότι
714 1282 806 1372 ᾤχετ’
834 1287 883 1350 ἀν.
926 1283 967 1350 οὐ
989 1286 1056 1370 μήν
1076 1289 1138 1350 Νι-

131 1391 271 1473 κήρατός
292 1384 324 1472 γ’
350 1389 454 1467 ούτως
477 1390 495 1455 6
518 1399 577 1456 τοῦ
601 1393 739 1473 Νικίου,
766 1390 783 1457 6
807 1389 987 1475 ἀγαπητὸς,
1011 1391 1028 1456 6
1052 1402 1138 1473 παῖς,

131 1495 149 1560 6
172 1497 381 1562 παντάπασιν
403 1495 549 1579 ἀσθενής
571 1503 616 1584 τῷ
640 1497 780 1580 σώματι·
813 1494 886 1562 οὐδ’
912 1496 1096 1581 Εὐκτήμων
1119 1497 1138 1563 6

130 1610 191 1666 τοῦ
204 1605 381 1684 Αἰσίωνος,
401 1601 461 1686 οὐχ
479 1601 597 1678 οὕτως·
617 1599 690 1666 οὐδ’
707 1601 912 1686 Εὐθύδημος
926 1600 944 1669 6
957 1610 1019 1668 τοῦ
1031 1607 1138 1684 Στρα·

130 1706 297 1783 τοκλέονς·
334 1701 405 1772 ἀλλ’
437 1707 546 1772 αὐτῶν
576 1706 712 1784 ἕκαστος
738 1705 822 1774 ἑκὼν
849 1705 984 1785 ἐπιδοὺς
1009 1710 1139 1794 τριήρη,

131 1813 192 1879 οὐκ
215 1812 340 1898 ἀπέδρα
361 1812 464 1900 ταύτη
487 1813 547 1897 τήν
573 1815 755 1898 στρατείαν,
779 1811 862 1878 ἀλλά
884 1814 946 1897 τήν
968 1810 1029 1897 μέν
1047 1814 1190 1897 [ἐπί-568

63 1913 81 1952 ’
132 1921 240 2001 δοσιν]
270 1918 307 1984 έν
334 1921 466 2004 χάριτος
488 1918 579 2005 μέρει
601 1916 656 1985 καὶ
680 1922 820 2005 δωρειᾶς
841 1931 999 2005 παρεῖχον
1021 1919 1138 1988 πλέοι·-

131 2043 194 2091 σαν
220 2034 260 2111 τῇ
287 2028 395 2109 πόλει,
427 2019 469 2091 οὐ
496 2019 527 2090 δ’
557 2025 576 2091 6
603 2029 705 2110 νόμος
731 2023 962 2110 προσέταττεν,
991 2025 1138 2094 ἐνταῦθα

78 2148 117 2189 1⁸⁶
129 2143 200 2210 τοῖς
231 2132 380 2216 σώμασιν
412 2128 507 2197 αὐτοὶ
537 2136 732 2217 λῃτουργεῖν
758 2131 882 2215 ήξίουν.
928 2126 1000 2198 ἀλλ’
1032 2132 1092 2218 οὐχ
1120 2133 1138 2199 6

130 2239 291 2322 ἵππαρχος
306 2239 459 2320 Μειδίας,
479 2237 562 2303 ἀλλὰ
580 2237 641 2321 τήν
660 2237 776 2302 ἐκτῶν
789 2238 901 2323 νόμων
914 2238 1007 2317 τάξιν
1021 2240 1137 2322 λιπών,

131 2339 173 2411 οὐ
196 2345 292 2428 δίκην
315 2343 441 2427 ὀφείλει
463 2352 502 2428 τή
521 2347 614 2409 πόλει
633 2345 761 2425 δοῦναι,
784 2338 873 2409 τοῦτ’
895 2343 932 2409 έν
951 2343 1138 2428 εὐεργεσίας

130 2451 310 2536 ἀριθμήσει
332 2449 432 2535 μέρει.
469 2445 660 2533 καίτοιτήν
682 2450 840 2534 τοιαύτην
861 2454 1087 2535 τριηραρχίαν,
1111 2451 1137 2517 ὢ

129 2558 212 2639 πρὸς
241 2562 347 2638 θεῶν,
380 2558 521 2638 πότερον
551 2557 712 2620 τελωνίαν
744 2552 799 2621 καὶ
830 2558 1054 2640 πεντηκοστήν
1082 2556 1138 2622 καὶ

130 2663 321 2741 λιποταξίαν
356 2660 412 2727 καὶ
449 2665 619 2745 στρατείαις
655 2661 841 2746 ἀπόδρασιν
874 2659 929 2727 καλ
961 2662 1068 2728 πάντα
1097 2664 1138 2728 τὰ

128 2767 260 2835 τοιαῦθ’
292 2766 445 2852 ἁρμόττει
476 2771 603 2849 καλεῖν,
635 2765 656 2851 ή
684 2771 890 2852 φιλοτιμίανς
924 2767 1046 2834 οὐδένα
1073 2769 1137 2853 γδρ

130 2879 254 2960 τρόπον
277 2877 380 2941 ἀλλον
402 2874 439 2939 έν
461 2884 530 2950 τοῖς
554 2874 708 2939 ἱππεῦσιν
731 2874 832 2940 αὐτὸν
851 2876 1022 2956 στρατείας
1040 2874 1136 2959 άτελή

129 2990 265 3065 ποιήσαι
288 2980 481 3065 δυνάμενος,
504 2979 628 3064 ταύτην
651 2980 768 3066 εὕρηκε
786 2982 928 3058 Μειδίας
950 2981 1068 3064 καινήν
1087 2981 1137 3046 ἶπ-

78 3104 115 3144 167
128 3091 229 3171 πικήν
246 3110 321 3152 τινα
338 3088 571 3170 πεντηκοστήν.
603 3082 659 3150 καὶ
676 3086 741 3171 γάρ
755 3081 798 3151 αὐ
811 3095 919 3152 τοῦτο.
945 3097 1013 3152 τῶν
1026 3087 1137 3153 άλλων

130 3193 284 3260 ἁπάντων
312 3203 380 3258 τῶν
407 3191 591 3256 ἐπιδόντων
616 3192 826 3277 τριηράρχων
853 3196 1137 3276 παραπεμπόντων

128 3301 232 3385 ὑμᾶς,
248 3299 302 3364 ὅτε
325 3294 416 3379 δεῦρ’
439 3293 603 3364 ἀπεπλεῖτ’
626 3295 662 3362 έκ
680 3298 832 3383 Στύρων,
856 3299 958 3381 μόνος
980 3292 1137 3375 οὗτοςού

128 3405 349 3490 παρέπεμπεν,
373 3402 443 3469 ἀλλ’
472 3403 635 3488 ἀμελήσας
656 3402 751 3488 ὑμῶν
774 3404 919 3488 χάρακας
940 3401 995 3468 καὶ
1018 3406 1135 3489 βοσκή·

128 3536 214 3598 ματα
241 3508 296 3577 καὶ
322 3507 501 3595 θυρώμαθ’
533 3509 577 3587 ὡς
604 3509 706 3574 αὑτὸν
733 3507 787 3574 καὶ
815 3504 883 3588 ξύλ’
915 3510 962 3585 είς
989 3512 1029 3574 τὰ
1056 3511 1136 3592 ἔργα
