2614 3904
481 202 579 254 ΠΡΟΣ
599 201 769 253 ONHTOPA
787 203 819 254 Δ.

599 500 699 568 ΧΧΧι

266 659 408 736 ΠΡΟΣ
435 659 678 736 ΟΝΗΤΟΡΑ
703 659 955 740 ΕΞΟΥΛΗΣ
982 659 1028 734 Α.
1117 745 1120 752 ,

551 831 751 885 ΤΠΟΘΕΣΙΣ.

227 939 375 1024 Ἄφοβος,
403 941 557 1022 μέλλοντος
585 941 663 1028 αὐτῷ
687 940 903 1021 Δημοσθένους
930 941 982 1014 τδις
1010 950 1062 1020 τής
1085 939 1209 1011 ἐπι-863

145 1051 256 1124 τροπῆς
280 1043 364 1114 δίκας
385 1041 550 1122 λαγχάνειν,
572 1037 678 1121 ἔγημεν
699 1034 854 1119 Ὀνήτορος
872 1038 1005 1116 ἀδελφήν
1024 1037 1157 1099 ἐκδοθεί-

147 1157 203 1199 σαν
231 1137 310 1224 αὐτῷ
338 1136 418 1218 παρδι
442 1137 643 1216 Τιμοκράτους
665 1145 718 1196 τοῦ
741 1134 883 1217 προτέρου
907 1134 1029 1216 ἀνδρός,
1056 1131 1157 1209 ἐπειδή

146 1233 258 1308 ἐκεῖνος
281 1234 439 1314 ἐπίκληρον
460 1233 620 1312 λαμβάνειν
638 1231 742 1312 ἔμελλε.
776 1231 846 1312 μετδι
865 1229 896 1292 δέ
914 1226 996 1292 ταῦτ’
1018 1225 1158 1310 Ὀνήτωρ,

121 1376 123 1379 -
146 1329 205 1410 ήδη
238 1332 401 1412 φεύγοντος
431 1325 561 1408 Ἀφόβου
588 1326 643 1405 τήν
670 1338 723 1408 τής
751 1328 909 1411 ἐπιτροπῆς
937 1328 1040 1406 δίκην,
1073 1324 1112 1398 ὡς
1141 1322 1158 1386 δ

148 1428 244 1509 ῥήτωρ
263 1426 466 1504 ἀποδείκνυσι,
483 1425 667 1503 πλασάμενος
686 1423 851 1504 ἀπόλειψιν
862 1426 916 1504 τήν
935 1425 1068 1503 ἀδελφήν
1085 1416 1156 1503 παρ’

148 1523 254 1586 ἕοιυτδν
282 1521 441 1604 ἀπήγαγεν.
486 1519 549 1582 ἐπεὶ
576 1517 603 1582 δ’
628 1518 760 1602 Ἄφοβος
787 1523 876 1602 ἑάλω,
904 1521 952 1584 ἐπὶ
974 1522 1029 1600 τήν
1053 1521 1158 1584 οὐσίαν

149 1621 241 1683 αὐτοῦ
269 1621 320 1683 τὸν
348 1613 447 1702 ῥήτορ’
473 1617 694 1698 ἀφικνούμενον
722 1619 772 1680 καί
799 1621 841 1692 είς
867 1617 903 1681 τὰ
930 1613 1013 1700 χωρί’
1038 1610 1157 1680 εἰσιόντ’

149 1718 287 1798 ἐξήλασεν
307 1713 446 1796 Ὀνήτωρ,
469 1715 592 1794 φάσκων
615 1725 666 1796 της
689 1716 820 1796 ἀδελφῆς
842 1709 919 1778 είναι
940 1717 975 1777 τά
994 1718 1094 1798 χωρία,
1117 1715 1158 1787 είς

122 1816 203 1895 ςτήν
230 1809 329 1898 προῖκ’
355 1811 583 1892 άποτιμηθὲντα.
629 1815 730 1896 διόπερ
758 1813 879 1892 ἐξούλης
907 1810 986 1898 αὐτῷ
1014 1813 1159 1886 δικάζεται

150 1911 165 1975 δ
185 1909 433 1993 Δημοσθένης*
417 1934 456 1983 ως
473 1910 507 1971 ἐκ
525 1920 584 1971 τῶν
600 1905 731 2030 Ἀφόβου
749 1909 902 2030 πρότερον,
924 1919 982 1970 νῦν
1008 1906 1035 1972 δ’
1065 1910 1159 1994 ἐαυτῷ

148 2007 398 2090 γεγενημένωνέξ
383 2004 585 2086 ξεληλαμένος,
604 2007 727 2086 φάσκων
746 2005 801 2069 οὐκ
820 2003 972 2085 εἰληφέναι
990 2006 1044 2084 τήν
1058 1999 1157 2088 προῖκ’

142 2102 288 2186 Ἄφοβον,
311 2104 382 2167 ἀλλὰ
404 2104 459 2183 τήν
480 2110 607 2184 γυναῖκα
626 2104 732 2184 μόνον·
755 2101 859 2182 τήν
827 2127 882 2185 γαρ
901 2109 1009 2185 προῖκα
1028 2103 1068 2183 μή
1086 2106 1159 2185 βου·

150 2208 281 2282 ληθήναι
305 2197 446 2283 ’Ὀνήτορα
469 2202 590 2281 δοῦναι,
619 2200 693 2262 διότι
715 2200 930 2261 κινδυνεύοντα
952 2199 1003 2261 τδν
1023 2197 1159 2280 Αφόβον

150 2297 226 2380 ἐώρα
248 2298 298 2360 καὶ
319 2299 373 2378 τήν
397 2299 503 2360 οὐσίαν
526 2298 627 2360 αὐτοῦ.
673 2307 731 2358 νῦν
754 2287 827 2376 οὖν,
855 2295 943 2376 φησί,
971 2297 1081 2376 πλαστή
1106 2295 1160 2376 μὲν

149 2393 169 2474 ή
196 2394 365 2476 ἀπόλειψις,
391 2394 464 2476 ὑπὲρ
488 2391 517 2456 δ’
542 2387 584 2456 ὧν
608 2394 664 2456 οὐκ
687 2395 807 2472 εἴληφεν
822 2389 971 2476 Ἄφοβος,
997 2393 1029 2455 τὸ
1053 2395 1160 2476 χωρίον

152 2492 357 2572 ἀποτετίμηιαι
382 2487 428 2554 ἐπ’
455 2490 644 2573 ἀποστερήσει
670 2501 729 2553 τῶν
757 2491 844 2571 ἐμῶν.
876 2489 921 2553 Ιτὸ
948 2489 979 2552 δὲ
1002 2500 1054 2570 τής
1076 2489 1160 2566 ἐξού-

151 2597 204 2670 λης
236 2586 331 2670 όνόμα
355 2585 499 2653 Ἀττικόν·
531 2588 665 2665 ἐξείλλειν
692 2587 748 2672 γάρ
776 2588 874 2672 ἔλεγον
901 2588 933 2650 τὸ
960 2587 1084 2664 ἐξωθεῖν
1110 2587 1163 2650 καί·

151 2687 302 2768 ἐκβάλλειν
324 2687 385 2773 βίρι.

242 2893 326 2980 Περί
344 2899 470 2961 πολλοῦ
488 2896 687 2980 ποιούμενος
705 2891 731 2960 ὦ
750 2895 871 2980 ἀνδρες
888 2894 1051 2977 δικασταί,
1071 2897 1150 2978 μήτε
1161 2909 1212 2960 864
1298 2975 1299 2992 χ

151 3004 234 3084 πρὸς
250 3001 400 3086 ’Ἀφοβόν
423 3024 480 3085 μοι
503 3005 669 3086 συμβήυαι
691 3002 753 3086 τήν
776 2997 958 3084 γενομένην
982 3001 1160 3084 διαφοράν,

152 3111 232 3191 μήτε
255 3108 317 3191 τήν
339 3116 402 3172 νῦν
427 3101 531 3173 οὖσαν
554 3109 636 3194 πρὸς
656 3102 813 3192 Ὀνήτορα
830 3103 975 3188 τουτονί,
998 3107 1161 3190 κηδεστήν

154 3212 221 3282 ἀντ’
248 3214 367 3296 αὐτοῦ,
394 3215 500 3279 πολλὰ
528 3213 582 3280 καὶ
610 3215 721 3280 δίκαια
745 3213 1032 3297 προκαλεσάμενος
1055 3211 1161 3296 ἀμφο-

153 3319 283 3406 τέρους,
312 3319 449 3398 οὐδενὸς
478 3319 653 3403 ἐδυνήθην,
676 3330 788 3405 τυχεῖν
813 3328 887 3382 τῶν·
903 3322 1060 3402 μετρίων,
1087 3312 1159 3383 ἀλλ’

154 3428 276 3513 εὕρηκα
298 3429 385 3492 πολὺ
407 3436 527 3492 τοῦτον
548 3424 677 3491 ἐκείνου
696 3424 946 3509 δυσκολώτερον
963 3422 1162 3508 καὶμᾶλλον

128 3533 248 3612 εόίξιου
271 3534 350 3597 ὄντα
375 3531 492 3596 δοῦναι
516 3530 621 3612 δίκην.
662 3531 722 3595 τὸν
744 3525 806 3613 μὲν
828 3531 891 3614 γάρ
916 3529 1066 3610 οἰόμενος
1089 3529 1161 3592 δεῖν
