2590 3900
408 181 504 231 RATA
521 179 789 232 ΤΙΜΟΚΡΔΤΟΤΣ.
1038 175 1104 241 265

97 335 177 416 λέξω
201 335 231 403 δ
254 335 354 405 οὐδέν
378 333 425 404 ὧν
444 335 604 422 ἀκηκόαθ’
626 338 729 422 ὑμεῖς,
753 341 785 404 εἰ
801 341 845 423 μή
863 361 951 415 τινες
969 332 1021 421 ἀρ’
1043 333 1158 402 έπίἵσο

97 453 165 519 τοις
187 445 377 529 Εὐκτήμονι
399 444 608 529 γιγνομένοις
631 445 735 528 ἀγῶσι
758 455 918 529 παρῆσαν.

50 563 86 604 ιω
185 548 251 614 Καὶ
268 563 401 633 πρῶτον
419 547 490 635 μὲν,
512 549 564 634 ἐφ’
588 541 613 639 β
633 549 788 634 μέγιστον
807 561 937 633 φρονεῖ,
959 550 1105 633 τὴντῶν

97 657 271 739 χρημάτων
290 655 460 741 εἴσπραξιν
478 655 680 740 ἐξετάσωμεν
699 656 813 738 αὐτοῦ,
831 655 875 738 ἣν
891 655 970 738 μετά
984 655 1104 720 τούτου

96 770 155 826 τοῦ
186 773 331 847 χρηστοῦ
362 764 488 839 πάντας
520 762 710 847 εἰσέπραξεν
736 762 828 846 ὑμᾶς.
874 761 1105 844 αἰτιασάμενος

97 867 158 949 γὰρ
177 869 375 952 Εὐκτήμονα
393 869 451 944 τὰς
469 866 627 954 ὑμετέρας
645 871 731 951 ἔχειν
751 868 919 952 εἰσφοράς,
940 864 994 932 καί
1012 863 1100 933 τοῦτ’

97 969 274 1056 ἐξελέγξειν
310 972 330 1057 ή
367 969 447 1058 παρ’
482 972 602 1040 ἑαυτοῦ
633 976 836 1057 καταθήσειν
867 973 1105 1058 ὑποσχόμενος,

96 1080 280 1156 καταλύσας
310 1082 497 1164 ψηφίσματι
528 1081 701 1164 κληρωτήν
733 1080 838 1164 ἀρχὴν
869 1078 923 1146 ἐπί
954 1088 993 1164 τή
1025 1099 1104 1162 προ-

97 1182 194 1264 φάσει
221 1185 339 1270 ταύτη,
367 1182 420 1250 ἐπὶ
447 1185 508 1268 τήν
536 1184 706 1271 εἰσπραξιν
733 1185 875 1269 παρέδυ,
902 1183 958 1251 καί
984 1193 1104 1250 τοῦτον

96 1285 305 1374 προύβάλεέ,
335 1291 437 1356 εἰπὼν
463 1292 524 1374 τήν
550 1301 611 1358 τοῦ
639 1292 788 1376 σώματος
816 1291 1017 1376 ἀρρωστίαν,
1044 1287 1104 1372 ἵν’,

52 1409 84 1448 ιιι
98 1395 172 1478 ἔφη,
195 1397 369 1482 συνδιοικῇ
393 1420 457 1480 μοι.
494 1399 698 1482 δημηγορίας
719 1394 749 1462 δ’
772 1394 825 1461 ἐπὶ
843 1399 973 1473 τούτοις
990 1395 1104 1461 ποιού-

98 1523 207 1585 μενος,
233 1503 278 1579 ὡς
300 1505 368 1567 ἐστι
391 1512 493 1587 τριῶν
516 1503 655 1586 αἵρεσις,
678 1501 699 1584 ή
722 1504 937 1567 κατακόπτειν
960 1502 1000 1566 τά
1022 1521 1104 1584 πομ

97 1619 184 1692 πεῑα,
213 1609 234 1693 ή
257 1611 358 1674 πάλιν
381 1607 563 1693 εἰσφέρειν,
590 1607 611 1692 ή
635 1610 713 1684 τοὺς
736 1607 931 1691 ὀφείλοντας
953 1608 1105 1690 εἰσπράτ-

96 1735 178 1796 τειν,
207 1713 416 1799 αίρουμένων
444 1716 576 1789 εἰκότως
602 1713 697 1797 ὑμῶν
721 1717 799 1789 τοὺς
822 1712 1016 1797 ὀφείλοντας
1039 1713 1105 1777 εἰσ-

97 1820 262 1902 πράττειν,
280 1831 352 1896 ταῐς
369 1817 587 1904 ὑποσχέσεσιν
600 1817 758 1902 κατέχων,
777 1817 832 1884 καί
847 1821 901 1884 διδι
915 1819 974 1884 τὸν
986 1819 1105 1899 καιρὸν

97 1922 131 2000 ὃς
157 1921 199 2008 ήυ
227 1919 294 1991 τότ’
320 1928 405 2009 έχων
433 1924 600 2006 ἐξουσίαν,
628 1935 696 2001 τοῖς
723 1921 784 2008 μὲν
805 1923 968 2008 κειμένοις
989 1925 1106 2007 νόμοις

97 2029 157 2096 οὑκ
183 2031 265 2120 ᾤετο
294 2032 366 2097 δεῖν
392 2036 553 2116 χρήσθαι,
582 2027 670 2113 οὐδ’,
699 2031 730 2096 εἰ
751 2032 795 2114 μή
818 2031 957 2106 τούτους
980 2026 1100 2112 ἐνόμιζ’

97 2135 242 2218 ἰκανοὺς,
266 2135 397 2219 ἐτέρους
418 2135 559 2218 τιθέναι,
583 2140 779 2220 ψηφίσματα
803 2130 834 2200 δ’
854 2131 946 2200 εἶπεν
968 2134 1005 2201 ἐν
1023 2135 1105 2218 ὑμῖν

98 2242 189 2308 δεινὰ
218 2241 273 2308 καί
300 2244 488 2326 παράνομα,
522 2235 567 2306 δι’
598 2237 645 2308 ὧν
671 2242 865 2327 ἠργολάβει,
896 2251 1109 2323 προσαγωγεῖ

51 2369 84 2407 ιω
96 2350 201 2438 τούτῳ
225 2350 392 2434 χρώμενος
414 2359 481 2414 τῶν
500 2349 689 2432 λημμάτων,
711 2345 767 2412 καί
785 2349 889 2412 πολλὰ
907 2357 974 2412 τῶν
992 2344 1104 2431 ὑμετέ-

98 2479 166 2536 ρων
191 2456 353 2538 κέκλοφεν
380 2456 460 2539 μετά
486 2454 623 2536 τούτου,
651 2453 780 2537 γράψας
806 2455 884 2530 τοὺς
910 2451 1027 2518 ἕνδεκα
1048 2449 1104 2517 καί

97 2564 175 2640 τοὺς
207 2560 388 2637 ἀποδέκτας
418 2559 473 2627 καί
499 2563 578 2636 τοὺς
604 2557 769 2644 ὑπηρέτας
796 2558 996 2624 ἀκολουθεῖν
1024 2557 1099 2643 μεθ’

98 2669 209 2734 αὑτοῦ.
246 2663 303 2733 εἰτ’
326 2669 410 2750 έχων
432 2668 571 2743 τούτους
591 2659 645 2748 ἦγ’
667 2663 720 2731 ἐπὶ
738 2665 795 2740 τὰς
813 2663 971 2749 ὑμετέρας
988 2666 1103 2748 οἰκίας,

96 2771 150 2838 καὶ
177 2777 220 2839 σὺ
247 2774 445 2858 Τιμόκρατες
472 2772 734 2855 συνηκολούθεις
761 2773 862 2855 μόνος
888 2781 955 2835 τῶν
982 2787 1104 2856 συναρ-

96 2896 223 2962 χσντων
247 2874 313 2944 δέκ’
340 2880 455 2944 όντων.
494 2875 551 2943 καί
573 2874 689 2962 μηδεὶς
710 2875 968 2959 ὑπολαμβανέτω
990 2899 1030 2960 με
1053 2875 1104 2942 λέ-

95 3007 179 3068 γειν,
202 2985 246 3062 ὡς
270 2984 310 3050 ού
332 2993 417 3069 χρήν
439 2985 645 3069 εἰσπράττειν
667 2985 746 3060 τοὺς
769 2981 972 3066 ὀφείλοντας.
1012 2990 1095 3066 χρῆν
1105 2997 1153 3047 ⁷5¹

96 3091 168 3177 γάρ.
200 3091 282 3156 ἀλλά
300 3103 383 3169 πῶς;
408 3091 452 3167 ὡς
469 3089 487 3155 ὁ
505 3093 607 3174 νόμος
624 3089 762 3154 κελεύει·
782 3098 849 3153 τῶν
868 3089 978 3152 ἀλλων
994 3085 1105 3153 ἕνεκα·

96 3206 194 3262 τοῦτο
216 3197 279 3282 γάρ
302 3196 371 3263 ἐστι
395 3197 581 3280 δημοτικόν.
619 3196 660 3260 οὐ
678 3195 741 3277 γάρ
760 3202 922 3258 τοσοῦτον
940 3189 966 3258 ὦ
985 3194 1105 3278 ἀνδρες

94 3299 266 3388 ’Ἀθηναῖοι
292 3303 388 3369 πέντε
415 3303 586 3367 ταλάντων
613 3301 707 3385 ὑμῖν,
736 3295 783 3366 ὧν
811 3293 904 3364 οὗτοι
928 3296 995 3364 τότ’
1022 3298 1104 3364 εἰσέ-

97 3410 234 3494 πραξαν,
257 3408 424 3475 τεθέντων
443 3405 630 3491 ὠφέλησθε,
654 3407 735 3472 ὅσον
754 3404 925 3489 βέβλαφθε
943 3405 1104 3470 τοιούτων

49 3529 85 3569 1⁶³
99 3513 189 3580 ἐθῶν
212 3514 258 3593 εἰς
281 3517 343 3598 τήν
365 3517 534 3581 πολιτείαν
556 3510 788 3596 εἰσαγομένων.
834 3511 866 3576 εἰ
888 3511 952 3594 γάρ
974 3507 1100 3574 ἐθέλοιτ’
