2616 3910
154 261 220 327 456
438 263 575 317 mm
597 261 878 316 ΔΗΜΟΣΘΕΝΟΤΣ

156 421 266 508 ὥσπερ
285 419 380 506 φήσ’,
398 421 463 488 ὑπὸ
481 430 541 488 τοῦ
559 419 723 506 Εὐέργου,
742 423 809 506 ἔχει
827 422 925 504 δίκην
942 413 982 504 ής
1000 413 1170 504 ἐτιμήσατ’

157 527 270 606 αὐτός·
289 519 355 594 εἷλε
373 528 437 612 γάρ
456 528 619 594 εἰσελθών
637 527 740 593 αὐτὸν
758 528 803 604 ώς
820 526 916 612 ὑμᾶς,
934 523 989 592 καὶ
1004 525 1044 592 οὐ
1059 527 1174 607 δήπου

156 643 224 700 τῶν
242 633 354 700 αὐτῶν
371 633 460 717 παρὰ
477 643 537 699 τοῦ
556 657 591 698 τε
609 635 824 717 πεποιηκότος
843 632 969 710 δίκαιός
987 631 1056 697 ἐστι
1071 633 1172 716 δίκην

157 743 282 823 λαβείν,
304 737 360 804 καὶ
382 736 459 823 παρ’
482 738 563 824 ἐμοῦ
585 747 647 805 τοῦ
668 735 745 822 μηδ’
769 738 1022 822 ἐπιδημοῦντος·
1044 739 1077 802 εέ
1096 730 1127 801 δ’
1150 736 1171 803 ὁ

157 844 306 930 Εὔεργος
332 843 442 930 ἀληθή
469 843 574 926 λέγει,
602 845 886 928 σεσυκοφάντηται
910 839 971 928 μὲν
993 843 1038 920 ώς
1060 845 1171 909 ἐοικεν

158 949 297 1033 ἐκεῖνος,
324 949 388 1034 ἐγὼ
417 946 448 1015 δ’
479 947 551 1016 οὐδ’
579 948 685 1026 οὕτως
710 959 778 1015 τῶν
806 949 917 1014 αὐτῶν
944 946 1097 1033 φεύγοιμ’
1125 947 1171 1014 ἂν

159 1057 256 1139 δίκην
288 1057 428 1133 είκότως.
474 1054 519 1133 ώς
550 1049 612 1121 οὖν
642 1063 744 1121 ταῦτα
772 1065 904 1140 πρῶτον
933 1053 1043 1138 ἀληθή
1071 1052 1170 1137 λέγω,

158 1161 287 1228 τούτων
309 1163 388 1238 τούς
409 1161 577 1248 μάρτυρας
599 1160 680 1244 ὑμῖν
702 1159 889 1245 παρέξομαι.

558 1370 760 1423 ΜΔΡῙῪΡΕΣ.

131 1495 145 1536 ⁹
240 1474 310 1544 Ὅτι
337 1471 399 1562 μέν
424 1479 542 1544 τοίνυν
566 1475 621 1543 καί
643 1479 770 1563 πρατήρ
793 1471 836 1559 ήν
858 1476 937 1560 ἡμῖν
958 1487 1026 1543 τῶν
1048 1476 1170 1560 κτημά·

159 1606 236 1664 των,
260 1583 361 1666 ὅσπερ
384 1581 418 1664 ἐξ
436 1582 538 1668 ἀργής
556 1583 655 1661 αὐτὸς
673 1581 809 1667 ἐώνητο,
831 1581 887 1648 καὶ
906 1583 987 1648 κατὰ
1005 1584 1062 1659 τάς
1080 1597 1225 1648 συν-969

159 1691 266 1772 θήκας
293 1682 390 1766 οὗτος
412 1685 620 1772 ἐμισθώσαθ’
646 1687 806 1773 ήμέτερον
828 1685 868 1752 δν
890 1689 927 1754 τὸ
952 1686 1170 1771 ἐργαστήριον

160 1791 213 1859 καί
236 1792 461 1876 τάνδράποδα,
484 1790 539 1858 καὶ
562 1793 638 1858 αύτε
661 1801 771 1877 παρῆν
795 1793 859 1876 ἐγὼ
882 1803 952 1869 τοῖς
969 1794 1049 1876 μετὰ
1066 1801 1170 1858 ταῦτα

160 1901 243 1984 πρὸς
260 1900 412 1984 Εὔεργον
434 1900 540 1988 τούτῳ
559 1905 758 1983 πραχθεῖσιν
776 1895 846 1964 οὔτ’
869 1898 1055 1982 ἐπεδήμουν
1073 1897 1169 1982 ὅλως,

161 2005 277 2090 ἐλαχέν
304 2029 337 2071 τε
363 2005 425 2089 τήν
452 2006 550 2088 δίκην
577 2003 690 2092 ἐκείνφ
717 2002 773 2070 καὶ
799 2001 901 2070 οὐδέν
927 2001 1059 2069 πώποθ’
1089 2002 1169 2092 ἡμῖν

161 2111 321 2193 ἐνεκάλει,
349 2109 483 2177 ἀκούετε
509 2122 576 2176 τῶν
603 2112 780 2195 μαρτύρων
808 2106 834 2176 ώ
862 2110 981 2194 ἀνδρες
1008 2111 1168 2174 δικασταί.

123 2231 149 2274 1⁰
163 2217 286 2300 ἐπειδή
302 2218 417 2282 τοίνυν
445 2214 614 2300 ἀφικόμην
637 2217 756 2300 σχεδόν
777 2238 810 2282 τι
832 2213 927 2282 πάντ’
954 2214 1169 2293 ἀπολωλεκὼς

162 2320 211 2389 δσ’
239 2324 323 2406 ἔχων
350 2319 541 2403 ἐξέπλευσα,
574 2320 718 2397 ἀκούσας
745 2318 800 2388 καὶ
826 2321 1019 2404 καταλαβὼν
1047 2329 1169 2385 τοῦτον

161 2424 222 2513 μὲν
241 2427 457 2512 ἀφεστηκότα,
480 2427 539 2494 τὸν
559 2423 588 2490 δ’
606 2426 759 2509 Εὔεργον
776 2429 893 2511 ἔχοντα
910 2424 966 2492 καί
983 2419 1165 2509 κρατοῦνθ’

162 2529 210 2602 ών
228 2533 411 2616 ἐωνήμεθα,
435 2539 636 2616 θαυμαστῶς
655 2532 699 2607 ώς
718 2530 900 2615 ἐλυπήθην,
925 2531 1013 2615 ὁρῶν
1030 2532 1068 2597 τὸ
1087 2540 1170 2616 πρά-

161 2641 228 2724 γμά
250 2662 307 2724 μοι
329 2639 539 2721 περιεστηκὸς
555 2639 610 2714 είς
627 2638 764 2703 ἀτοπον·
787 2635 807 2720 ή
827 2638 889 2720 γὰρ
908 2648 1083 2702 κοινωνεῖν
1101 2639 1170 2702 ἔδει

162 2754 220 2829 τής
242 2744 395 2829 ἐργασίας
417 2740 472 2808 καὶ
494 2753 561 2808 τών
584 2741 777 2826 ἐπιμελειῶν
798 2749 844 2830 τῷ
867 2739 1021 2831 Εύέργφ,
1048 2740 1069 2825 ή
1091 2744 1170 2826 χρή-

163 2867 246 2935 στην
268 2847 341 2915 ἀντὶ
363 2849 484 2914 τούτου
502 2849 561 2914 τὸν
578 2849 731 2932 Εύεργον
749 2849 848 2931 ἔχειν,
870 2845 1024 2931 καὶπρὸς
1042 2846 1171 2912 ἐκεῖνον

163 2959 263 3024 πάλιν
294 2959 462 3040 μίσθωσιν
493 2955 636 3039 γράφειν
666 2951 722 3019 καὶ
753 2954 957 3036 συμβόλαιον
986 2958 1169 3018 ποιείσθαι·

123 3081 149 3122 11
164 3065 291 3132 τούτων
314 3059 345 3127 δ’
370 3059 547 3144 οὐδέτερον
569 3060 795 3146 προῃρούμην.
832 3058 942 3143 ἀηδῶς·
965 3055 994 3122 δ’
1017 3060 1100 3143 ἔχων
1119 3049 1171 3135 οἷς

165 3167 248 3253 λέγω
271 3167 417 3250 τούτοις,
441 3167 522 3232 ίδὼν
543 3166 603 3230 τὸν
626 3161 820 3248 Μνησικλέα
842 3165 900 3229 τὸν
923 3171 1074 3248 πρατῆρα,
1094 3164 1170 3229 τού-

164 3299 231 3340 των
257 3272 337 3358 ἡμῖν
364 3269 599 3356 γεγενημένον,
627 3270 823 3353 προσελθὼν
851 3269 1042 3354 ἐμεμφόμην
1068 3270 1170 3357 αὐτῷ,

166 3377 272 3460 λέγων
299 3369 373 3442 οἷον
400 3377 582 3460 ἄνθρωπον
608 3373 813 3459 προύξένησέ
835 3399 906 3462 μοι,
933 3373 1088 3452 καὶτοὺς
1110 3375 1171 3460 ἀμ-

163 3485 411 3566 φισβητοῦντας
431 3479 487 3547 καὶ
509 3485 545 3546 τί
562 3479 653 3548 ταῦτ’
677 3479 766 3548 ἐστίν
789 3481 936 3566 ήρώτων.
972 3479 1116 3559 ἀκούσας
1135 3477 1167 3546 δ’

167 3587 301 3668 ἐκτίνος,
324 3598 391 3652 τῶν
408 3582 469 3669 μέν
488 3587 785 3671 ἀμφισβητούντων
803 3584 968 3668 κατεγέλα,
992 3591 1170 3652 συνελθεῖν
