<?xml version="1.0" encoding="UTF-8"?>
<!DOCTYPE html PUBLIC "-//W3C//DTD XHTML 1.0 Transitional//EN"
    "http://www.w3.org/TR/xhtml1/DTD/xhtml1-transitional.dtd">
<html xmlns="http://www.w3.org/1999/xhtml" xml:lang="en" lang="en">
 <head>
  <title>
</title>
<meta http-equiv="Content-Type" content="text/html;charset=utf-8" />
  <meta name='ocr-system' content='tesseract 3.04.00' />
  <meta name='ocr-capabilities' content='ocr_page ocr_carea ocr_par ocr_line ocrx_word'/>
</head>
<body>
  <div class='ocr_page' id='page_1' title='image "./orationes00demogoog_0229.png"; bbox 0 0 2612 3918; ppageno 0'>
   <div class='ocr_carea' id='block_1_1' title="bbox 159 145 848 240">
    <p class='ocr_par' dir='ltr' id='par_1_1' title="bbox 159 145 848 240">
     <span class='ocr_line' id='line_1_1' title="bbox 159 145 848 240; baseline 0 -9"><span class='ocrx_word' id='word_1_1' title='bbox 159 179 202 240; x_wconf 81' lang='lat'><strong><em>96</em></strong></span> <span class='ocrx_word' id='word_1_2' title='bbox 299 145 311 162; x_wconf 85' lang='grc'><strong><em>’</em></strong></span> <span class='ocrx_word' id='word_1_3' title='bbox 473 181 545 233; x_wconf 85' lang='lat' dir='ltr'>xx1.</span> <span class='ocrx_word' id='word_1_4' title='bbox 568 179 848 233; x_wconf 74' lang='grc' dir='ltr'><strong><em>ειτκοεοωιοττ</em></strong></span> 
     </span>
    </p>
   </div>
   <div class='ocr_carea' id='block_1_2' title="bbox 108 329 1225 3464">
    <p class='ocr_par' dir='ltr' id='par_1_2' title="bbox 108 329 1225 3464">
     <span class='ocr_line' id='line_1_2' title="bbox 158 329 1169 424; baseline -0.001 -19"><span class='ocrx_word' id='word_1_5' title='bbox 158 339 253 423; x_wconf 77' lang='grc' dir='ltr'><strong><em>ὑμῶν</em></strong></span> <span class='ocrx_word' id='word_1_6' title='bbox 284 334 340 424; x_wconf 66' lang='grc' dir='ltr'><strong><em>ἐμὲ</em></strong></span> <span class='ocrx_word' id='word_1_7' title='bbox 366 335 466 404; x_wconf 86' lang='grc' dir='ltr'><strong><em>ταῦθ’</em></strong></span> <span class='ocrx_word' id='word_1_8' title='bbox 498 337 634 422; x_wconf 79' lang='grc' dir='ltr'><em>ἑόρακεν</em></span> <span class='ocrx_word' id='word_1_9' title='bbox 660 348 836 418; x_wconf 72' lang='grc' dir='ltr'><strong><em>ποιοῦντας</em></strong></span> <span class='ocrx_word' id='word_1_10' title='bbox 868 339 931 406; x_wconf 90' lang='grc' dir='ltr'><strong><em>ούκ</em></strong></span> <span class='ocrx_word' id='word_1_11' title='bbox 944 331 1061 421; x_wconf 79' lang='grc' dir='ltr'><strong><em>Ιἔστιν,</em></strong></span> <span class='ocrx_word' id='word_1_12' title='bbox 1094 329 1169 404; x_wconf 79' lang='grc' dir='ltr'><strong><em>ἀλλ’</em></strong></span> 
     </span>
     <span class='ocr_line' id='line_1_3' title="bbox 160 439 1170 530; baseline -0.001 -19"><span class='ocrx_word' id='word_1_13' title='bbox 160 439 253 511; x_wconf 83' lang='grc' dir='ltr'><strong><em>οὗτοι</em></strong></span> <span class='ocrx_word' id='word_1_14' title='bbox 281 439 324 510; x_wconf 88' lang='grc' dir='ltr'><strong><em>δι’</em></strong></span> <span class='ocrx_word' id='word_1_15' title='bbox 350 447 476 530; x_wconf 80' lang='grc' dir='ltr'><strong><em>ἔχθραν</em></strong></span> <span class='ocrx_word' id='word_1_16' title='bbox 503 445 770 522; x_wconf 74' lang='grc' dir='ltr'><strong><em>καταψεύδονταί</em></strong></span> <span class='ocrx_word' id='word_1_17' title='bbox 793 467 872 529; x_wconf 90' lang='grc' dir='ltr'><strong><em>μου,</em></strong></span> <span class='ocrx_word' id='word_1_18' title='bbox 899 446 1170 528; x_wconf 81' lang='grc' dir='ltr'><strong><em>καταψευδομαρ·</em></strong></span> 
     </span>
     <span class='ocr_line' id='line_1_4' title="bbox 159 547 1169 638; baseline -0.003 -23"><span class='ocrx_word' id='word_1_19' title='bbox 159 552 355 636; x_wconf 84' lang='grc' dir='ltr'><strong><em>τυρούμαι,“</em></strong></span> <span class='ocrx_word' id='word_1_20' title='bbox 373 551 414 615; x_wconf 79' lang='grc' dir='ltr'><strong><em>τά</em></strong></span> <span class='ocrx_word' id='word_1_21' title='bbox 427 559 576 616; x_wconf 87' lang='grc' dir='ltr'><strong><em>τοιαῦτα·</em></strong></span> <span class='ocrx_word' id='word_1_22' title='bbox 594 551 700 638; x_wconf 77' lang='grc' dir='ltr'><strong><em>τούτῳ</em></strong></span> <span class='ocrx_word' id='word_1_23' title='bbox 716 547 746 614; x_wconf 93' lang='grc' dir='ltr'><strong><em>δ’</em></strong></span> <span class='ocrx_word' id='word_1_24' title='bbox 764 550 848 616; x_wconf 83' lang='grc' dir='ltr'><strong><em>αὐτὰ</em></strong></span> <span class='ocrx_word' id='word_1_25' title='bbox 861 550 1018 616; x_wconf 79' lang='grc' dir='ltr'><strong><em>τάναντία</em></strong></span> <span class='ocrx_word' id='word_1_26' title='bbox 1031 550 1169 615; x_wconf 86' lang='grc' dir='ltr'><strong><em>τούτων.</em></strong></span> 
     </span>
     <span class='ocr_line' id='line_1_5' title="bbox 108 653 1171 741; baseline -0.005 -18"><span class='ocrx_word' id='word_1_27' title='bbox 108 675 146 716; x_wconf 75' lang='lat'><strong><em>1³⁷</em></strong></span> <span class='ocrx_word' id='word_1_28' title='bbox 160 657 285 733; x_wconf 80' lang='grc' dir='ltr'><strong><em>πάντας</em></strong></span> <span class='ocrx_word' id='word_1_29' title='bbox 310 657 373 741; x_wconf 82' lang='grc' dir='ltr'><strong><em>γάρ</em></strong></span> <span class='ocrx_word' id='word_1_30' title='bbox 401 655 486 739; x_wconf 86' lang='grc' dir='ltr'><strong><em>ὑμᾶς</em></strong></span> <span class='ocrx_word' id='word_1_31' title='bbox 513 654 637 720; x_wconf 83' lang='grc' dir='ltr'><strong><em>είδέναι</em></strong></span> <span class='ocrx_word' id='word_1_32' title='bbox 659 658 781 739; x_wconf 79' lang='grc' dir='ltr'><strong><em>νομίζω</em></strong></span> <span class='ocrx_word' id='word_1_33' title='bbox 803 657 864 721; x_wconf 87' lang='grc' dir='ltr'><strong><em>τὸν</em></strong></span> <span class='ocrx_word' id='word_1_34' title='bbox 884 659 1009 738; x_wconf 80' lang='grc' dir='ltr'><strong><em>τρόπον</em></strong></span> <span class='ocrx_word' id='word_1_35' title='bbox 1030 653 1085 721; x_wconf 85' lang='grc' dir='ltr'><strong><em>καί</em></strong></span> <span class='ocrx_word' id='word_1_36' title='bbox 1107 655 1171 737; x_wconf 89' lang='grc' dir='ltr'><strong><em>τήν</em></strong></span> 
     </span>
     <span class='ocr_line' id='line_1_6' title="bbox 160 757 1171 845; baseline -0.002 -19"><span class='ocrx_word' id='word_1_37' title='bbox 160 759 334 845; x_wconf 70' lang='grc' dir='ltr'><strong><em>ἀσέλγειαν</em></strong></span> <span class='ocrx_word' id='word_1_38' title='bbox 360 758 417 827; x_wconf 81' lang='grc' dir='ltr'><strong><em>καί</em></strong></span> <span class='ocrx_word' id='word_1_39' title='bbox 442 762 505 845; x_wconf 88' lang='grc' dir='ltr'><strong><em>τήν</em></strong></span> <span class='ocrx_word' id='word_1_40' title='bbox 531 761 764 844; x_wconf 78' lang='grc' dir='ltr'><strong><em>ὑπερηφανίαν</em></strong></span> <span class='ocrx_word' id='word_1_41' title='bbox 788 769 849 826; x_wconf 86' lang='grc' dir='ltr'><strong><em>τοῦ</em></strong></span> <span class='ocrx_word' id='word_1_42' title='bbox 871 763 962 844; x_wconf 87' lang='grc' dir='ltr'><strong><em>βίον,</em></strong></span> <span class='ocrx_word' id='word_1_43' title='bbox 991 757 1046 826; x_wconf 85' lang='grc' dir='ltr'><strong><em>καλ</em></strong></span> <span class='ocrx_word' id='word_1_44' title='bbox 1067 761 1171 826; x_wconf 85' lang='grc' dir='ltr'><strong><em>πάλαι</em></strong></span> 
     </span>
     <span class='ocr_line' id='line_1_7' title="bbox 159 860 1170 951; baseline -0.001 -20"><span class='ocrx_word' id='word_1_45' title='bbox 159 868 342 951; x_wconf 73' lang='grc' dir='ltr'><strong><em>θαυμάζειν</em></strong></span> <span class='ocrx_word' id='word_1_46' title='bbox 360 865 471 944; x_wconf 82' lang='grc' dir='ltr'><strong><em>ένίους</em></strong></span> <span class='ocrx_word' id='word_1_47' title='bbox 489 861 590 950; x_wconf 79' lang='grc' dir='ltr'><strong><em>οἶμαι,</em></strong></span> <span class='ocrx_word' id='word_1_48' title='bbox 610 860 657 932; x_wconf 81' lang='grc' dir='ltr'><strong><em>ὧν</em></strong></span> <span class='ocrx_word' id='word_1_49' title='bbox 676 864 772 932; x_wconf 83' lang='grc' dir='ltr'><strong><em>αύτοί</em></strong></span> <span class='ocrx_word' id='word_1_50' title='bbox 791 862 852 950; x_wconf 77' lang='grc' dir='ltr'><strong><em>μὲν</em></strong></span> <span class='ocrx_word' id='word_1_51' title='bbox 870 873 992 949; x_wconf 83' lang='grc' dir='ltr'><strong><em>ίσασιυ,</em></strong></span> <span class='ocrx_word' id='word_1_52' title='bbox 1011 865 1073 931; x_wconf 91' lang='grc' dir='ltr'><strong><em>ούκ</em></strong></span> <span class='ocrx_word' id='word_1_53' title='bbox 1091 866 1170 948; x_wconf 84' lang='grc' dir='ltr'><strong><em>άκη-</em></strong></span> 
     </span>
     <span class='ocr_line' id='line_1_8' title="bbox 159 967 1171 1057; baseline -0.001 -19"><span class='ocrx_word' id='word_1_54' title='bbox 159 974 255 1038; x_wconf 86' lang='grc' dir='ltr'><strong><em>κόασι</em></strong></span> <span class='ocrx_word' id='word_1_55' title='bbox 279 967 317 1037; x_wconf 77' lang='grc' dir='ltr'><strong><em>δὲ</em></strong></span> <span class='ocrx_word' id='word_1_56' title='bbox 337 980 402 1037; x_wconf 87' lang='grc' dir='ltr'><strong><em>νῦν</em></strong></span> <span class='ocrx_word' id='word_1_57' title='bbox 424 971 514 1057; x_wconf 89' lang='grc' dir='ltr'><strong><em>έμοῦ.</em></strong></span> <span class='ocrx_word' id='word_1_58' title='bbox 551 974 695 1049; x_wconf 85' lang='grc' dir='ltr'><strong><em>πολλοὺς</em></strong></span> <span class='ocrx_word' id='word_1_59' title='bbox 713 968 750 1037; x_wconf 73' lang='grc' dir='ltr'><strong><em>δὲ</em></strong></span> <span class='ocrx_word' id='word_1_60' title='bbox 767 982 835 1036; x_wconf 79' lang='grc' dir='ltr'><strong><em>τῶν</em></strong></span> <span class='ocrx_word' id='word_1_61' title='bbox 853 974 1072 1037; x_wconf 74' lang='grc' dir='ltr'><strong><em>πεπονθότων</em></strong></span> <span class='ocrx_word' id='word_1_62' title='bbox 1090 967 1171 1037; x_wconf 76' lang='grc' dir='ltr'><strong><em>ούδὲ</em></strong></span> 
     </span>
     <span class='ocr_line' id='line_1_9' title="bbox 160 1074 1170 1162; baseline 0 -20"><span class='ocrx_word' id='word_1_63' title='bbox 160 1074 262 1143; x_wconf 90' lang='grc' dir='ltr'><strong><em>πάνθ’</em></strong></span> <span class='ocrx_word' id='word_1_64' title='bbox 294 1075 343 1143; x_wconf 84' lang='grc' dir='ltr'><strong><em>όσ’</em></strong></span> <span class='ocrx_word' id='word_1_65' title='bbox 375 1077 547 1162; x_wconf 77' lang='grc' dir='ltr'><strong><em>ἠδίκηνται</em></strong></span> <span class='ocrx_word' id='word_1_66' title='bbox 578 1087 759 1162; x_wconf 78' lang='grc' dir='ltr'><strong><em>μαρτυρεῖν</em></strong></span> <span class='ocrx_word' id='word_1_67' title='bbox 788 1075 966 1155; x_wconf 76' lang='grc' dir='ltr'><strong><em>ἐθέλοντας</em></strong></span> <span class='ocrx_word' id='word_1_68' title='bbox 993 1075 1076 1160; x_wconf 80' lang='grc' dir='ltr'><strong><em>ὁρῶ,</em></strong></span> <span class='ocrx_word' id='word_1_69' title='bbox 1107 1078 1170 1160; x_wconf 89' lang='grc' dir='ltr'><strong><em>τήν</em></strong></span> 
     </span>
     <span class='ocr_line' id='line_1_10' title="bbox 160 1180 1171 1268; baseline -0.001 -19"><span class='ocrx_word' id='word_1_70' title='bbox 160 1185 238 1265; x_wconf 89' lang='grc' dir='ltr'><strong><em>βίαν</em></strong></span> <span class='ocrx_word' id='word_1_71' title='bbox 268 1180 323 1249; x_wconf 81' lang='grc' dir='ltr'><strong><em>καί</em></strong></span> <span class='ocrx_word' id='word_1_72' title='bbox 352 1184 413 1267; x_wconf 88' lang='grc' dir='ltr'><strong><em>τήν</em></strong></span> <span class='ocrx_word' id='word_1_73' title='bbox 440 1184 760 1268; x_wconf 79' lang='grc' dir='ltr'><strong><em>φιλοπραγμοσύνην</em></strong></span> <span class='ocrx_word' id='word_1_74' title='bbox 788 1182 935 1268; x_wconf 81' lang='grc' dir='ltr'><strong><em>ὁρῶντας</em></strong></span> <span class='ocrx_word' id='word_1_75' title='bbox 960 1184 1022 1267; x_wconf 88' lang='grc' dir='ltr'><strong><em>τήν</em></strong></span> <span class='ocrx_word' id='word_1_76' title='bbox 1048 1184 1171 1249; x_wconf 91' lang='grc' dir='ltr'><strong><em>τούτου</em></strong></span> 
     </span>
     <span class='ocr_line' id='line_1_11' title="bbox 161 1285 1170 1374; baseline 0.003 -21"><span class='ocrx_word' id='word_1_77' title='bbox 161 1285 216 1354; x_wconf 80' lang='grc' dir='ltr'><strong><em>καὶ</em></strong></span> <span class='ocrx_word' id='word_1_78' title='bbox 238 1289 299 1372; x_wconf 90' lang='grc' dir='ltr'><strong><em>τήν</em></strong></span> <span class='ocrx_word' id='word_1_79' title='bbox 320 1288 488 1374; x_wconf 79' lang='grc' dir='ltr'><strong><em>ἀφορμήν,</em></strong></span> <span class='ocrx_word' id='word_1_80' title='bbox 511 1289 594 1374; x_wconf 86' lang='grc' dir='ltr'><strong><em>ήπερ</em></strong></span> <span class='ocrx_word' id='word_1_81' title='bbox 614 1291 751 1373; x_wconf 79' lang='grc' dir='ltr'><strong><em>ίσχυρδν</em></strong></span> <span class='ocrx_word' id='word_1_82' title='bbox 768 1299 860 1355; x_wconf 80' lang='grc' dir='ltr'><strong><em>ποιεί</em></strong></span> <span class='ocrx_word' id='word_1_83' title='bbox 873 1286 928 1354; x_wconf 85' lang='grc' dir='ltr'><strong><em>καὶ</em></strong></span> <span class='ocrx_word' id='word_1_84' title='bbox 946 1289 1092 1374; x_wconf 85' lang='grc' dir='ltr'><strong><em>φοβερὸν</em></strong></span> <span class='ocrx_word' id='word_1_85' title='bbox 1110 1291 1170 1356; x_wconf 85' lang='grc' dir='ltr'><strong><em>τὸν</em></strong></span> 
     </span>
     <span class='ocr_line' id='line_1_12' title="bbox 109 1388 1170 1479; baseline 0.005 -23"><span class='ocrx_word' id='word_1_86' title='bbox 109 1415 148 1456; x_wconf 80' lang='grc' dir='ltr'><strong><em>ιω</em></strong></span> <span class='ocrx_word' id='word_1_87' title='bbox 160 1395 387 1460; x_wconf 85' lang='grc' dir='ltr'><strong><em>κατάπτυστον</em></strong></span> <span class='ocrx_word' id='word_1_88' title='bbox 409 1398 550 1461; x_wconf 88' lang='grc' dir='ltr'><strong><em>τουτονί.</em></strong></span> <span class='ocrx_word' id='word_1_89' title='bbox 596 1396 719 1479; x_wconf 80' lang='grc' dir='ltr'><strong><em>τὸγὰρ</em></strong></span> <span class='ocrx_word' id='word_1_90' title='bbox 743 1388 969 1478; x_wconf 78' lang='grc' dir='ltr'><strong><em>ἐπ’έξουσίας</em></strong></span> <span class='ocrx_word' id='word_1_91' title='bbox 991 1394 1046 1461; x_wconf 82' lang='grc' dir='ltr'><strong><em>καί</em></strong></span> <span class='ocrx_word' id='word_1_92' title='bbox 1068 1397 1170 1461; x_wconf 88' lang='grc' dir='ltr'><strong><em>πλού-</em></strong></span> 
     </span>
     <span class='ocr_line' id='line_1_13' title="bbox 160 1487 1169 1586; baseline 0.002 -20"><span class='ocrx_word' id='word_1_93' title='bbox 160 1487 222 1566; x_wconf 87' lang='grc' dir='ltr'><strong><em>του</em></strong></span> <span class='ocrx_word' id='word_1_94' title='bbox 244 1501 392 1586; x_wconf 80' lang='grc' dir='ltr'><strong><em>πονηρὸν</em></strong></span> <span class='ocrx_word' id='word_1_95' title='bbox 415 1497 501 1566; x_wconf 79' lang='grc' dir='ltr'><strong><em>εἶναι</em></strong></span> <span class='ocrx_word' id='word_1_96' title='bbox 525 1497 594 1582; x_wconf 80' lang='grc' dir='ltr'><strong><em>[καί</em></strong></span> <span class='ocrx_word' id='word_1_97' title='bbox 611 1499 799 1584; x_wconf 87' lang='grc' dir='ltr'><strong><em>ύβριστήν],</em></strong></span> <span class='ocrx_word' id='word_1_98' title='bbox 821 1504 927 1586; x_wconf 70' lang='grc' dir='ltr'><strong><em>τεῖχός</em></strong></span> <span class='ocrx_word' id='word_1_99' title='bbox 945 1500 1014 1567; x_wconf 78' lang='grc' dir='ltr'><strong><em>ἐστι</em></strong></span> <span class='ocrx_word' id='word_1_100' title='bbox 1031 1504 1114 1586; x_wconf 86' lang='grc' dir='ltr'><strong><em>πρὸς</em></strong></span> <span class='ocrx_word' id='word_1_101' title='bbox 1131 1503 1169 1568; x_wconf 85' lang='grc' dir='ltr'><strong><em>τὸ</em></strong></span> 
     </span>
     <span class='ocr_line' id='line_1_14' title="bbox 161 1603 1164 1692; baseline -0.001 -20"><span class='ocrx_word' id='word_1_102' title='bbox 161 1603 265 1691; x_wconf 72' lang='grc' dir='ltr'><strong><em>μηδὲν</em></strong></span> <span class='ocrx_word' id='word_1_103' title='bbox 292 1604 334 1671; x_wconf 80' lang='grc' dir='ltr'><strong><em>δν</em></strong></span> <span class='ocrx_word' id='word_1_104' title='bbox 361 1606 394 1686; x_wconf 80' lang='grc' dir='ltr'><strong><em>ἐξ</em></strong></span> <span class='ocrx_word' id='word_1_105' title='bbox 422 1606 600 1691; x_wconf 76' lang='grc' dir='ltr'><strong><em>ἐπιδρομῆς</em></strong></span> <span class='ocrx_word' id='word_1_106' title='bbox 626 1612 764 1686; x_wconf 79' lang='grc' dir='ltr'><strong><em>παθεῖν,</em></strong></span> <span class='ocrx_word' id='word_1_107' title='bbox 793 1604 863 1672; x_wconf 76' lang='grc' dir='ltr'><strong><em>ἐπεὶ</em></strong></span> <span class='ocrx_word' id='word_1_108' title='bbox 889 1609 1112 1692; x_wconf 87' lang='grc' dir='ltr'><strong><em>περιαιρεθείς</em></strong></span> <span class='ocrx_word' id='word_1_109' title='bbox 1134 1605 1164 1691; x_wconf 91' lang='grc' dir='ltr'><strong><em>γ’</em></strong></span> 
     </span>
     <span class='ocr_line' id='line_1_15' title="bbox 161 1706 1167 1799; baseline 0.002 -22"><span class='ocrx_word' id='word_1_110' title='bbox 161 1706 258 1796; x_wconf 86' lang='grc' dir='ltr'><strong><em>οὗτος</em></strong></span> <span class='ocrx_word' id='word_1_111' title='bbox 289 1713 330 1777; x_wconf 83' lang='grc' dir='ltr'><strong><em>τὰ</em></strong></span> <span class='ocrx_word' id='word_1_112' title='bbox 357 1710 425 1778; x_wconf 79' lang='grc' dir='ltr'><strong><em>ὅντ’</em></strong></span> <span class='ocrx_word' id='word_1_113' title='bbox 457 1719 536 1789; x_wconf 73' lang='grc' dir='ltr'><strong><em>ἴσως</em></strong></span> <span class='ocrx_word' id='word_1_114' title='bbox 562 1709 624 1797; x_wconf 74' lang='grc' dir='ltr'><strong><em>μὲν</em></strong></span> <span class='ocrx_word' id='word_1_115' title='bbox 652 1711 713 1777; x_wconf 89' lang='grc' dir='ltr'><strong><em>ούκ</em></strong></span> <span class='ocrx_word' id='word_1_116' title='bbox 740 1711 782 1778; x_wconf 80' lang='grc' dir='ltr'><strong><em>ἂν</em></strong></span> <span class='ocrx_word' id='word_1_117' title='bbox 807 1712 951 1798; x_wconf 65' lang='grc' dir='ltr'><strong><em>ύβριζοι,</em></strong></span> <span class='ocrx_word' id='word_1_118' title='bbox 984 1714 1015 1778; x_wconf 90' lang='grc' dir='ltr'><strong><em>εί</em></strong></span> <span class='ocrx_word' id='word_1_119' title='bbox 1041 1711 1070 1779; x_wconf 89' lang='grc' dir='ltr'><strong><em>δ’</em></strong></span> <span class='ocrx_word' id='word_1_120' title='bbox 1102 1708 1167 1799; x_wconf 79' lang='grc' dir='ltr'><strong><em>ἄρ’,</em></strong></span> 
     </span>
     <span class='ocr_line' id='line_1_16' title="bbox 161 1813 1168 1904; baseline 0.002 -20"><span class='ocrx_word' id='word_1_121' title='bbox 161 1817 334 1895; x_wconf 80' lang='grc' dir='ltr'><strong><em>ἐλάττονος</em></strong></span> <span class='ocrx_word' id='word_1_122' title='bbox 357 1819 448 1897; x_wconf 81' lang='grc' dir='ltr'><strong><em>ἄξιος</em></strong></span> <span class='ocrx_word' id='word_1_123' title='bbox 470 1822 560 1884; x_wconf 79' lang='grc' dir='ltr'><strong><em>ἔσται</em></strong></span> <span class='ocrx_word' id='word_1_124' title='bbox 582 1828 644 1886; x_wconf 86' lang='grc' dir='ltr'><strong><em>τού</em></strong></span> <span class='ocrx_word' id='word_1_125' title='bbox 666 1819 865 1904; x_wconf 77' lang='grc' dir='ltr'><strong><em>μικροτάτου</em></strong></span> <span class='ocrx_word' id='word_1_126' title='bbox 886 1813 964 1904; x_wconf 85' lang='grc' dir='ltr'><strong><em>παρ’</em></strong></span> <span class='ocrx_word' id='word_1_127' title='bbox 988 1818 1081 1903; x_wconf 77' lang='grc' dir='ltr'><strong><em>ὑμῖν·</em></strong></span> <span class='ocrx_word' id='word_1_128' title='bbox 1109 1819 1168 1904; x_wconf 91' lang='grc' dir='ltr'><strong><em>μά-</em></strong></span> 
     </span>
     <span class='ocr_line' id='line_1_17' title="bbox 161 1921 1225 2009; baseline -0.004 -20"><span class='ocrx_word' id='word_1_129' title='bbox 161 1947 223 2006; x_wconf 93' lang='grc' dir='ltr'><strong><em>την</em></strong></span> <span class='ocrx_word' id='word_1_130' title='bbox 240 1925 304 2009; x_wconf 82' lang='grc' dir='ltr'><strong><em>γδρ</em></strong></span> <span class='ocrx_word' id='word_1_131' title='bbox 322 1926 551 2008; x_wconf 78' lang='grc' dir='ltr'><strong><em>λοιδορήσεται</em></strong></span> <span class='ocrx_word' id='word_1_132' title='bbox 569 1921 625 1990; x_wconf 80' lang='grc' dir='ltr'><strong><em>καί</em></strong></span> <span class='ocrx_word' id='word_1_133' title='bbox 642 1927 808 2009; x_wconf 81' lang='grc' dir='ltr'><strong><em>βοήσεται,</em></strong></span> <span class='ocrx_word' id='word_1_134' title='bbox 829 1925 925 2009; x_wconf 88' lang='grc' dir='ltr'><strong><em>δίκην</em></strong></span> <span class='ocrx_word' id='word_1_135' title='bbox 944 1921 989 2008; x_wconf 89' lang='grc' dir='ltr'><strong><em>δ’,</em></strong></span> <span class='ocrx_word' id='word_1_136' title='bbox 1007 1923 1050 1990; x_wconf 80' lang='grc' dir='ltr'><strong><em>άν</em></strong></span> <span class='ocrx_word' id='word_1_137' title='bbox 1066 1924 1225 1990; x_wconf 83' lang='grc' dir='ltr'><strong><em>άσελ-οοο</em></strong></span> 
     </span>
     <span class='ocr_line' id='line_1_18' title="bbox 110 2027 1165 2114; baseline 0.006 -24"><span class='ocrx_word' id='word_1_138' title='bbox 110 2050 148 2090; x_wconf 84' lang='grc' dir='ltr'><strong><em>ιω</em></strong></span> <span class='ocrx_word' id='word_1_139' title='bbox 161 2033 260 2112; x_wconf 88' lang='grc' dir='ltr'><strong><em>γαίνη</em></strong></span> <span class='ocrx_word' id='word_1_140' title='bbox 291 2051 339 2111; x_wconf 90' lang='grc' dir='ltr'><strong><em>τι,</em></strong></span> <span class='ocrx_word' id='word_1_141' title='bbox 370 2041 440 2107; x_wconf 74' lang='grc' dir='ltr'><strong><em>τοῖς</em></strong></span> <span class='ocrx_word' id='word_1_142' title='bbox 472 2032 584 2108; x_wconf 74' lang='grc' dir='ltr'><strong><em>ἄλλοις</em></strong></span> <span class='ocrx_word' id='word_1_143' title='bbox 615 2030 694 2114; x_wconf 85' lang='grc' dir='ltr'><strong><em>ήμῐν</em></strong></span> <span class='ocrx_word' id='word_1_144' title='bbox 723 2029 757 2108; x_wconf 76' lang='grc' dir='ltr'><strong><em>ἐξ</em></strong></span> <span class='ocrx_word' id='word_1_145' title='bbox 785 2037 862 2096; x_wconf 75' lang='grc' dir='ltr'><strong><em>ἴσον</em></strong></span> <span class='ocrx_word' id='word_1_146' title='bbox 888 2031 997 2096; x_wconf 83' lang='grc' dir='ltr'><strong><em>δύσει.</em></strong></span> <span class='ocrx_word' id='word_1_147' title='bbox 1042 2039 1106 2095; x_wconf 85' lang='grc' dir='ltr'><strong><em>νῦν</em></strong></span> <span class='ocrx_word' id='word_1_148' title='bbox 1133 2027 1165 2097; x_wconf 92' lang='grc' dir='ltr'><strong><em>δ’</em></strong></span> 
     </span>
     <span class='ocr_line' id='line_1_19' title="bbox 163 2130 1169 2222; baseline 0 -20"><span class='ocrx_word' id='word_1_149' title='bbox 163 2130 254 2220; x_wconf 77' lang='grc' dir='ltr'><strong><em>οἶμαι</em></strong></span> <span class='ocrx_word' id='word_1_150' title='bbox 284 2136 406 2203; x_wconf 87' lang='grc' dir='ltr'><strong><em>τούτου</em></strong></span> <span class='ocrx_word' id='word_1_151' title='bbox 436 2134 658 2222; x_wconf 78' lang='grc' dir='ltr'><strong><em>προβέβληται</em></strong></span> <span class='ocrx_word' id='word_1_152' title='bbox 690 2137 917 2219; x_wconf 87' lang='grc' dir='ltr'><strong><em>Πολύευκτος,</em></strong></span> <span class='ocrx_word' id='word_1_153' title='bbox 955 2137 1169 2222; x_wconf 77' lang='grc' dir='ltr'><strong><em>Τιμοκράτης,</em></strong></span> 
     </span>
     <span class='ocr_line' id='line_1_20' title="bbox 162 2239 1171 2328; baseline 0.001 -20"><span class='ocrx_word' id='word_1_154' title='bbox 162 2242 346 2327; x_wconf 78' lang='grc' dir='ltr'><strong><em>Εὐκτήμων</em></strong></span> <span class='ocrx_word' id='word_1_155' title='bbox 370 2239 388 2308; x_wconf 86' lang='grc' dir='ltr'>ὁ</span> <span class='ocrx_word' id='word_1_156' title='bbox 406 2245 591 2328; x_wconf 89' lang='grc' dir='ltr'><strong><em>κονιορτός·</em></strong></span> <span class='ocrx_word' id='word_1_157' title='bbox 612 2245 763 2307; x_wconf 89' lang='grc' dir='ltr'><strong><em>τοιοῦτοί</em></strong></span> <span class='ocrx_word' id='word_1_158' title='bbox 776 2240 864 2319; x_wconf 81' lang='grc' dir='ltr'><strong><em>τινές</em></strong></span> <span class='ocrx_word' id='word_1_159' title='bbox 882 2244 946 2308; x_wconf 88' lang='grc' dir='ltr'><strong><em>είσι</em></strong></span> <span class='ocrx_word' id='word_1_160' title='bbox 964 2243 1171 2327; x_wconf 74' lang='grc' dir='ltr'><strong><em>μισθοφόροι</em></strong></span> 
     </span>
     <span class='ocr_line' id='line_1_21' title="bbox 161 2346 1169 2433; baseline 0 -19"><span class='ocrx_word' id='word_1_161' title='bbox 161 2346 236 2432; x_wconf 81' lang='grc' dir='ltr'><strong><em>περὶ</em></strong></span> <span class='ocrx_word' id='word_1_162' title='bbox 258 2347 375 2429; x_wconf 86' lang='grc' dir='ltr'><strong><em>αὐτόν,</em></strong></span> <span class='ocrx_word' id='word_1_163' title='bbox 398 2346 557 2431; x_wconf 81' lang='grc' dir='ltr'><strong><em>καὶπρὸς</em></strong></span> <span class='ocrx_word' id='word_1_164' title='bbox 579 2349 709 2425; x_wconf 82' lang='grc' dir='ltr'><strong><em>τούτοις</em></strong></span> <span class='ocrx_word' id='word_1_165' title='bbox 731 2347 852 2433; x_wconf 71' lang='grc' dir='ltr'><strong><em>ἕτεροι,</em></strong></span> <span class='ocrx_word' id='word_1_166' title='bbox 875 2348 1051 2433; x_wconf 89' lang='grc' dir='ltr'><strong><em>μαρτύρων</em></strong></span> <span class='ocrx_word' id='word_1_167' title='bbox 1074 2365 1169 2414; x_wconf 86' lang='grc' dir='ltr'><strong><em>συνε-</em></strong></span> 
     </span>
     <span class='ocr_line' id='line_1_22' title="bbox 162 2449 1169 2539; baseline -0.004 -17"><span class='ocrx_word' id='word_1_168' title='bbox 162 2451 260 2522; x_wconf 81' lang='grc' dir='ltr'><strong><em>στῶτ’</em></strong></span> <span class='ocrx_word' id='word_1_169' title='bbox 287 2451 446 2539; x_wconf 86' lang='grc' dir='ltr'><strong><em>ἑταιρεία,</em></strong></span> <span class='ocrx_word' id='word_1_170' title='bbox 473 2465 625 2539; x_wconf 83' lang='grc' dir='ltr'><strong><em>φανερῶς</em></strong></span> <span class='ocrx_word' id='word_1_171' title='bbox 651 2449 713 2537; x_wconf 73' lang='grc' dir='ltr'><strong><em>μὲν</em></strong></span> <span class='ocrx_word' id='word_1_172' title='bbox 739 2453 801 2519; x_wconf 91' lang='grc' dir='ltr'><strong><em>ούκ</em></strong></span> <span class='ocrx_word' id='word_1_173' title='bbox 828 2452 1055 2538; x_wconf 72' lang='grc' dir='ltr'><strong><em>ἐνοχλούντων</em></strong></span> <span class='ocrx_word' id='word_1_174' title='bbox 1077 2452 1169 2538; x_wconf 79' lang='grc' dir='ltr'><strong><em>ὑμίν,</em></strong></span> 
     </span>
     <span class='ocr_line' id='line_1_23' title="bbox 163 2556 1169 2646; baseline -0.003 -19"><span class='ocrx_word' id='word_1_175' title='bbox 163 2568 239 2643; x_wconf 83' lang='grc' dir='ltr'><strong><em>σιγή</em></strong></span> <span class='ocrx_word' id='word_1_176' title='bbox 271 2556 308 2625; x_wconf 74' lang='grc' dir='ltr'><strong><em>δὲ</em></strong></span> <span class='ocrx_word' id='word_1_177' title='bbox 339 2560 378 2624; x_wconf 79' lang='grc' dir='ltr'><strong><em>τὰ</em></strong></span> <span class='ocrx_word' id='word_1_178' title='bbox 410 2561 516 2643; x_wconf 80' lang='grc' dir='ltr'><strong><em>ύευδή</em></strong></span> <span class='ocrx_word' id='word_1_179' title='bbox 549 2556 642 2646; x_wconf 73' lang='grc' dir='ltr'><strong><em>ῥᾷστ’</em></strong></span> <span class='ocrx_word' id='word_1_180' title='bbox 676 2558 905 2625; x_wconf 82' lang='grc' dir='ltr'><strong><em>ἐπινευόντων.</em></strong></span> <span class='ocrx_word' id='word_1_181' title='bbox 952 2561 1005 2636; x_wconf 74' lang='grc' dir='ltr'><strong><em>οὓς</em></strong></span> <span class='ocrx_word' id='word_1_182' title='bbox 1032 2561 1073 2643; x_wconf 80' lang='grc' dir='ltr'><strong><em>μὰ</em></strong></span> <span class='ocrx_word' id='word_1_183' title='bbox 1099 2563 1169 2638; x_wconf 78' lang='grc' dir='ltr'><strong><em>τοὺς</em></strong></span> 
     </span>
     <span class='ocr_line' id='line_1_24' title="bbox 162 2655 1172 2740; baseline 0.001 -19"><span class='ocrx_word' id='word_1_184' title='bbox 162 2659 254 2733; x_wconf 83' lang='grc' dir='ltr'><strong><em>θεούς</em></strong></span> <span class='ocrx_word' id='word_1_185' title='bbox 281 2657 370 2721; x_wconf 78' lang='grc' dir='ltr'><strong><em>ούδὲυ</em></strong></span> <span class='ocrx_word' id='word_1_186' title='bbox 397 2655 576 2738; x_wconf 80' lang='grc' dir='ltr'><strong><em>ὠφελεῖσθαι</em></strong></span> <span class='ocrx_word' id='word_1_187' title='bbox 597 2660 706 2740; x_wconf 77' lang='grc' dir='ltr'><strong><em>νομίζω</em></strong></span> <span class='ocrx_word' id='word_1_188' title='bbox 728 2658 808 2740; x_wconf 76' lang='grc' dir='ltr'><strong><em>παρὰ</em></strong></span> <span class='ocrx_word' id='word_1_189' title='bbox 830 2661 950 2722; x_wconf 89' lang='grc' dir='ltr'><strong><em>τούτου·</em></strong></span> <span class='ocrx_word' id='word_1_190' title='bbox 982 2658 1054 2721; x_wconf 74' lang='grc' dir='ltr'><strong><em>ἀλλὰ</em></strong></span> <span class='ocrx_word' id='word_1_191' title='bbox 1077 2659 1172 2722; x_wconf 88' lang='grc' dir='ltr'><strong><em>δεινοί</em></strong></span> 
     </span>
     <span class='ocr_line' id='line_1_25' title="bbox 161 2749 1169 2839; baseline 0 -21"><span class='ocrx_word' id='word_1_192' title='bbox 161 2753 239 2828; x_wconf 85' lang='grc' dir='ltr'><strong><em>τινές</em></strong></span> <span class='ocrx_word' id='word_1_193' title='bbox 256 2757 331 2818; x_wconf 85' lang='grc' dir='ltr'><strong><em>εἰσιν</em></strong></span> <span class='ocrx_word' id='word_1_194' title='bbox 349 2749 372 2817; x_wconf 75' lang='grc' dir='ltr'><strong><em>ἑο</em></strong></span> <span class='ocrx_word' id='word_1_195' title='bbox 390 2753 497 2839; x_wconf 83' lang='grc' dir='ltr'><strong><em>άνδρες</em></strong></span> <span class='ocrx_word' id='word_1_196' title='bbox 512 2752 679 2836; x_wconf 86' lang='grc' dir='ltr'><strong><em>Ἀθηναῖοι,</em></strong></span> <span class='ocrx_word' id='word_1_197' title='bbox 701 2757 883 2838; x_wconf 85' lang='grc' dir='ltr'><strong><em>φθείρεσθαι</em></strong></span> <span class='ocrx_word' id='word_1_198' title='bbox 899 2755 974 2838; x_wconf 80' lang='grc' dir='ltr'><strong><em>πρὸς</em></strong></span> <span class='ocrx_word' id='word_1_199' title='bbox 991 2756 1060 2830; x_wconf 84' lang='grc' dir='ltr'><strong><em>τούς</em></strong></span> <span class='ocrx_word' id='word_1_200' title='bbox 1078 2761 1169 2818; x_wconf 88' lang='grc' dir='ltr'><strong><em>πλου-</em></strong></span> 
     </span>
     <span class='ocr_line' id='line_1_26' title="bbox 110 2845 1170 2934; baseline 0.004 -22"><span class='ocrx_word' id='word_1_201' title='bbox 110 2869 150 2912; x_wconf 79' lang='lat' dir='ltr'><strong><em>uo</em></strong></span> <span class='ocrx_word' id='word_1_202' title='bbox 163 2855 246 2927; x_wconf 87' lang='grc' dir='ltr'><strong><em>σίους</em></strong></span> <span class='ocrx_word' id='word_1_203' title='bbox 268 2851 319 2914; x_wconf 80' lang='grc' dir='ltr'><strong><em>καί</em></strong></span> <span class='ocrx_word' id='word_1_204' title='bbox 340 2859 477 2934; x_wconf 88' lang='grc' dir='ltr'><strong><em>παρεῖναι</em></strong></span> <span class='ocrx_word' id='word_1_205' title='bbox 497 2850 548 2915; x_wconf 79' lang='grc' dir='ltr'><strong><em>καί</em></strong></span> <span class='ocrx_word' id='word_1_206' title='bbox 571 2858 737 2934; x_wconf 84' lang='grc' dir='ltr'><strong><em>μαρτυρεῖν.</em></strong></span> <span class='ocrx_word' id='word_1_207' title='bbox 774 2849 880 2915; x_wconf 87' lang='grc' dir='ltr'><strong><em>πάντα</em></strong></span> <span class='ocrx_word' id='word_1_208' title='bbox 904 2845 940 2915; x_wconf 77' lang='grc' dir='ltr'><strong><em>δὲ</em></strong></span> <span class='ocrx_word' id='word_1_209' title='bbox 963 2846 1052 2914; x_wconf 86' lang='grc' dir='ltr'><strong><em>ταῦτ’</em></strong></span> <span class='ocrx_word' id='word_1_210' title='bbox 1078 2845 1170 2934; x_wconf 84' lang='grc' dir='ltr'><strong><em>οἶμαι</em></strong></span> 
     </span>
     <span class='ocr_line' id='line_1_27' title="bbox 164 2951 1171 3043; baseline 0 -22"><span class='ocrx_word' id='word_1_211' title='bbox 164 2953 279 3041; x_wconf 84' lang='grc' dir='ltr'><strong><em>φοβέρ’</em></strong></span> <span class='ocrx_word' id='word_1_212' title='bbox 301 2954 371 3021; x_wconf 77' lang='grc' dir='ltr'><strong><em>ἐστι</em></strong></span> <span class='ocrx_word' id='word_1_213' title='bbox 391 2965 458 3020; x_wconf 82' lang='grc' dir='ltr'><strong><em>τῶν</em></strong></span> <span class='ocrx_word' id='word_1_214' title='bbox 476 2955 587 3020; x_wconf 78' lang='grc' dir='ltr'><strong><em>ἄλλων</em></strong></span> <span class='ocrx_word' id='word_1_215' title='bbox 605 2953 699 3039; x_wconf 80' lang='grc' dir='ltr'><strong><em>ὑμῶν</em></strong></span> <span class='ocrx_word' id='word_1_216' title='bbox 717 2953 841 3043; x_wconf 78' lang='grc' dir='ltr'><strong><em>ἑκάστῳ</em></strong></span> <span class='ocrx_word' id='word_1_217' title='bbox 860 2951 937 3021; x_wconf 92' lang='grc' dir='ltr'><strong><em>καθ’</em></strong></span> <span class='ocrx_word' id='word_1_218' title='bbox 961 2954 1063 3020; x_wconf 85' lang='grc' dir='ltr'><strong><em>αὑτὸν</em></strong></span> <span class='ocrx_word' id='word_1_219' title='bbox 1082 2956 1171 3034; x_wconf 82' lang='grc' dir='ltr'><strong><em>ὅπως</em></strong></span> 
     </span>
     <span class='ocr_line' id='line_1_28' title="bbox 164 3054 1171 3145; baseline -0.001 -18"><span class='ocrx_word' id='word_1_220' title='bbox 164 3063 302 3128; x_wconf 89' lang='grc' dir='ltr'><strong><em>δύναται</em></strong></span> <span class='ocrx_word' id='word_1_221' title='bbox 322 3063 426 3139; x_wconf 76' lang='grc' dir='ltr'><strong><em>ζῶντι.</em></strong></span> <span class='ocrx_word' id='word_1_222' title='bbox 458 3055 560 3142; x_wconf 85' lang='grc' dir='ltr'><strong><em>οὗπερ</em></strong></span> <span class='ocrx_word' id='word_1_223' title='bbox 580 3060 689 3126; x_wconf 82' lang='grc' dir='ltr'><strong><em>εἵνεκα</em></strong></span> <span class='ocrx_word' id='word_1_224' title='bbox 708 3056 903 3143; x_wconf 82' lang='grc' dir='ltr'><strong><em>συλλέγεσθ’</em></strong></span> <span class='ocrx_word' id='word_1_225' title='bbox 923 3059 1026 3145; x_wconf 81' lang='grc' dir='ltr'><strong><em>ὑμεῖς,</em></strong></span> <span class='ocrx_word' id='word_1_226' title='bbox 1045 3054 1103 3144; x_wconf 79' lang='grc' dir='ltr'><strong><em>ἵν’,</em></strong></span> <span class='ocrx_word' id='word_1_227' title='bbox 1123 3055 1171 3126; x_wconf 80' lang='grc' dir='ltr'><strong><em>ὧν</em></strong></span> 
     </span>
     <span class='ocr_line' id='line_1_29' title="bbox 162 3163 1171 3250; baseline -0.001 -17"><span class='ocrx_word' id='word_1_228' title='bbox 162 3163 241 3234; x_wconf 88' lang='grc' dir='ltr'><strong><em>καθ’</em></strong></span> <span class='ocrx_word' id='word_1_229' title='bbox 262 3163 310 3232; x_wconf 79' lang='grc' dir='ltr'><strong><em>ἕν’</em></strong></span> <span class='ocrx_word' id='word_1_230' title='bbox 334 3163 423 3231; x_wconf 78' lang='grc' dir='ltr'><strong><em>ἐστὶν</em></strong></span> <span class='ocrx_word' id='word_1_231' title='bbox 446 3164 581 3242; x_wconf 79' lang='grc' dir='ltr'><strong><em>ἕκαστος</em></strong></span> <span class='ocrx_word' id='word_1_232' title='bbox 602 3166 698 3250; x_wconf 81' lang='grc' dir='ltr'><strong><em>ὑμῶν</em></strong></span> <span class='ocrx_word' id='word_1_233' title='bbox 719 3164 864 3231; x_wconf 76' lang='grc' dir='ltr'><strong><em>ἐλάττων</em></strong></span> <span class='ocrx_word' id='word_1_234' title='bbox 885 3163 906 3250; x_wconf 85' lang='grc' dir='ltr'><strong><em>ή</em></strong></span> <span class='ocrx_word' id='word_1_235' title='bbox 929 3169 1040 3250; x_wconf 88' lang='grc' dir='ltr'><strong><em>φίλοις</em></strong></span> <span class='ocrx_word' id='word_1_236' title='bbox 1061 3163 1082 3250; x_wconf 86' lang='grc' dir='ltr'><strong><em>ή</em></strong></span> <span class='ocrx_word' id='word_1_237' title='bbox 1100 3177 1171 3244; x_wconf 73' lang='grc' dir='ltr'><strong><em>τοῖς</em></strong></span> 
     </span>
     <span class='ocr_line' id='line_1_30' title="bbox 164 3267 1171 3357; baseline 0 -17"><span class='ocrx_word' id='word_1_238' title='bbox 164 3267 262 3340; x_wconf 88' lang='grc' dir='ltr'><strong><em>ούσιν</em></strong></span> <span class='ocrx_word' id='word_1_239' title='bbox 284 3271 305 3357; x_wconf 88' lang='grc' dir='ltr'><strong><em>ή</em></strong></span> <span class='ocrx_word' id='word_1_240' title='bbox 328 3283 395 3338; x_wconf 80' lang='grc' dir='ltr'><strong><em>τῶν</em></strong></span> <span class='ocrx_word' id='word_1_241' title='bbox 418 3273 527 3337; x_wconf 77' lang='grc' dir='ltr'><strong><em>ἄλλων</em></strong></span> <span class='ocrx_word' id='word_1_242' title='bbox 549 3275 626 3355; x_wconf 92' lang='grc' dir='ltr'><strong><em>τινί,</em></strong></span> <span class='ocrx_word' id='word_1_243' title='bbox 649 3271 777 3337; x_wconf 89' lang='grc' dir='ltr'><strong><em>τούτων</em></strong></span> <span class='ocrx_word' id='word_1_244' title='bbox 799 3270 1011 3353; x_wconf 84' lang='grc' dir='ltr'><strong><em>συλλεγέντες</em></strong></span> <span class='ocrx_word' id='word_1_245' title='bbox 1031 3270 1171 3340; x_wconf 84' lang='grc' dir='ltr'><strong><em>ἑκάστου</em></strong></span> 
     </span>
     <span class='ocr_line' id='line_1_31' title="bbox 164 3374 1011 3464; baseline -0.001 -21"><span class='ocrx_word' id='word_1_246' title='bbox 164 3382 332 3464; x_wconf 88' lang='grc' dir='ltr'><strong><em>κρείττους</em></strong></span> <span class='ocrx_word' id='word_1_247' title='bbox 353 3399 388 3443; x_wconf 90' lang='grc' dir='ltr'><strong><em>τε</em></strong></span> <span class='ocrx_word' id='word_1_248' title='bbox 410 3380 574 3461; x_wconf 88' lang='grc' dir='ltr'><strong><em>γίγνησθε</em></strong></span> <span class='ocrx_word' id='word_1_249' title='bbox 597 3374 652 3442; x_wconf 81' lang='grc' dir='ltr'><strong><em>καὶ</em></strong></span> <span class='ocrx_word' id='word_1_250' title='bbox 674 3377 798 3459; x_wconf 87' lang='grc' dir='ltr'><strong><em>παύητε</em></strong></span> <span class='ocrx_word' id='word_1_251' title='bbox 820 3379 881 3462; x_wconf 90' lang='grc' dir='ltr'><strong><em>τήν</em></strong></span> <span class='ocrx_word' id='word_1_252' title='bbox 903 3377 1011 3463; x_wconf 87' lang='grc' dir='ltr'><strong><em>ύβριν.</em></strong></span> 
     </span>
    </p>
   </div>
   <div class='ocr_carea' id='block_1_3' title="bbox 113 3487 1173 3576">
    <p class='ocr_par' dir='ltr' id='par_1_3' title="bbox 6 3467 1173 3576">
     <span class='ocr_line' id='line_1_32' title="bbox 113 3487 1173 3576; baseline 0.032 -28.608"><span class='ocrx_word' id='word_1_253' title='bbox 113 3511 149 3550; x_wconf 82' lang='grc' dir='ltr'><strong><em>ιιι</em></strong></span> <span class='ocrx_word' id='word_1_254' title='bbox 257 3493 346 3574; x_wconf 80' lang='grc' dir='ltr'><strong><em>Τάχα</em></strong></span> <span class='ocrx_word' id='word_1_255' title='bbox 379 3495 496 3557; x_wconf 88' lang='grc' dir='ltr'><strong><em>τοίνυν</em></strong></span> <span class='ocrx_word' id='word_1_256' title='bbox 526 3489 581 3556; x_wconf 81' lang='grc' dir='ltr'><strong><em>καί</em></strong></span> <span class='ocrx_word' id='word_1_257' title='bbox 611 3491 761 3567; x_wconf 77' lang='grc' dir='ltr'><strong><em>τοιοῦτός</em></strong></span> <span class='ocrx_word' id='word_1_258' title='bbox 792 3514 841 3568; x_wconf 66' lang='lat' dir='ltr'><strong><em>ug</em></strong></span> <span class='ocrx_word' id='word_1_259' title='bbox 871 3487 941 3570; x_wconf 58' lang='grc' dir='ltr'><strong><em>λλξέί</em></strong></span> <span class='ocrx_word' id='word_1_260' title='bbox 972 3491 1055 3573; x_wconf 58' lang='grc' dir='ltr'><strong><em>πρὸς</em></strong></span> <span class='ocrx_word' id='word_1_261' title='bbox 1086 3489 1173 3576; x_wconf 63' lang='grc' dir='ltr'><strong><em>ὑμᾶὲ</em></strong></span> 
     </span>
    </p>
   </div>
   <div class='ocr_carea' id='block_1_4' title="bbox 0 0 1311 3918">
    <p class='ocr_par' dir='ltr' id='par_1_4' title="bbox 0 0 1311 3918">
     <span class='ocr_line' id='line_1_33' title="bbox 0 0 1311 3918; baseline 0 0"><span class='ocrx_word' id='word_1_262' title='bbox 0 0 1311 3918; x_wconf 95' lang='lat' dir='ltr'><strong><em> </em></strong></span> 
     </span>
    </p>
   </div>
  </div>
 </body>
</html>
