2616 3910
193 264 259 331 448
486 267 608 321 XXXVI.
632 264 912 318 ΔΗΜΟΣΘΕΝΟΤΣ

594 530 800 584 ΜΑΡΤΤΡΙΔῙ.

155 655 180 696 ⁰
282 633 366 705 Εἶτα
387 639 447 704 τὸν
469 638 622 704 σώσαντα
645 631 706 722 μέν
729 636 763 716 ἐξ
782 636 882 722 ἀρχῆς
899 637 940 702 τὰ
957 636 1131 722 πράγματα
1150 635 1208 703 καὶ

193 745 299 811 πολλὰ
326 747 488 829 χρήσιμον
511 743 614 809 αὑτὸν
636 747 847 829 παρασχόντα
870 751 915 832 τῷ
939 741 1038 825 πατρὶ
1059 751 1105 831 τῷ
1129 745 1208 808 τού·

193 872 265 932 του,
288 859 432 917 τοσαῦτα
455 843 485 915 δ’
507 849 610 916 αὑτὸν
631 857 752 915 τοῦτον
775 843 874 932 ἀγάθ’
897 848 1127 934 εἰργασμένον,
1150 848 1202 914 ὅσ’

193 955 287 1039 ὑμεῖς
315 955 489 1039 ἀκηκόατε,
516 963 637 1021 τοῦτον
665 960 768 1022 οίεται
796 956 868 1019 δεῖν
895 952 979 1020 ἑλὼν
1005 955 1207 1039 τηλικαύτην

196 1061 293 1144 δίκην
320 1059 443 1138 ἀδίκως
469 1060 628 1144 ἐκβαλεῖν.
674 1061 715 1126 οὑ
741 1061 805 1145 γδιρ
832 1061 913 1127 ἄλλο
936 1056 967 1143 γ’
994 1062 1080 1145 ἔχοις
1103 1057 1206 1126 ούδέν

196 1165 238 1231 δν
261 1175 405 1250 ποιησαι.
442 1167 489 1244 είς
510 1163 571 1252 μὲν
598 1167 662 1250 γὰρ
684 1167 724 1231 τὰ
747 1163 816 1232 ὅντ’
843 1168 874 1232 εί
894 1164 1028 1249 βλέποις
1051 1166 1205 1249 ἀκριβῶς,

195 1267 292 1336 ταῦθ’
320 1271 471 1357 εὑρήσεις
493 1265 540 1337 ὧν
564 1273 665 1355 ἐστιν,
688 1271 758 1355 ἐὰν,
781 1271 799 1338 ὃ
822 1273 866 1356 μὴ
889 1266 1025 1355 γένοιτ’,
1049 1271 1206 1356 ἐξαπατη-

156 1381 305 1442 ωδῶσιν
333 1371 434 1444 οὑτοι.
481 1377 560 1464 δρᾷς
583 1379 641 1443 τὸν
662 1371 891 1463 Ἀριστόλοχον
913 1379 972 1443 τὸν
997 1379 1206 1463 Χαριδήμου·

196 1479 267 1549 ποτ’
299 1478 386 1568 εἶχεν
414 1483 533 1567 ἀγρόν,
563 1478 633 1549 εἶτοί
660 1506 698 1566 γε
723 1491 789 1548 νῦν
815 1485 948 1549 πολλοί·
979 1489 1114 1561 πολλοῖς
1141 1485 1206 1570 γὰρ

196 1587 322 1666 ἐκεῖνος
343 1588 489 1673 ὀφείλων
511 1588 613 1654 αὑτὸν
637 1588 801 1672 ἐκτήσατο.
844 1586 900 1654 καί
921 1590 981 1654 τὸν
1003 1593 1206 1675 Σωσίνομον

196 1693 251 1760 καὶ
282 1695 341 1762 τὸν
372 1695 562 1779 Τιμόδημον
592 1692 647 1759 καὶ
674 1697 752 1771 τοὺς
779 1695 900 1773 ἄλλους
925 1699 1130 1779 τραπεζίτας,
1162 1700 1206 1780 οἳ,

196 1799 308 1884 ἐπειδὴ
332 1801 482 1866 διαλύειν
505 1797 639 1885 ἐδέησεν
660 1792 710 1876 οἷς
728 1801 886 1884 ὤφειλον,
908 1798 1084 1885 ἐξέστησαν
1102 1801 1206 1868 ἀποίν-

195 1929 264 1972 των
277 1919 344 1974 τῶν
363 1909 478 1974 ὄντων.
515 1913 557 1974 σὺ
577 1906 607 1974 δ’
630 1907 730 1974 οὐδὲν
744 1915 811 2000 οῖει
826 1911 896 1975 δεῖν
911 1920 1047 1976 σκοπεῖν
1062 1909 1135 1976 οὐδ’
1148 1903 1197 1974 ὧν
1207 1920 1257 1968 960

197 2012 215 2079 ὁ
243 2013 350 2096 πατὴρ
377 2020 439 2077 σοῦ
461 2016 573 2100 πολλῷ
598 2014 736 2094 βελτίων
760 2011 807 2076 ὢν
829 2009 884 2076 καὶ
907 2013 1045 2095 ἀμεινον
1067 2025 1206 2097 φρονῶν

157 2137 183 2180 τι
196 2120 279 2200 πρὸς
306 2114 420 2182 ἅπαντ’
448 2116 682 2200 ἐβουλεύσατο·
715 2116 765 2200 ὃς,
799 2113 824 2182 ὑ
854 2121 919 2182 Ζεῦ
947 2115 1002 2184 καί
1029 2115 1120 2201 θεοὶ,
1151 2143 1206 2184 το-

197 2225 307 2313 σούτφ
328 2232 448 2289 τοῦτον
470 2223 581 2307 ἡγεῖτο
605 2233 668 2290 σοῦ
689 2226 842 2299 πλείονος
862 2223 955 2304 ἀξιον
974 2219 1060 2289 εἶναι
1078 2222 1134 2290 καὶ
1152 2224 1207 2291 σοὶ

197 2329 251 2396 καὶ
275 2328 379 2418 ἐαυτβ
403 2326 457 2394 καὶ
481 2340 551 2407 τοῖς
572 2327 743 2413 ὑμετέροις
759 2330 961 2414 πράγμασιν,
985 2328 1060 2396 ὥστ’
1084 2330 1207 2416 ἀνδρὸς

197 2437 293 2512 ὄντος
316 2443 379 2500 σοῦ
400 2445 535 2517 τοῦτον,
561 2435 602 2500 οὑ
625 2430 662 2500 σέ
684 2447 752 2500 τῶν
773 2434 920 2519 ἡμίσεων
943 2434 1116 2502 κατέλιπεν
1138 2436 1223 2501 ἐπί·

195 2563 321 2627 τροπον
347 2539 403 2606 καί
429 2541 491 2624 την
518 2537 649 2624 γυναῖκ’
677 2541 777 2606 ἔδωκε
805 2539 859 2606 καί
888 2544 951 2620 ζῶν
976 2541 1079 2607 αὐτὸν
1102 2540 1207 2626 ἐτίμα,

197 2650 332 2724 δικαίως
354 2642 380 2712 ὦ
404 2647 524 2731 ἄνδρες
543 2644 728 2730 Ἀθηναῖοι·
752 2648 788 2712 οί
808 2644 954 2733 μὲνγὰρ
977 2650 1072 2714 ἄλλοι
1089 2661 1208 2732 τραπε-

198 2758 279 2834 ζῖται
302 2755 469 2836 μίσθωσιν
488 2752 529 2818 ού
548 2753 716 2836 φέροντες,
741 2752 811 2818 ἀλλ’
835 2752 959 2836 [αὐτοὶ]
980 2754 1093 2831 αὑτοῖς
1110 2754 1208 2837 ἐργα-

198 2862 342 2944 ζόμενοι,
368 2859 488 2936 πάντες
510 2857 698 2941 ἀπώλοντο,
720 2853 819 2936 οὗτος
842 2857 879 2924 δέ
902 2864 1070 2944 μίσθωσιν
1093 2859 1208 2947 φέρων

198 2966 260 3032 δύο
287 2965 431 3031 τάλαντα
457 2962 513 3030 καὶ
540 2965 777 3049 τετταράκοντα
804 2974 887 3048 μνᾶς
913 2965 993 3049 ὑμῖν
1020 2968 1123 3032 ἔσωσε
1145 2967 1209 3050 τὴν

160 3073 366 3157 εετρύπεζαν.
412 3066 459 3137 ὧν
483 3071 607 3148 ἐκεῖνος
629 3067 691 3154 μὲν
713 3071 810 3156 χάριν
834 3065 937 3155 εἶχεν,
961 3073 1004 3136 σὺ
1027 3069 1058 3137 δ’
1085 3071 1209 3138 οὐδένα

197 3189 287 3244 ποιεῖ
315 3180 432 3261 λόγον,
465 3171 538 3257 ἀλλ’ι
568 3176 701 3242 ἐναντία
729 3185 769 3262 τῇ
797 3176 942 3263 διαθήκη
969 3175 1025 3242 καὶ
1051 3189 1124 3256 ταῖς
1149 3173 1204 3244 ἀπ’

198 3285 324 3370 ἐκείνης
347 3284 457 3369 ἀραῖς,
481 3286 677 3367 γραφείσαις
700 3283 765 3348 ὑπὸ
788 3290 848 3347 τοῦ
872 3291 934 3348 σοῦ
956 3285 1090 3368 πατρός,
1113 3283 1209 3350 ἐλαύ-

197 3415 267 3467 νεις
294 3391 423 3467 διώκεις
451 3400 679 3473 συκοφαντεῖς.
725 3383 751 3453 ὦ
779 3385 935 3473 βέλτιστ’,
963 3390 994 3455 εί
1017 3381 1147 3456 οἷόντε
1170 3387 1210 3458 σε

197 3492 287 3560 τοῦτ’
313 3496 433 3578 εἰπεῖν,
466 3495 507 3560 οὐ
534 3496 668 3578 παύσει,
695 3493 751 3561 καὶ
778 3497 900 3578 γνώσει
926 3493 1025 3562 τοῦθ’
1051 3496 1102 3562 ὅτι
1128 3503 1210 3563 πολ-

200 3605 268 3663 λῶν
296 3601 471 3684 χρημάτων
498 3603 535 3667 τὸ
559 3603 702 3686 χρηστὸν
725 3597 810 3668 εἶναι
834 3601 1100 3687 λυσιτελέστερόν
1123 3601 1209 3683 ἐστι;
