2612 3918
515 275 610 326 xm
627 269 791 329 ιεειιιου.
1115 266 1161 334 ’87

143 446 292 522 ὑπῆρχεν
319 441 405 500 οίκοι
432 459 497 520 μοι.
546 435 602 499 διὰ
629 436 665 499 τί
691 434 813 519 ἄνδρες
836 435 1002 520 δικασταί;
1034 434 1071 497 εί-
1085 433 1162 518 γάρ,

145 541 203 608 ἐάν
225 565 276 618 τις
297 542 387 628 παρὰ
408 542 534 617 πάντας
554 543 633 618 τοὺς
659 542 784 624 νόμους
801 537 977 625 ὑβρισθείς
992 538 1058 605 ὑπὸ
1076 542 1161 604 Mec-

146 649 222 714 δίου
245 651 386 732 βοηθεῖν
409 647 498 735 αὑτῷ
522 655 688 730 πειρᾶται,
711 655 814 710 ταῦτα
837 643 892 711 καί
914 642 1047 710 τοιαῦθ’
1074 641 1157 730 ἕτερ’

146 754 235 842 αὐτῷ
271 759 395 819 παθεῖν
429 751 584 838 ὑπάρξει,
621 763 824 837 προσκυνείν
856 755 935 828 τοὺς
966 753 1161 836 ὑβρίζοντας

147 861 257 944 ὥσπερ
290 859 327 926 ἐν
352 870 423 936 τοῖς
449 859 647 944 βαρβάροις,
680 857 744 924 οὐκ
769 857 957 941 ἀμύνεσθαι
983 859 1160 943 κράτιστον

99 985 134 1025 10‘1
147 969 248 1032 ἔσται.
284 965 367 1031 ἀλλά
390 965 456 1050 μην
478 965 524 1041 ὡς
548 964 658 1047 ἀληθῆ
681 961 767 1046 λέγω
790 961 845 1028 καί
867 963 1159 1048 προσεξείργασται

147 1082 250 1140 ταῦτα
275 1081 322 1160 τῷ
348 1073 499 1159 βδελυρῷ
527 1071 636 1159 τοάτμ
660 1066 715 1136 καί
738 1067 883 1152 ἀναιδεῖ,
911 1071 1003 1136 κάλει
1025 1090 1083 1154 μοι
1104 1067 1159 1134 καί

147 1180 276 1245 τούτων
297 1180 376 1254 τοὺς
398 1177 575 1264 μάρτυρας.

550 1406 750 1461 mmm-12.

283 1517 456 1596 [Διονύσιος
467 1510 650 1597 Ἀφιδναῖος,
662 1513 828 1595 Ἀντίφιλος
844 1514 1009 1589 Παιανιεὺς
1026 1517 1158 1596 διαφθα-

192 1615 292 1697 ρέντος
315 1614 493 1695 Νικοδήμου
519 1624 572 1676 τοῦ
600 1615 712 1676 οἰκείου
733 1611 820 1694 ἡμῶν
842 1614 930 1698 βιαίῳ
953 1613 1075 1699 θανάτῳ
1098 1613 1158 1674 ὑπὸ

190 1708 377 1794 Ἀριστάρχου
405 1721 459 1773 τοῦ
483 1710 610 1790 Μόσχον
637 1710 779 1795 ἐπεξῇμεν
806 1719 859 1771 τοῦ
887 1709 985 1789 φόνου
1010 1709 1062 1771 τδν
1082 1704 1158 1792 Ἀρί-

192 1827 325 1891 σταρχον.
346 1807 543 1888 ἀἰσθόμενος
561 1804 594 1868 δὲ
612 1817 703 1868 ταῦτα
722 1807 853 1890 Μειδίας
873 1804 888 1868 δ
907 1815 965 1868 νὺν
984 1806 1158 1888 κρινάμενος

192 1904 251 1966 ὑπὸ
274 1901 501 1984 Δημοσθένους,
527 1892 549 1989 ᾧ
573 1913 788 1985 μαρτυροῦμεν,
811 1901 931 1965 έπειθεν
954 1900 1032 1983 ὑμᾶς
1055 1904 1158 1978 διδοὺς

192 2001 330 2083 κέρματα,
351 1999 405 2062 τδν
421 1997 475 2080 μὲν
491 1995 677 2082 Ἀρίσταρχον
697 1999 802 2086 ἀθῷον
821 1998 951 2078 ἀφεῖναι,
970 2000 1159 2079 Δημοσθένει

193 2097 225 2160 δέ
247 2097 302 2176 τὴν
323 2095 444 2178 γραφὴν
466 2106 519 2158 τοῦ
542 2097 639 2175 φόνον
664 2096 939 2179 παραγράψασθαι]

237 2230 328 2318 Λαβέ
351 2234 394 2318 δη
416 2234 551 2318 μοικαὶ
574 2236 633 2301 τὸν
655 2233 730 2317 περὶ
753 2245 820 2300 τῶν
844 2236 962 2319 δώρων
985 2238 1099 2320 νόμον.
1158 2239 1211 2290 ⁶⁶0

97 2361 135 2400 ιοε
234 2338 290 2405 Ἐν
317 2339 385 2427 ὅσῳ
413 2336 450 2406 δὲ
477 2339 537 2405 τὸν
564 2343 669 2425 νόμον
692 2335 719 2404 ὦ
743 2342 864 2424 ἀνδρες
883 2338 1056 2424 Ἀθηναῖοι
1079 2347 1159 2428 λαμ-

147 2449 254 2533 βάνει,
274 2446 438 2530 βούλομαι
455 2447 556 2531 μικρά
574 2447 657 2532 πρὸς
674 2446 761 2531 ὑμᾶς
778 2448 894 2529 εἰπεῖν,
914 2446 1047 2531 δεηθεὶς
1065 2448 1159 2533 ὑμῶν

148 2554 304 2620 ἁπάντων
325 2555 409 2636 πρὸς
426 2554 511 2629 Διὸς
527 2549 583 2617 καί
602 2559 693 2620 θεῶν
713 2547 739 2617 ὦ
758 2553 878 2635 ἀνδρες
897 2553 1059 2618 δικασταί·
1083 2552 1159 2638 περὶ

147 2661 283 2726 πάντων
309 2653 357 2724 ὧν
382 2655 424 2722 άν
447 2657 602 2743 ἀκούητε,
630 2653 729 2724 τοῦθ’
755 2656 939 2734 ὑποθέντες
961 2658 1096 2724 ἀκούετε
1118 2669 1158 2744 τη

148 2767 279 2851 γνώμη,
304 2766 339 2829 τί
359 2762 416 2846 άν,
439 2770 473 2829 εί
491 2787 541 2840 τις
563 2767 683 2849 ἔπασχε
705 2758 804 2829 ταῦθ’
830 2764 939 2848 ὑμῶν,
963 2764 1080 2848 ἐποίει,
1103 2764 1158 2831 καί

148 2868 212 2938 τίν’
239 2865 281 2936 ἀν
307 2865 396 2954 εἶχεν
423 2869 529 2954 ὀργὴν
555 2866 639 2954 ὑπὲρ
667 2870 771 2935 αὑτοῦ
799 2871 882 2951 πρὸς
908 2871 968 2935 τὸν
989 2881 1159 2946 ποιοῦντα,

149 2978 213 3061 ἐγὼ
241 2978 304 3060 γὰρ
330 2976 495 3060 ἐνηνοχὼς
516 2979 665 3060 χαλεπῶς
687 2973 740 3059 ἐφ’
767 2967 819 3052 οἷς
840 2974 916 3062 περὶ
937 2977 999 3060 τὴν
1021 2981 1159 3064 λητονρ-

149 3087 227 3169 γίαν
244 3084 425 3167 ὑβρίσθην,
444 3084 491 3146 ἔτι
508 3085 620 3169 πολλῷ
639 3083 868 3166 χαλεπώτερον
887 3078 1047 3163 διάνδρες
1062 3078 1160 3168 Ἀθη-

149 3201 239 3255 ναίοι
256 3189 388 3263 τούτοις
404 3198 474 3264 τοῖς
492 3189 572 3271 μετὰ
590 3182 681 3252 ταῦτ’
703 3187 844 3273 ἐνήνοχα
862 3186 916 3253 καί
935 3194 1062 3272 μᾶλλον
1080 3190 1160 3273 ἠγα-

99 3313 137 3354 1⁰⁹
150 3297 303 3379 νάκτηκα.
339 3296 375 3359 τί
394 3294 457 3377 γάρ
479 3293 523 3370 ὡς
541 3292 676 3377 άληθῶς
693 3293 795 3378 πέρας
813 3293 855 3359 ἀν
874 3293 992 3378 φήσειέ
1007 3318 1057 3372 τις
1075 3292 1160 3364 εἶναι

149 3404 278 3484 κακίας,
310 3398 365 3466 καί
397 3394 460 3464 τίν’
489 3400 679 3485 ὑπερβολὴν
711 3399 880 3476 ἀναιδείας
911 3399 965 3466 καὶ
994 3402 1160 3486 ὠμότητος

149 3506 205 3574 καί
231 3507 373 3590 ὕβρεως,
402 3506 580 3590 άνθροιπος
608 3508 638 3571 εί
664 3508 802 3589 ποιήσοις
829 3506 922 3571 δεινά
938 3506 990 3593 νὴ
1015 3511 1083 3573 Δία
1105 3507 1160 3575 καί

150 3608 245 3677 πόλλ’
270 3612 392 3688 ἀδίκως
418 3613 507 3694 τινά,
537 3610 611 3678 ἀντὶ
637 3620 698 3676 τοῦ
720 3605 811 3677 ταῦτ’
838 3611 1083 3696 ἀναλαμβάνειν
1105 3614 1160 3681 καί
