2938 4180
248 153 316 218 210
549 154 650 208 xxm.
673 153 953 208 ΔΗιιοεοειιοΤε

247 315 333 399 ὑμᾶς
355 307 456 397 ἀγάθ’
477 313 603 396 ἧθελον
626 325 745 396 ποιεῖν,
768 321 833 380 νῦν
856 310 886 380 δ’
907 313 1013 392 οὕτως
1026 315 1156 398 άτιμον,
1175 314 1260 379 ὥστε

247 431 315 488 τῶν
352 421 577 504 τετυχηκότων
609 416 728 485 πολλοὶ
759 421 859 484 πλείω
892 420 976 484 κακά
1005 429 1074 485 τῶν
1106 431 1262 502 φανερῶς

193 543 233 584 τοι
249 526 379 612 ἐχθρῶν
403 522 464 591 εἰσ’
488 525 573 609 ὑμᾶς
595 523 814 610 εἰργασμένοι.
851 524 892 591 οὐ
914 527 1020 610 μόνον
1042 522 1074 591 δ’
1096 525 1178 610 αὕτη
1201 535 1264 609 τῆς

247 634 373 708 πόλεως
394 630 416 716 ἡ
440 631 561 715 δωρειὰ
583 630 888 717 προπεπηλάκισται
905 629 960 696 καί
979 631 1090 715 φαύλη
1108 629 1261 715 γέγονεν,

247 737 331 803 ἀλλά
362 734 418 803 καί
449 746 553 803 πᾶσαι
584 738 640 804 διδι
671 737 733 820 την
763 748 831 802 τῶν
861 737 1056 822 καταράτων
1082 735 1138 803 καί
1164 743 1263 814 θεοῖς

247 842 380 928 ἐχθρῶν
403 842 564 928 ρητόρων,
587 854 654 908 τῶν
677 843 717 908 τά
738 852 875 908 τοιαῦτα
891 844 1092 927 γραφόντων
1111 841 1262 926 ἑτοίμως,

246 951 422 1035 πονηρίαν,
440 951 476 1014 οἳ
486 950 652 1031 τοσαύτην
665 948 855 1032 ὑπερβολὴν
869 951 1065 1032 πεποίηνται
1077 957 1135 1032 τῆς
1148 948 1262 1014 αὑτῶν

247 1055 530 1140 αἰσχροκερδείας,
561 1053 645 1120 ὥστε
676 1056 734 1131 τάς
761 1055 860 1139 τιμάς
888 1052 945 1121 καί
971 1055 1030 1131 τὰς
1055 1052 1133 1138 παρ’
1163 1054 1262 1138 ὑμῶν

247 1161 402 1244 δωρειάς,
430 1160 539 1243 ὥσπερ
568 1160 604 1225 οἰ
627 1160 667 1225 τά
694 1161 795 1245 μικρά
820 1158 875 1226 καὶ
902 1161 1023 1246 κομιδῇ
1050 1157 1149 1245 φαῦλ’
1178 1159 1261 1226 ἀπο-

245 1267 473 1351 κηρύττοντες,
494 1264 581 1331 οότω
599 1270 769 1333 πωλοῦσιν
788 1264 1040 1344 ἐπευωνίζοντες
1053 1263 1109 1332 καί
1122 1270 1262 1343 πολλοῖς

246 1371 311 1438 ἀπὸ
331 1382 398 1436 τῶν
417 1369 527 1436 αὐτῶν
546 1371 724 1454 λημμάτων
742 1371 928 1454 γράφοντες
945 1381 1013 1436 πᾶν
1031 1372 1050 1437 ό
1067 1395 1100 1437 τι
1118 1368 1160 1436 ἀν
1179 1371 1261 1455 βού-

193 1494 232 1534 ιιι
247 1482 378 1543 λωνιαι.
414 1487 547 1562 πρῶτον
567 1472 628 1560 μλν
646 1479 773 1559 τοίνυν,
796 1476 851 1542 ἵνα
870 1488 937 1564 τῶν
955 1479 1152 1543 τελευταίων
1170 1477 1260 1560 πρώ-

246 1605 314 1648 των
332 1589 547 1666 μνησθῶμεν,
562 1575 820 1667 Ἀριοβαρζάνην
838 1581 966 1647 έκελνον
980 1581 1022 1648 οὐ
1036 1584 1141 1665 μόνον
1155 1581 1260 1648 αὐτὸν

245 1685 301 1754 καί
319 1690 397 1764 τοὺς
414 1689 499 1764 υἰελς
516 1696 604 1771 τρεῖς
622 1689 721 1764 ὄντας
739 1688 873 1753 πάντων
890 1685 1036 1770 ἠξίωσαν
1056 1687 1144 1752 ὅσων
1163 1687 1260 1771 ἐβου-

246 1797 411 1877 λήθησαν,
435 1792 519 1860 ἀλλά
536 1790 591 1856 καί
610 1789 663 1858 δύ’
687 1789 901 1876 Ἀβυδηνοὺς,
924 1793 1249 1877 μισαθηναιοτάτους
1260 1805 1314 1856 688

246 1903 300 1966 καὶ
322 1899 569 1983 πονηροτάτους
590 1897 803 1982 ἀνθρώπους,
827 1895 1055 1981 [προσέθηκαν
1073 1898 1176 1986 αὐτῷ]
1191 1902 1258 1964 ιΦι-

247 2010 363 2071 λίσκον
381 2002 435 2069 καί
450 1999 599 2086 Ἀγαυόν.
632 2005 733 2068 πάλιν
752 2002 920 2088 Τιμοθέου
940 2001 1096 2081 δόξαντός
1113 2027 1146 2068 τι
1164 2013 1259 2087 ποιῆ-

246 2129 302 2177 σαι
329 2123 396 2176 τῶν
426 2111 571 2174 δεόντων
595 2108 691 2193 ὑμίν,
718 2110 801 2194 πρὸς
822 2117 868 2197 τῷ
892 2105 994 2174 πάνθ’
1021 2108 1042 2174 ἀ
1065 2103 1189 2193 μέγιστ’
1216 2106 1259 2193 ἦν

208 2277 210 2288 ,
247 2213 289 2283 αὖ
313 2218 419 2304 τούτῳ
443 2216 573 2297 δοῦναι,
596 2213 811 2300 προσέθηκαν
834 2214 922 2302 αὐτῷ
950 2217 1180 2298 Φρασιηρίδην
1202 2213 1266 2286 καὶ,

248 2319 488 2404 Πολυσθένην,
516 2319 718 2403 ἀνθρώπους
745 2315 819 2385 οὐδ’
846 2318 1059 2404 ἐλευθέρους,
1088 2317 1163 2392 ἀλλ’,
1187 2319 1259 2387 όλέ·

246 2434 354 2512 θρους
378 2425 434 2499 καί
457 2435 593 2492 τοιαῦτα
615 2427 847 2509 πεποιηκότας,
876 2419 931 2491 οἷα
954 2424 1062 2508 λέγειν
1085 2426 1265 2509 ὀκνήσειεν,

192 2553 232 2594 ιω
246 2536 289 2600 ἀν
310 2557 360 2609 τις
383 2527 421 2598 εὖ
440 2543 586 2617 φρονῶν.
623 2533 867 2597 τὸτελευταῖον
887 2528 924 2596 δὲ
942 2542 1015 2613 νῦν,
1040 2532 1152 2616 ἐπειδὴ
1172 2536 1259 2615 Κερ-

247 2639 432 2723 σοβλέπτην
459 2638 575 2722 ἠξίουν
599 2631 646 2704 ὧν
670 2637 782 2714 αὐτοῖς
805 2638 926 2720 ἐδόκει,
954 2635 1008 2712 καὶ
1032 2637 1107 2725 περὶ
1129 2640 1257 2705 τούτων

245 2740 289 2828 ἦν
316 2745 336 2828 η
365 2745 510 2828 σπουδή,
542 2742 780 2828 προστιθέασιν
809 2739 861 2808 δύ’
893 2743 996 2831 αὐτῷ,
1026 2745 1085 2810 τὸν
1112 2741 1174 2830 μὲν
1201 2743 1252 2811 όσ’

147 2929 155 2946 .
245 2851 340 2936 ὑμεῖς
358 2847 511 2933 ἀκηκόατ’
534 2849 752 2934 εἰργασμένον
770 2851 863 2933 κακά,
884 2851 943 2916 τὸν
963 2843 993 2915 δ’
1015 2849 1100 2927 όλως
1118 2850 1158 2916 ὃν
1177 2849 1258 2917 οὐδὲ

246 2949 294 3035 εἷς
316 2952 408 3022 οἶδεν
432 2955 621 3041 ἀνθρώπων
643 2959 693 3031 τίς
716 2955 815 3036 ἐστιν,
839 2953 1014 3038 Εὐδέρκην
1037 2955 1151 3040 ὄνομα.
1190 2979 1258 3022 τοι-

246 3065 362 3147 γάρτοι
383 3063 439 3126 διά
456 3056 546 3126 ταῦτ’
569 3057 595 3125 ὦ
614 3062 733 3143 ἀνδρες
748 3058 921 3144 Ἀθηναῖοι
940 3061 1049 3145 μικρά,
1074 3059 1095 3124 ἀ
1113 3061 1177 3144 πρὸ
1195 3070 1256 3128 τοῦ

246 3164 359 3254 μεγάλ’
385 3162 444 3251 ἧν,
472 3171 639 3251 φαίνεται,
666 3165 721 3232 καλ
748 3168 786 3232 τὸ
813 3165 935 3251 πρᾶγμ’
962 3167 1025 3250 ἤδη
1049 3164 1104 3231 καὶ
1127 3189 1256 3250 πορρω-

245 3273 329 3357 τέρω
352 3274 477 3357 βαδίζει
499 3272 554 3338 καί
578 3271 689 3339 οὐκέτι
710 3270 801 3338 ταῦτ’
827 3273 965 3359 ἀπόχρη,
988 3269 1059 3337 ἀλλ’
1082 3274 1114 3337 εἰ
1134 3273 1179 3357 μὴ
1201 3270 1257 3337 καί

247 3377 409 3462 φυλάξεθ’
439 3377 578 3444 ἕκαστον
605 3383 748 3459 τούτων,
776 3378 912 3444 ἐκείνων
939 3372 970 3460 γ’
996 3377 1136 3460 οὐδεμία
1162 3378 1258 3462 χάρις

248 3484 292 3558 ὡς
316 3488 430 3548 ἔοικεν.
