2616 3910
456 214 554 265 ΠΡΟΣ
572 214 840 268 mmmm.
1090 208 1156 272 469

146 377 342 458 μαρτυρίας,
370 375 420 448 τίς
445 372 509 455 ἐγὼ
532 372 614 456 πρὸς
636 374 714 448 τοὺς
738 372 988 455 συμβάλλοντας
1010 367 1158 454 [ἀνθρω-

146 481 243 560 πθυς]
266 476 321 544 καὶ
343 480 425 563 πρὸς
447 480 525 555 τοῦς
549 477 727 562 δεομένους
750 480 824 562 εἰμι’.

505 755 507 759 .
547 689 750 742 κινοῦντα.

104 817 131 856 ιε
240 799 397 872 Τοιοῦτος
420 791 446 862 ὦ
466 793 665 861 Παυταίνετ’
688 795 763 878 ἐγώ,
787 794 906 879 δταχῦ
925 795 1079 877 βαδιῖων,
1102 791 1158 859 καὶ

145 911 296 978 τοιοῦτος
328 902 385 984 σύ,
418 901 436 967 ὁ
467 900 615 985 ἀτρέμας.
660 901 744 967 ἀλλά
771 903 837 986 μὴν
865 898 939 985 περὶ
966 899 1093 984 τούμοῦ
1119 923 1157 984 γε

146 1008 348 1092 βαδίσματος
372 1007 392 1090 ῆ
415 1015 473 1090 τῆς
496 1004 685 1089 διαλέκτου,
715 1005 843 1091 τάληθῆ
867 1001 962 1072 πάντ’
989 1005 1052 1089 ἐρῶ
1075 1005 1158 1091 πρὸς

145 1113 230 1198 ὑμᾶς
248 1109 274 1178 ὦ
293 1115 413 1197 ἀνδρες
431 1111 581 1179 δικασταὶ
599 1114 679 1198 μετὰ
696 1115 889 1199 παρρησίας.
921 1113 984 1196 ἐγὼ
1002 1113 1067 1196 γάρ
1082 1110 1157 1196 οὐχὶ

146 1216 260 1302 λέληθ’
292 1220 434 1303 ἐμαυτὸν
467 1216 538 1284 οὐδ’
571 1218 697 1302 ἀγνοῶ,
731 1218 773 1284 οὐ
799 1229 866 1284 τῶν
894 1212 931 1284 εὖ
959 1220 1158 1302 πεφυκότων

145 1327 227 1390 κατὰ
256 1321 345 1391 ταῦτ’
378 1325 426 1390 ὢν
453 1324 658 1408 ἀνθρώπων,
692 1321 772 1390 οὐδὲ
798 1335 865 1389 τῶν
895 1325 1159 1390 λυσιτελούντων

147 1429 283 1506 ἑαυτοῖς.
319 1432 350 1496 εί
370 1432 434 1516 γάρ
459 1430 495 1497 ἐν
519 1422 569 1507 οἷς
590 1427 694 1515 μηδὲν
713 1430 905 1514 ὠφελοῦμαι
923 1441 1041 1512 ποιῶν,
1064 1435 1157 1494 λυπῶ

103 1557 132 1598 τι
146 1537 249 1618 τινάς,
272 1547 342 1612 πῶς
364 1536 426 1601 οὐκ
448 1536 558 1621 ἀτυχῶ
580 1537 663 1601 κατὰ
684 1544 783 1600 τοῦτο
805 1536 854 1614 [τὸ
873 1533 1000 1619 μέρος];
1025 1533 1108 1601 ἀλλά
1126 1538 1162 1599 τί

145 1642 208 1726 χρὴ
235 1648 373 1720 παθεῖν;
404 1640 446 1707 άν
473 1649 518 1728 τῷ
547 1641 632 1706 δεῖνι
661 1641 820 1723 δανείσω,
849 1641 904 1706 διά
931 1648 1034 1705 ταῦτα
1061 1641 1158 1724 δίκην

146 1753 365 1831 προσοφλεῖν;
396 1748 562 1831 μηδαμῶς.
608 1749 726 1812 κακίαν
749 1747 813 1829 γάρ
837 1770 893 1830 μοι
916 1743 970 1809 καὶ
993 1749 1158 1830 πονηρίαν

146 1847 224 1918 οὔθ’
247 1847 344 1931 οὗτος
366 1861 560 1937 προσοῦσαν
582 1852 742 1937 οὐδεμίαν
762 1851 871 1935 δειῖει,
895 1846 973 1918 οὔθ’
993 1852 1088 1937 ὑμῶν
1105 1875 1157 1919 το-

146 1959 275 2024 σούτων
308 1958 415 2022 ὄντων
447 1953 527 2022 οὐδὲ
559 1948 606 2034 εἷς
638 1959 803 2023 σύνοιδεν.
852 1958 955 2023 τάλλα
988 1953 1024 2023 δὲ
1056 1955 1154 2025 ταῦθ’

146 2062 282 2139 ἕκαστος
300 2061 404 2148 ἡμῶν,
430 2063 517 2138 ὅπως
536 2064 661 2146 ἔτυχεν,
685 2062 832 2146 πέφυκεν
852 2057 951 2147 οἶμαι.
983 2062 1039 2130 καὶ
1057 2065 1157 2148 φύσει

147 2171 312 2253 μάχεσθαι
338 2164 399 2252 μὲν
427 2165 533 2252 ἔχοντ’
561 2169 622 2233 οὐκ
650 2168 795 2251 εὔπορόν
824 2167 912 2233 ἐστιν
941 2167 1082 2254 (οὐγὰρ
1107 2169 1211 2237 &voss

146 2275 299 2358 ἀλλήλων
323 2273 520 2358 διεφέρομεν
543 2272 673 2358 οὐδέν),
698 2285 824 2356 γνῶναι
848 2272 878 2339 δ’
908 2273 1018 2340 ἰδόνθ’
1044 2275 1158 2362 ἕτερον

104 2402 131 2442 ετ
146 2379 343 2463 κάπιπλῆξαι
362 2376 489 2464 ῥηίδιον.
523 2377 606 2443 ἀλλὰ
624 2381 659 2443 τί
673 2379 802 2443 τούτων
821 2378 893 2463 ἐμοὶ
911 2382 994 2464 πρὸς
1012 2378 1049 2447 σε
1067 2386 1158 2449 Παν-

147 2491 287 2563 ταίνετες
316 2485 421 2549 πολλά
450 2481 504 2548 καλ
533 2485 626 2549 δεινά
653 2483 838 2560 πέπονθας;
868 2485 993 2550 οὐκοῦν
1020 2493 1158 2573 εἴληφας

147 2594 252 2675 δίκην.
298 2590 339 2654 οὐ
362 2583 440 2670 παρ’
466 2587 547 2671 ἐμοῦ
570 2612 621 2671 γε;
651 2586 730 2654 οὐδὲ
753 2590 817 2672 γάρ
840 2590 1004 2675 ῆδικῆθης
1028 2593 1155 2675 [οὐδὲν]

146 2693 202 2761 ὑπ’
230 2695 319 2780 ἐμοῦ.
357 2694 484 2778 οὐγὰρ
507 2696 549 2759 ἄν
572 2689 645 2758 ποτ’
672 2694 810 2778 ἀφῆκας,
834 2690 920 2776 οὐδ’,
945 2692 994 2762 ὅτ’
1019 2699 1157 2788 Εὐέργῳ

146 2811 297 2888 προηροῦ
319 2801 505 2884 λαγχάνειν,
530 2807 642 2877 εῖασας
665 2800 732 2885 ἐμέ,
756 2798 835 2868 οὐδὲ
856 2799 994 2889 πρατῆρ’
1015 2804 1158 2887 ἠξίωσας

146 2908 330 2990 ὑποστῆναι
362 2908 421 2971 τόν
453 2929 491 2989 γε
524 2907 617 2971 δεινά
650 2924 686 2972 σε
718 2906 774 2972 καὶ
805 2907 898 2974 πόλλ’
930 2911 1156 2994 εἰργασμένον.

146 3010 216 3080 εἶτα
244 3011 298 3077 καὶ
325 3024 394 3090 πῶς
421 3011 463 3076 ἂν
490 3011 509 3077 δ
536 3014 580 3096 μῆ
604 3013 720 3096 παρὼν
743 3008 819 3097 μηδ’
847 3014 1016 3098 ἐπιδημῶν
1038 3016 1101 3100 ἐγὼ
1124 3020 1160 3083 τί

103 3139 132 3180 ιε
146 3114 178 3184 α’
204 3119 359 3202 ἠδίκησας
389 3119 420 3183 εί
445 3122 561 3183 τοίνυν
589 3119 634 3194 ὡς
661 3109 734 3183 οἷόν
761 3143 796 3184 τε
824 3118 948 3203 μέγιστ’
975 3121 1157 3206 ἠδικῆσθαι

147 3227 222 3308 δοίη
249 3248 298 3300 τις
325 3223 412 3311 αὐτῷ
441 3222 496 3289 καί
526 3223 613 3308 ἐρεῖν
641 3221 756 3288 ἅπαντ’
789 3225 898 3309 ἀληθῆ
926 3225 1001 3310 περὶ
1028 3231 1157 3296 τούτων

146 3334 235 3413 νυνί,
258 3330 364 3396 ἐκεῖνό
387 3327 418 3412 γ’
442 3325 534 3413 οἶμαι
555 3330 680 3406 πάντας
703 3328 745 3393 ἀν
766 3331 851 3414 ὑμᾶς
869 3331 1083 3417 ὁμολογῆσαι,
1106 3335 1156 3399 ὅτι

145 3438 251 3504 πολλὰ
274 3435 480 3520 συμβέβηκεν
503 3437 689 3518 ἠδικῆσθαί
707 3454 794 3501 τισιν
818 3438 881 3521 ἥδη
905 3442 1002 3520 μείζω
1023 3450 1089 3504 τῶν
1109 3443 1157 3516 είς

145 3546 294 3626 χρήματα
326 3540 533 3625 γιγνομένων
565 3541 789 3624 ἀδικημάτων·
821 3543 876 3609 καὶ
908 3545 972 3627 γάρ
1004 3545 1157 3611 ἀκούσιοι
