2616 3910
461 154 561 205 111202
579 153 826 206 αΑυΣιιιΑαοα.
1084 150 1148 215 47Ἱ

143 307 253 394 φόνου
279 309 335 377 καὶ
362 323 476 397 σαφῶς
504 311 665 390 ἐπιδείξας
693 314 736 396 μὴ
760 315 926 395 καθαρόν,
954 313 1034 396 μετά
1056 305 1147 376 ταῦτ’

143 419 312 503 αίδέσηται
334 417 388 484 καὶ
412 418 496 504 ἀφῇ,
523 416 628 484 οὐκέτ’
656 417 807 501 ἐκβαλεῖν
830 419 944 502 κύριος
966 419 1025 483 τὸν
1048 417 1150 482 αὐτόν

142 523 240 589 ἐστιν.
283 519 347 589 εὖθ’
374 520 457 606 ὑπὲρ
480 520 541 607 μὲν
564 533 670 608 ψυχῆς
692 523 747 589 καὶ
769 535 836 590 τῶν
859 526 1022 607 μεγίστων
1046 523 1151 600 οὕτως

143 631 248 713 ἰσχύει
269 626 324 694 καὶ
341 627 432 712 μένει
449 628 612 712 τάφεῖναι,
636 625 719 712 ὑπὲρ
739 627 775 694 δὲ
793 630 970 714 χρημάτων
987 627 1041 694 καὶ
1060 629 1150 694 ἐλατ-

141 738 251 800 τόνων
277 734 487 820 ἐγκλημάτων
514 736 639 817 άκυρον
666 737 772 813 ἐσταω
805 735 970 818 μηδαμῶς.
1017 735 1058 799 οὐ
1086 735 1149 818 γὰρ

142 843 175 906 εί
204 842 247 925 μὴ
279 853 346 906 τῶν
379 843 516 907 δικαίων
548 841 611 924 ἐγὼ
641 837 718 926 παρ’
749 840 829 926 ύμῖν
856 841 1024 924 τεύξομαι,
1056 838 1145 906 τοῦτ’

143 949 233 1012 ἐστιν
261 947 467 1030 δεινότατον,
496 940 567 1012 ἀλλ’
593 947 625 1012 εί
648 956 782 1031 πρᾶγμα
811 948 941 1012 δίκαιον
965 944 1151 1030 ὡρισμένον

143 1051 179 1118 ἐκ
200 1053 322 1130 παντὸς
344 1062 405 1118 τοῦ
426 1056 550 1137 χρόνον
573 1051 651 1117 νυνὶ
673 1053 878 1118 καταλύσετε.
1045 1135 1046 1140 ¹

99 1175 127 1214 ²⁸
233 1158 304 1224 Οὐκ
322 1158 514 1242 ἐμίσθωσαν
532 1157 625 1242 ἡμῶν
643 1159 702 1223 τὸν
721 1154 825 1238 οἶκον,
845 1163 923 1234 ίσως
938 1156 1081 1243 ἐροῦσιν.
1109 1159 1151 1224 ού

142 1269 205 1353 γὰρ
229 1263 380 1350 ἐβούλεθ’
406 1265 424 1333 ὁ
447 1273 541 1342 θεῖος
562 1265 657 1349 ὑμῶν
681 1264 895 1349 Ξενοπείθης,
918 1265 1001 1330 ἀλλά
1024 1266 1150 1348 φήναν-

141 1396 198 1450 τος
212 1374 356 1438 Νικίδου
368 1375 448 1448 τοὺς
462 1373 616 1448 δικαστάς
630 1373 759 1438 ἔπεισεν
774 1370 867 1436 ἐᾶσαι
881 1373 1021 1437 διοικεῖν
1035 1369 1150 1435 αὐτόν·

141 1478 196 1545 καὶ
219 1475 309 1545 ταῦτ’
336 1485 426 1544 ίσασι
449 1479 575 1554 πάντες.
613 1479 719 1542 πολλά
743 1480 931 1561 διήρπασαν
953 1476 1047 1561 ἡμῶν
1070 1475 1150 1541 ἐκεῖ·

140 1608 204 1650 νοι.
237 1583 361 1650 οὐκοῦν
379 1583 422 1668 ἣν
439 1582 614 1667 ἐπείσθητέ
626 1606 674 1666 γε,
693 1584 822 1648 τούτων
836 1585 933 1667 δίκην
946 1577 1023 1665 παρ’
1041 1581 1151 1646 αὐτῶν

140 1693 244 1775 ἔχετε,
271 1687 326 1755 καὶ
353 1688 394 1754 ού
422 1691 595 1772 δήπουθεν
621 1689 722 1753 πάλιν
750 1689 803 1753 δεῖ
828 1691 942 1771 λαβεῖν
964 1688 1049 1772 ὑμᾶς
1071 1681 1147 1771 παρ’

98 1809 127 1850 ²4
142 1797 231 1881 ἐμοῦ.
276 1795 332 1860 ἵνα
360 1792 397 1861 δὲ
424 1792 500 1878 μηδ’
533 1793 643 1877 οἴησθ’
676 1790 765 1859 εἷναί
789 1818 821 1859 τι
847 1803 965 1876 ταῦτα,
993 1797 1062 1858 ἐστι
1090 1788 1151 1876 μὲν

142 1900 204 1968 οὐκ
236 1906 310 1966 ῖσον
337 1895 420 1986 (πῶς
445 1897 539 1984 γάρς)
568 1900 650 1983 πρὸς
676 1901 754 1975 τοὺς
781 1898 967 1982 πράξαντας
995 1901 1151 1964 διαλυσα-

140 2007 262 2091 μένους
285 2015 351 2070 τῶν
374 2005 436 2070 οὐκ
458 2006 596 2070 εἰδότων
614 2015 820 2087 κατηγορεῖν,
844 2005 932 2087 ὅμως
951 2002 982 2069 δ’
1006 2001 1031 2070 ὦ
1051 2005 1150 2078 Ξενο-

140 2115 242 2195 πείθη
269 2108 325 2176 καὶ
352 2113 561 2194 Ναυσίμαχε,
592 2110 623 2175 εί
649 2106 761 2194 μεγάλ’
792 2109 873 2194 ὑμῖν
900 2109 954 2175 καὶ
981 2107 1147 2193 θαυμάστ’

140 2213 228 2284 εἶναι
245 2217 285 2281 τά
304 2217 414 2281 δίκαια
431 2213 529 2281 ταῦθ’
547 2215 805 2298 ὑπολαμβάνετε,
824 2214 1003 2291 ἀποδόντες
1020 2217 1061 2279 τὰ
1074 2217 1150 2298 τρία

139 2325 284 2390 τάλαντα
301 2323 479 2405 περαίνετε.
511 2316 559 2387 ὧν
578 2318 615 2385 δέ
633 2329 693 2385 τοῦ
711 2321 755 2404 μὴ
769 2330 992 2404 κατηγορῆσαι
1006 2329 1151 2386 τοσαῦτα

139 2426 277 2517 χρήματ’
307 2425 508 2510 ἐπράξασθε,
535 2425 614 2511 πρὶν
641 2424 683 2490 ἀν
710 2423 801 2491 ταῦτ’
829 2425 993 2509 ἀποδῶτε,
1022 2435 1152 2492 σιωπᾶν

140 2532 213 2602 ἐστὲ
233 2536 365 2615 δίκαιοι,
384 2530 501 2616 καὶμὴ
520 2528 789 2616 κατηγορεῖνκαὶ
807 2534 906 2615 ἔχειν·
928 2535 1067 2616 ἔσχατον
1085 2533 1150 2619 γάρ

140 2643 205 2725 ἤδη
227 2639 429 2724 πραγμάτων
451 2639 549 2703 τοῦτό
574 2660 620 2720 γε.

99 2765 127 2806 τι
233 2745 322 2830 Τύχα
343 2747 460 2809 τοίνυν
483 2740 538 2807 καὶ
559 2746 771 2828 τριηραρχίας
790 2742 915 2827 ἐροῦσι,
938 2741 994 2809 καὶ
1013 2745 1053 2810 τά
1072 2741 1147 2810 ὄνθ’

143 2851 187 2928 ὡς
210 2850 418 2934 ἀνηλώκασιν
441 2849 488 2924 είς
509 2847 601 2932 ὑμᾶς.
645 2847 707 2930 ἐγὼ
732 2845 762 2912 δ’
790 2848 840 2913 ὅτι
863 2845 924 2932 μὲν
947 2850 1139 2933 ψεύσονται,
1151 2861 1201 2909 992

142 2955 197 3022 καὶ
219 2954 311 3022 πόλλ’
338 2955 582 3029 ἀπολωλεκότες
604 2964 671 3018 τῶν
694 2955 802 3019 ὄντων
825 2955 948 3035 αὑτοῖς,
972 2958 1072 3039 μικρά
1095 2966 1152 3040 τῆς

9 3115 11 3144 ,
143 3065 268 3138 πόλεως
289 3063 532 3145 μετειληφυίας,
556 3058 597 3124 ού
621 3060 753 3125 δικαίαν
777 3056 854 3126 οὐδὲ
877 3061 1078 3146 γιγνομένην
1096 3063 1152 3146 χά-

144 3191 198 3251 ριν
221 3165 419 3245 ἀξιώσουσιν
442 3168 636 3248 κομίζεσθαι
658 3159 735 3249 παρ’
757 3165 861 3249 ὑμῶν,
885 3165 978 3231 ἐάσω.
1017 3167 1095 3246 ἀξιῶ
1115 3165 1152 3235 δέ

143 3269 197 3337 καὶ
220 3272 318 3348 αὐτὸς
341 3267 366 3337 ὦ
390 3274 510 3356 ἀνδρες
529 3273 691 3354 δικασταί,
716 3266 888 3348 εἶναιτοῖς
907 3277 1152 3357 λητουργούσιν

143 3378 222 3460 ύμῖν
245 3377 345 3442 ἀπασι
368 3377 464 3462 χάριν
487 3375 549 3442 τιν’
576 3376 792 3460 ὑπάρχουσαν
815 3373 892 3459 παρ’
918 3376 1021 3460 ὑμῶν.
1063 3380 1152 3442 τίσιν

143 3480 180 3547 δέ
203 3486 374 3566 μεγίστην,
406 3492 476 3557 τοῖς
499 3481 516 3546 ὃ
540 3480 602 3565 μὲν
625 3485 787 3566 χρήσιμον
809 3491 848 3564 τη
871 3484 965 3546 πόλει
987 3491 1048 3547 τοῦ
1070 3482 1150 3560 πρά-
