<?xml version="1.0" encoding="UTF-8"?>
<!DOCTYPE html PUBLIC "-//W3C//DTD XHTML 1.0 Transitional//EN"
    "http://www.w3.org/TR/xhtml1/DTD/xhtml1-transitional.dtd">
<html xmlns="http://www.w3.org/1999/xhtml" xml:lang="en" lang="en">
 <head>
  <title>
</title>
<meta http-equiv="Content-Type" content="text/html;charset=utf-8" />
  <meta name='ocr-system' content='tesseract 3.04.00' />
  <meta name='ocr-capabilities' content='ocr_page ocr_carea ocr_par ocr_line ocrx_word'/>
</head>
<body>
  <div class='ocr_page' id='page_1' title='image "./orationes00demogoog_0531.png"; bbox 0 0 2614 3904; ppageno 0'>
   <div class='ocr_carea' id='block_1_1' title="bbox 180 171 894 237">
    <p class='ocr_par' dir='ltr' id='par_1_1' title="bbox 180 171 894 237">
     <span class='ocr_line' id='line_1_1' title="bbox 180 171 894 237; baseline -0.013 0"><span class='ocrx_word' id='word_1_1' title='bbox 180 171 247 237; x_wconf 81' lang='lat'><strong><em>380</em></strong></span> <span class='ocrx_word' id='word_1_2' title='bbox 479 177 591 230; x_wconf 81' lang='lat' dir='ltr'><strong>xxxn.</strong></span> <span class='ocrx_word' id='word_1_3' title='bbox 614 176 894 229; x_wconf 72' lang='grc' dir='ltr'><strong><em>Δεοιοεοεαουε</em></strong></span> 
     </span>
    </p>
   </div>
   <div class='ocr_carea' id='block_1_2' title="bbox 58 329 1285 3598">
    <p class='ocr_par' dir='ltr' id='par_1_2' title="bbox 179 329 1206 634">
     <span class='ocr_line' id='line_1_2' title="bbox 181 329 1205 421; baseline 0.003 -23"><span class='ocrx_word' id='word_1_4' title='bbox 181 329 206 398; x_wconf 85' lang='grc' dir='ltr'><strong><em>ώ</em></strong></span> <span class='ocrx_word' id='word_1_5' title='bbox 235 336 355 419; x_wconf 88' lang='grc' dir='ltr'><strong><em>άνδρες</em></strong></span> <span class='ocrx_word' id='word_1_6' title='bbox 382 336 549 418; x_wconf 89' lang='grc' dir='ltr'><strong><em>δικασταί,</em></strong></span> <span class='ocrx_word' id='word_1_7' title='bbox 576 338 634 413; x_wconf 86' lang='grc' dir='ltr'><strong><em>τάς</em></strong></span> <span class='ocrx_word' id='word_1_8' title='bbox 662 337 756 413; x_wconf 98' lang='grc' dir='ltr'><strong><em>δίκας</em></strong></span> <span class='ocrx_word' id='word_1_9' title='bbox 783 331 869 402; x_wconf 87' lang='grc' dir='ltr'><strong><em>εἰναι</em></strong></span> <span class='ocrx_word' id='word_1_10' title='bbox 895 347 965 413; x_wconf 84' lang='grc' dir='ltr'><strong><em>τοίς</em></strong></span> <span class='ocrx_word' id='word_1_11' title='bbox 992 340 1205 421; x_wconf 79' lang='grc' dir='ltr'><strong><em>ναυκλήροις</em></strong></span> 
     </span>
     <span class='ocr_line' id='line_1_3' title="bbox 179 438 1205 527; baseline 0.003 -22"><span class='ocrx_word' id='word_1_12' title='bbox 179 438 233 505; x_wconf 86' lang='grc' dir='ltr'><strong><em>καί</em></strong></span> <span class='ocrx_word' id='word_1_13' title='bbox 262 453 332 518; x_wconf 83' lang='grc' dir='ltr'><strong><em>τοῖς</em></strong></span> <span class='ocrx_word' id='word_1_14' title='bbox 359 441 516 527; x_wconf 78' lang='grc' dir='ltr'><strong><em>ἐμπόροις</em></strong></span> <span class='ocrx_word' id='word_1_15' title='bbox 541 454 608 508; x_wconf 81' lang='grc' dir='ltr'><strong><em>τῶν</em></strong></span> <span class='ocrx_word' id='word_1_16' title='bbox 637 440 796 526; x_wconf 76' lang='grc' dir='ltr'><strong><em>Ἀθήναζε</em></strong></span> <span class='ocrx_word' id='word_1_17' title='bbox 823 441 878 508; x_wconf 84' lang='grc' dir='ltr'><strong><em>καί</em></strong></span> <span class='ocrx_word' id='word_1_18' title='bbox 905 453 972 509; x_wconf 81' lang='grc' dir='ltr'><strong><em>τῶν</em></strong></span> <span class='ocrx_word' id='word_1_19' title='bbox 1001 439 1205 526; x_wconf 72' lang='grc' dir='ltr'><strong><em>Ἀθήνηθεν</em></strong></span> 
     </span>
     <span class='ocr_line' id='line_1_4' title="bbox 180 543 1206 634; baseline 0.004 -24"><span class='ocrx_word' id='word_1_20' title='bbox 180 549 409 630; x_wconf 77' lang='grc' dir='ltr'><strong><em>συμβολαίων,</em></strong></span> <span class='ocrx_word' id='word_1_21' title='bbox 437 544 492 614; x_wconf 84' lang='grc' dir='ltr'><strong><em>καί</em></strong></span> <span class='ocrx_word' id='word_1_22' title='bbox 519 545 594 632; x_wconf 79' lang='grc' dir='ltr'><strong><em>περὶ</em></strong></span> <span class='ocrx_word' id='word_1_23' title='bbox 618 543 666 614; x_wconf 80' lang='grc' dir='ltr'><strong><em>ὧν</em></strong></span> <span class='ocrx_word' id='word_1_24' title='bbox 689 545 731 613; x_wconf 79' lang='grc' dir='ltr'><strong><em>ἂν</em></strong></span> <span class='ocrx_word' id='word_1_25' title='bbox 755 543 817 614; x_wconf 87' lang='grc' dir='ltr'><strong><em>ώσι</em></strong></span> <span class='ocrx_word' id='word_1_26' title='bbox 840 552 1046 634; x_wconf 87' lang='grc' dir='ltr'><strong><em>συγγραφαί·</em></strong></span> <span class='ocrx_word' id='word_1_27' title='bbox 1075 548 1134 614; x_wconf 84' lang='grc' dir='ltr'><strong><em>ἐὰν</em></strong></span> <span class='ocrx_word' id='word_1_28' title='bbox 1160 548 1206 614; x_wconf 88' lang='grc' dir='ltr'><strong><em>δέ</em></strong></span> 
     </span>
    </p>

    <p class='ocr_par' dir='ltr' id='par_1_3' title="bbox 180 651 1203 740">
     <span class='ocr_line' id='line_1_5' title="bbox 180 651 1203 740; baseline 0.004 -24"><span class='ocrx_word' id='word_1_29' title='bbox 180 676 230 729; x_wconf 91' lang='grc' dir='ltr'><strong><em>τις</em></strong></span> <span class='ocrx_word' id='word_1_30' title='bbox 256 655 344 737; x_wconf 78' lang='grc' dir='ltr'><strong><em>παρὰ</em></strong></span> <span class='ocrx_word' id='word_1_31' title='bbox 374 662 476 720; x_wconf 88' lang='grc' dir='ltr'><strong><em>ταῦτα</em></strong></span> <span class='ocrx_word' id='word_1_32' title='bbox 499 654 682 738; x_wconf 78' lang='grc' dir='ltr'><strong><em>δικάζηται,</em></strong></span> <span class='ocrx_word' id='word_1_33' title='bbox 710 655 755 740; x_wconf 78' lang='grc' dir='ltr'><strong><em>μή</em></strong></span> <span class='ocrx_word' id='word_1_34' title='bbox 779 655 1000 740; x_wconf 77' lang='grc' dir='ltr'><strong><em>εἰσαγώγιμον</em></strong></span> <span class='ocrx_word' id='word_1_35' title='bbox 1024 651 1110 721; x_wconf 83' lang='grc' dir='ltr'><strong><em>εἶναι</em></strong></span> <span class='ocrx_word' id='word_1_36' title='bbox 1134 657 1203 738; x_wconf 86' lang='grc' dir='ltr'><strong><em>τήν</em></strong></span> 
     </span>
    </p>

    <p class='ocr_par' dir='ltr' id='par_1_4' title="bbox 58 757 1201 847">
     <span class='ocr_line' id='line_1_6' title="bbox 58 757 1201 847; baseline 0.005 -27"><span class='ocrx_word' id='word_1_37' title='bbox 58 789 60 794; x_wconf 95' lang='grc'><strong><em>·</em></strong></span> <span class='ocrx_word' id='word_1_38' title='bbox 153 758 286 843; x_wconf 84' lang='grc' dir='ltr'><strong><em>ιδίκην.</em></strong></span> <span class='ocrx_word' id='word_1_39' title='bbox 332 758 453 844; x_wconf 77' lang='grc' dir='ltr'><strong><em>τουτῳὶ</em></strong></span> <span class='ocrx_word' id='word_1_40' title='bbox 481 763 598 825; x_wconf 82' lang='grc' dir='ltr'><strong><em>τοίνυν</em></strong></span> <span class='ocrx_word' id='word_1_41' title='bbox 627 761 831 846; x_wconf 74' lang='grc' dir='ltr'><strong><em>Ζηνοθέμιδι</em></strong></span> <span class='ocrx_word' id='word_1_42' title='bbox 865 763 948 847; x_wconf 85' lang='grc' dir='ltr'><strong><em>πρὸς</em></strong></span> <span class='ocrx_word' id='word_1_43' title='bbox 974 757 1035 846; x_wconf 70' lang='grc' dir='ltr'><strong><em>μὲν</em></strong></span> <span class='ocrx_word' id='word_1_44' title='bbox 1062 757 1110 845; x_wconf 79' lang='grc' dir='ltr'><strong><em>ἔμ’</em></strong></span> <span class='ocrx_word' id='word_1_45' title='bbox 1144 761 1201 826; x_wconf 85' lang='grc' dir='ltr'><strong><em>ὅτι</em></strong></span> 
     </span>
    </p>

    <p class='ocr_par' dir='ltr' id='par_1_5' title="bbox 181 861 1203 951">
     <span class='ocr_line' id='line_1_7' title="bbox 181 861 1203 951; baseline 0.001 -22"><span class='ocrx_word' id='word_1_46' title='bbox 181 861 282 930; x_wconf 70' lang='grc' dir='ltr'><strong><em>οὐδέν</em></strong></span> <span class='ocrx_word' id='word_1_47' title='bbox 302 861 345 949; x_wconf 83' lang='grc' dir='ltr'><strong><em>ήν</em></strong></span> <span class='ocrx_word' id='word_1_48' title='bbox 364 869 569 950; x_wconf 80' lang='grc' dir='ltr'><strong><em>συμβόλαιον</em></strong></span> <span class='ocrx_word' id='word_1_49' title='bbox 589 862 668 932; x_wconf 73' lang='grc' dir='ltr'><strong><em>οὐδὲ</em></strong></span> <span class='ocrx_word' id='word_1_50' title='bbox 687 870 876 951; x_wconf 87' lang='grc' dir='ltr'><strong><em>συγγραφή,</em></strong></span> <span class='ocrx_word' id='word_1_51' title='bbox 901 865 1021 943; x_wconf 86' lang='grc' dir='ltr'><strong><em>καύτὸς</em></strong></span> <span class='ocrx_word' id='word_1_52' title='bbox 1038 866 1203 951; x_wconf 74' lang='grc' dir='ltr'><strong><em>ὁμολογεῖ</em></strong></span> 
     </span>
    </p>

    <p class='ocr_par' dir='ltr' id='par_1_6' title="bbox 180 969 1285 1269">
     <span class='ocr_line' id='line_1_8' title="bbox 181 969 1285 1059; baseline 0.002 -23"><span class='ocrx_word' id='word_1_53' title='bbox 181 970 218 1036; x_wconf 89' lang='grc' dir='ltr'><strong><em>έν</em></strong></span> <span class='ocrx_word' id='word_1_54' title='bbox 241 979 285 1058; x_wconf 73' lang='grc' dir='ltr'><strong><em>τρλ</em></strong></span> <span class='ocrx_word' id='word_1_55' title='bbox 310 971 499 1055; x_wconf 91' lang='grc' dir='ltr'><strong><em>ἐγκλήματι·</em></strong></span> <span class='ocrx_word' id='word_1_56' title='bbox 524 973 674 1037; x_wconf 74' lang='grc' dir='ltr'><strong><em>δανεῖσαι</em></strong></span> <span class='ocrx_word' id='word_1_57' title='bbox 699 971 738 1037; x_wconf 90' lang='grc' dir='ltr'><strong><em>δέ</em></strong></span> <span class='ocrx_word' id='word_1_58' title='bbox 759 988 864 1055; x_wconf 90' lang='grc' dir='ltr'><strong><em>φησιν</em></strong></span> <span class='ocrx_word' id='word_1_59' title='bbox 882 969 1092 1059; x_wconf 79' lang='grc' dir='ltr'><strong><em>Ἡγεστράτῳ</em></strong></span> <span class='ocrx_word' id='word_1_60' title='bbox 1114 997 1198 1038; x_wconf 82' lang='grc' dir='ltr'><strong><em>ναυ·</em></strong></span> <span class='ocrx_word' id='word_1_61' title='bbox 1284 979 1285 1058; x_wconf 57' lang='grc' dir='ltr'>ζ</span> 
     </span>
     <span class='ocr_line' id='line_1_9' title="bbox 180 1065 1285 1165; baseline 0.004 -24"><span class='ocrx_word' id='word_1_62' title='bbox 180 1078 301 1165; x_wconf 77' lang='grc' dir='ltr'><strong><em>κλήρῳ,</em></strong></span> <span class='ocrx_word' id='word_1_63' title='bbox 325 1079 447 1142; x_wconf 90' lang='grc' dir='ltr'><strong><em>τούτου</em></strong></span> <span class='ocrx_word' id='word_1_64' title='bbox 469 1071 500 1144; x_wconf 88' lang='grc' dir='ltr'><strong><em>δ’</em></strong></span> <span class='ocrx_word' id='word_1_65' title='bbox 522 1075 731 1162; x_wconf 78' lang='grc' dir='ltr'><strong><em>ἀπολομένου</em></strong></span> <span class='ocrx_word' id='word_1_66' title='bbox 755 1077 791 1143; x_wconf 87' lang='grc' dir='ltr'><strong><em>ἐν</em></strong></span> <span class='ocrx_word' id='word_1_67' title='bbox 814 1085 859 1165; x_wconf 75' lang='grc' dir='ltr'><strong><em>τῷ</em></strong></span> <span class='ocrx_word' id='word_1_68' title='bbox 884 1079 1030 1161; x_wconf 89' lang='grc' dir='ltr'><strong><em>πελάγει,</em></strong></span> <span class='ocrx_word' id='word_1_69' title='bbox 1053 1078 1139 1162; x_wconf 81' lang='grc' dir='ltr'><strong><em>ἡμᾶς</em></strong></span> <span class='ocrx_word' id='word_1_70' title='bbox 1157 1082 1200 1145; x_wconf 82' lang='grc' dir='ltr'><strong><em>τὸ</em></strong></span> <span class='ocrx_word' id='word_1_71' title='bbox 1284 1065 1285 1068; x_wconf 26' lang='grc'><strong><em>’</em></strong></span> 
     </span>
     <span class='ocr_line' id='line_1_10' title="bbox 180 1179 1197 1269; baseline 0.002 -23"><span class='ocrx_word' id='word_1_72' title='bbox 180 1187 307 1248; x_wconf 87' lang='grc' dir='ltr'><strong><em>ναῦλον</em></strong></span> <span class='ocrx_word' id='word_1_73' title='bbox 330 1187 604 1269; x_wconf 82' lang='grc' dir='ltr'><strong><em>σφετερίσασθαι·</em></strong></span> <span class='ocrx_word' id='word_1_74' title='bbox 627 1180 721 1248; x_wconf 82' lang='grc' dir='ltr'><strong><em>τουτὶ</em></strong></span> <span class='ocrx_word' id='word_1_75' title='bbox 743 1185 780 1250; x_wconf 86' lang='grc' dir='ltr'><strong><em>τὸ</em></strong></span> <span class='ocrx_word' id='word_1_76' title='bbox 804 1179 937 1268; x_wconf 76' lang='grc' dir='ltr'><strong><em>ἔγκλημ’</em></strong></span> <span class='ocrx_word' id='word_1_77' title='bbox 960 1182 1058 1250; x_wconf 83' lang='grc' dir='ltr'><strong><em>ἐστίν.</em></strong></span> <span class='ocrx_word' id='word_1_78' title='bbox 1096 1184 1132 1250; x_wconf 85' lang='grc' dir='ltr'><strong><em>ἐκ</em></strong></span> <span class='ocrx_word' id='word_1_79' title='bbox 1152 1185 1197 1268; x_wconf 85' lang='grc' dir='ltr'><strong><em>δὴ</em></strong></span> 
     </span>
    </p>

    <p class='ocr_par' dir='ltr' id='par_1_7' title="bbox 155 1285 1199 1587">
     <span class='ocr_line' id='line_1_11' title="bbox 181 1285 1199 1374; baseline 0.002 -21"><span class='ocrx_word' id='word_1_80' title='bbox 181 1297 242 1354; x_wconf 91' lang='grc' dir='ltr'><strong><em>τοῦ</em></strong></span> <span class='ocrx_word' id='word_1_81' title='bbox 265 1289 368 1356; x_wconf 87' lang='grc' dir='ltr'><strong><em>αὐτοῦ</em></strong></span> <span class='ocrx_word' id='word_1_82' title='bbox 392 1292 495 1372; x_wconf 90' lang='grc' dir='ltr'><strong><em>λόγου</em></strong></span> <span class='ocrx_word' id='word_1_83' title='bbox 517 1293 578 1373; x_wconf 90' lang='grc' dir='ltr'><strong><em>τήν</em></strong></span> <span class='ocrx_word' id='word_1_84' title='bbox 596 1313 631 1354; x_wconf 86' lang='grc' dir='ltr'><strong><em>τε</em></strong></span> <span class='ocrx_word' id='word_1_85' title='bbox 650 1290 748 1372; x_wconf 88' lang='grc' dir='ltr'><strong><em>δίκην</em></strong></span> <span class='ocrx_word' id='word_1_86' title='bbox 766 1289 827 1355; x_wconf 84' lang='grc' dir='ltr'><strong><em>οὐκ</em></strong></span> <span class='ocrx_word' id='word_1_87' title='bbox 846 1291 1068 1374; x_wconf 89' lang='grc' dir='ltr'><strong><em>εἰσαγώγιμον</em></strong></span> <span class='ocrx_word' id='word_1_88' title='bbox 1088 1285 1199 1355; x_wconf 86' lang='grc' dir='ltr'><strong><em>οὖσαν</em></strong></span> 
     </span>
     <span class='ocr_line' id='line_1_12' title="bbox 182 1393 1198 1481; baseline 0.003 -22"><span class='ocrx_word' id='word_1_89' title='bbox 182 1397 388 1481; x_wconf 82' lang='grc' dir='ltr'><strong><em>μαθήσεσθε,</em></strong></span> <span class='ocrx_word' id='word_1_90' title='bbox 409 1393 463 1461; x_wconf 78' lang='grc' dir='ltr'><strong><em>καὶ</em></strong></span> <span class='ocrx_word' id='word_1_91' title='bbox 480 1398 542 1480; x_wconf 85' lang='grc' dir='ltr'><strong><em>τήν</em></strong></span> <span class='ocrx_word' id='word_1_92' title='bbox 561 1396 643 1480; x_wconf 81' lang='grc' dir='ltr'><strong><em>ὅλην</em></strong></span> <span class='ocrx_word' id='word_1_93' title='bbox 663 1395 844 1478; x_wconf 85' lang='grc' dir='ltr'><strong><em>ἐπιβουλήν</em></strong></span> <span class='ocrx_word' id='word_1_94' title='bbox 863 1394 918 1461; x_wconf 82' lang='grc' dir='ltr'><strong><em>καλ</em></strong></span> <span class='ocrx_word' id='word_1_95' title='bbox 936 1400 1101 1480; x_wconf 89' lang='grc' dir='ltr'><strong><em>πονηρίαν</em></strong></span> <span class='ocrx_word' id='word_1_96' title='bbox 1119 1421 1198 1462; x_wconf 92' lang='grc' dir='ltr'><strong><em>του-</em></strong></span> 
     </span>
     <span class='ocr_line' id='line_1_13' title="bbox 155 1497 1198 1587; baseline 0.006 -24"><span class='ocrx_word' id='word_1_97' title='bbox 155 1497 255 1566; x_wconf 84' lang='grc' dir='ltr'><strong><em>ιτουί</em></strong></span> <span class='ocrx_word' id='word_1_98' title='bbox 277 1510 338 1566; x_wconf 89' lang='grc' dir='ltr'><strong><em>τοῦ</em></strong></span> <span class='ocrx_word' id='word_1_99' title='bbox 361 1501 544 1586; x_wconf 83' lang='grc' dir='ltr'><strong><em>ἀνθρώπου</em></strong></span> <span class='ocrx_word' id='word_1_100' title='bbox 568 1504 701 1578; x_wconf 76' lang='grc' dir='ltr'><strong><em>ὄψεσθε.</em></strong></span> <span class='ocrx_word' id='word_1_101' title='bbox 745 1500 861 1587; x_wconf 87' lang='grc' dir='ltr'><strong><em>δέομαι</em></strong></span> <span class='ocrx_word' id='word_1_102' title='bbox 886 1499 916 1565; x_wconf 91' lang='grc' dir='ltr'><strong><em>δ’</em></strong></span> <span class='ocrx_word' id='word_1_103' title='bbox 943 1502 1037 1586; x_wconf 84' lang='grc' dir='ltr'><strong><em>ὑμῶν</em></strong></span> <span class='ocrx_word' id='word_1_104' title='bbox 1059 1503 1198 1569; x_wconf 89' lang='grc' dir='ltr'><strong><em>πάντων</em></strong></span> 
     </span>
    </p>

    <p class='ocr_par' dir='ltr' id='par_1_8' title="bbox 183 1603 1196 1695">
     <span class='ocr_line' id='line_1_14' title="bbox 183 1603 1196 1695; baseline 0.003 -23"><span class='ocrx_word' id='word_1_105' title='bbox 183 1603 209 1672; x_wconf 79' lang='grc' dir='ltr'><strong>ὦ</strong></span> <span class='ocrx_word' id='word_1_106' title='bbox 233 1607 352 1690; x_wconf 80' lang='grc' dir='ltr'><strong><em>ἄνδρες</em></strong></span> <span class='ocrx_word' id='word_1_107' title='bbox 376 1609 537 1691; x_wconf 90' lang='grc' dir='ltr'><strong><em>δικασταί,</em></strong></span> <span class='ocrx_word' id='word_1_108' title='bbox 561 1614 652 1691; x_wconf 84' lang='grc' dir='ltr'><strong><em>εἰπερ</em></strong></span> <span class='ocrx_word' id='word_1_109' title='bbox 676 1609 764 1695; x_wconf 79' lang='grc' dir='ltr'><strong><em>άλλφ</em></strong></span> <span class='ocrx_word' id='word_1_110' title='bbox 788 1605 854 1672; x_wconf 81' lang='grc' dir='ltr'><strong><em>τινὶ</em></strong></span> <span class='ocrx_word' id='word_1_111' title='bbox 876 1608 1007 1672; x_wconf 89' lang='grc' dir='ltr'><strong><em>πώποτε</em></strong></span> <span class='ocrx_word' id='word_1_112' title='bbox 1027 1609 1196 1693; x_wconf 80' lang='grc' dir='ltr'><strong><em>πράγματι</em></strong></span> 
     </span>
    </p>

    <p class='ocr_par' dir='ltr' id='par_1_9' title="bbox 182 1711 1196 1801">
     <span class='ocr_line' id='line_1_15' title="bbox 182 1711 1196 1801; baseline 0.002 -23"><span class='ocrx_word' id='word_1_113' title='bbox 182 1715 241 1778; x_wconf 89' lang='grc' dir='ltr'><strong><em>τὸν</em></strong></span> <span class='ocrx_word' id='word_1_114' title='bbox 261 1721 345 1777; x_wconf 89' lang='grc' dir='ltr'><strong><em>νοῦν</em></strong></span> <span class='ocrx_word' id='word_1_115' title='bbox 363 1712 570 1798; x_wconf 78' lang='grc' dir='ltr'><strong><em>προσέσχετε,</em></strong></span> <span class='ocrx_word' id='word_1_116' title='bbox 594 1711 648 1778; x_wconf 89' lang='grc' dir='ltr'><strong><em>καί</em></strong></span> <span class='ocrx_word' id='word_1_117' title='bbox 666 1714 773 1801; x_wconf 85' lang='grc' dir='ltr'><strong><em>τούτφ</em></strong></span> <span class='ocrx_word' id='word_1_118' title='bbox 792 1724 984 1796; x_wconf 76' lang='grc' dir='ltr'><strong><em>προσσχεῖν·</em></strong></span> <span class='ocrx_word' id='word_1_119' title='bbox 1008 1713 1196 1780; x_wconf 79' lang='grc' dir='ltr'><strong><em>ἀκούσεσθε</em></strong></span> 
     </span>
    </p>

    <p class='ocr_par' dir='ltr' id='par_1_10' title="bbox 182 1816 1244 2114">
     <span class='ocr_line' id='line_1_16' title="bbox 182 1816 1196 1904; baseline 0.003 -20"><span class='ocrx_word' id='word_1_120' title='bbox 182 1822 245 1904; x_wconf 84' lang='grc' dir='ltr'><strong><em>γάρ</em></strong></span> <span class='ocrx_word' id='word_1_121' title='bbox 270 1821 453 1902; x_wconf 82' lang='grc' dir='ltr'><strong><em>ἀνθρώπου</em></strong></span> <span class='ocrx_word' id='word_1_122' title='bbox 473 1823 598 1904; x_wconf 89' lang='grc' dir='ltr'><strong><em>τόλμαν</em></strong></span> <span class='ocrx_word' id='word_1_123' title='bbox 617 1816 672 1884; x_wconf 87' lang='grc' dir='ltr'><strong><em>καί</em></strong></span> <span class='ocrx_word' id='word_1_124' title='bbox 691 1823 855 1903; x_wconf 88' lang='grc' dir='ltr'><strong><em>πονηρίαν</em></strong></span> <span class='ocrx_word' id='word_1_125' title='bbox 875 1817 916 1884; x_wconf 87' lang='grc' dir='ltr'><strong><em>ού</em></strong></span> <span class='ocrx_word' id='word_1_126' title='bbox 934 1819 995 1902; x_wconf 83' lang='grc' dir='ltr'><strong><em>τήν</em></strong></span> <span class='ocrx_word' id='word_1_127' title='bbox 1013 1831 1196 1904; x_wconf 86' lang='grc' dir='ltr'><strong><em>τυχοῦσαν,</em></strong></span> 
     </span>
     <span class='ocr_line' id='line_1_17' title="bbox 183 1922 1244 2012; baseline 0.001 -21"><span class='ocrx_word' id='word_1_128' title='bbox 183 1928 287 2009; x_wconf 83' lang='grc' dir='ltr'><strong><em>άνπερ</em></strong></span> <span class='ocrx_word' id='word_1_129' title='bbox 315 1925 377 2008; x_wconf 82' lang='grc' dir='ltr'><strong><em>ἐγὼ</em></strong></span> <span class='ocrx_word' id='word_1_130' title='bbox 406 1927 446 1990; x_wconf 83' lang='grc' dir='ltr'><strong><em>τά</em></strong></span> <span class='ocrx_word' id='word_1_131' title='bbox 473 1922 673 2010; x_wconf 87' lang='grc' dir='ltr'><strong><em>πεπραγμέν’</em></strong></span> <span class='ocrx_word' id='word_1_132' title='bbox 701 1925 789 2012; x_wconf 74' lang='grc' dir='ltr'><strong><em>αὐτῷ</em></strong></span> <span class='ocrx_word' id='word_1_133' title='bbox 813 1926 895 2009; x_wconf 85' lang='grc' dir='ltr'><strong><em>πρὸς</em></strong></span> <span class='ocrx_word' id='word_1_134' title='bbox 918 1923 1003 2009; x_wconf 85' lang='grc' dir='ltr'><strong><em>ὑμᾶς</em></strong></span> <span class='ocrx_word' id='word_1_135' title='bbox 1027 1928 1189 2004; x_wconf 87' lang='grc' dir='ltr'><strong><em>πολλάκις</em></strong></span> <span class='ocrx_word' id='word_1_136' title='bbox 1198 1935 1244 1984; x_wconf 78' lang='grc'><strong><em>883</em></strong></span> 
     </span>
     <span class='ocr_line' id='line_1_18' title="bbox 183 2025 661 2114; baseline -0.006 -16"><span class='ocrx_word' id='word_1_137' title='bbox 183 2035 288 2098; x_wconf 78' lang='grc' dir='ltr'><strong><em>εἰπεῖν</em></strong></span> <span class='ocrx_word' id='word_1_138' title='bbox 312 2034 458 2114; x_wconf 81' lang='grc' dir='ltr'><strong><em>δυνηθῶ.</em></strong></span> <span class='ocrx_word' id='word_1_139' title='bbox 501 2025 593 2114; x_wconf 84' lang='grc' dir='ltr'><strong><em>οἶμαι</em></strong></span> <span class='ocrx_word' id='word_1_140' title='bbox 617 2029 661 2096; x_wconf 91' lang='grc' dir='ltr'><strong><em>δέ.</em></strong></span> 
     </span>
    </p>

    <p class='ocr_par' dir='ltr' id='par_1_11' title="bbox 156 2133 1197 3178">
     <span class='ocr_line' id='line_1_19' title="bbox 156 2133 1197 2224; baseline 0.004 -24"><span class='ocrx_word' id='word_1_141' title='bbox 156 2162 170 2200; x_wconf 79' lang='grc' dir='ltr'><strong><em>ι</em></strong></span> <span class='ocrx_word' id='word_1_142' title='bbox 274 2141 461 2221; x_wconf 87' lang='grc' dir='ltr'><strong><em>Ζηνόθεμις</em></strong></span> <span class='ocrx_word' id='word_1_143' title='bbox 483 2138 546 2222; x_wconf 85' lang='grc' dir='ltr'><strong><em>γάρ</em></strong></span> <span class='ocrx_word' id='word_1_144' title='bbox 571 2137 695 2218; x_wconf 85' lang='grc' dir='ltr'><strong><em>οὑτοσί,</em></strong></span> <span class='ocrx_word' id='word_1_145' title='bbox 720 2137 768 2203; x_wconf 80' lang='grc' dir='ltr'><strong><em>ὢν</em></strong></span> <span class='ocrx_word' id='word_1_146' title='bbox 789 2137 952 2221; x_wconf 85' lang='grc' dir='ltr'><strong><em>ὑπηρέτης</em></strong></span> <span class='ocrx_word' id='word_1_147' title='bbox 969 2133 1197 2224; x_wconf 89' lang='grc' dir='ltr'><strong><em>Ἡγεστράτου</em></strong></span> 
     </span>
     <span class='ocr_line' id='line_1_20' title="bbox 182 2242 1196 2330; baseline 0.001 -21"><span class='ocrx_word' id='word_1_148' title='bbox 182 2255 244 2311; x_wconf 91' lang='grc' dir='ltr'><strong><em>τοῦ</em></strong></span> <span class='ocrx_word' id='word_1_149' title='bbox 271 2247 476 2328; x_wconf 91' lang='grc' dir='ltr'><strong><em>ναυκλήρου,</em></strong></span> <span class='ocrx_word' id='word_1_150' title='bbox 505 2242 545 2308; x_wconf 88' lang='grc' dir='ltr'><strong><em>ὃν</em></strong></span> <span class='ocrx_word' id='word_1_151' title='bbox 570 2243 690 2319; x_wconf 84' lang='grc' dir='ltr'><strong><em>καύτὸς</em></strong></span> <span class='ocrx_word' id='word_1_152' title='bbox 714 2246 858 2327; x_wconf 74' lang='grc' dir='ltr'><strong><em>ἔγραψεν</em></strong></span> <span class='ocrx_word' id='word_1_153' title='bbox 880 2242 917 2309; x_wconf 89' lang='grc' dir='ltr'><strong><em>έν</em></strong></span> <span class='ocrx_word' id='word_1_154' title='bbox 938 2252 984 2330; x_wconf 81' lang='grc' dir='ltr'><strong><em>τςό</em></strong></span> <span class='ocrx_word' id='word_1_155' title='bbox 1009 2242 1196 2328; x_wconf 89' lang='grc' dir='ltr'><strong><em>ἐγκλήματι,</em></strong></span> 
     </span>
     <span class='ocr_line' id='line_1_21' title="bbox 184 2346 1195 2438; baseline 0 -22"><span class='ocrx_word' id='word_1_156' title='bbox 184 2353 228 2428; x_wconf 84' lang='grc' dir='ltr'><strong><em>ὡς</em></strong></span> <span class='ocrx_word' id='word_1_157' title='bbox 252 2351 355 2438; x_wconf 79' lang='grc' dir='ltr'><strong><em>ἐντῷ</em></strong></span> <span class='ocrx_word' id='word_1_158' title='bbox 378 2350 512 2432; x_wconf 88' lang='grc' dir='ltr'><strong><em>πελάγει</em></strong></span> <span class='ocrx_word' id='word_1_159' title='bbox 535 2349 682 2414; x_wconf 82' lang='grc' dir='ltr'><strong><em>ἀπώλετο</em></strong></span> <span class='ocrx_word' id='word_1_160' title='bbox 708 2348 791 2435; x_wconf 82' lang='grc' dir='ltr'><strong><em>(πῶς</em></strong></span> <span class='ocrx_word' id='word_1_161' title='bbox 814 2346 859 2431; x_wconf 90' lang='grc' dir='ltr'><strong><em>δ’,</em></strong></span> <span class='ocrx_word' id='word_1_162' title='bbox 888 2349 929 2415; x_wconf 89' lang='grc' dir='ltr'><strong><em>ού</em></strong></span> <span class='ocrx_word' id='word_1_163' title='bbox 951 2348 1195 2434; x_wconf 80' lang='grc' dir='ltr'><strong><em>προσέγραψεν,</em></strong></span> 
     </span>
     <span class='ocr_line' id='line_1_22' title="bbox 184 2453 1195 2540; baseline -0.001 -18"><span class='ocrx_word' id='word_1_164' title='bbox 184 2455 255 2522; x_wconf 80' lang='grc' dir='ltr'><strong><em>ἀλλ’</em></strong></span> <span class='ocrx_word' id='word_1_165' title='bbox 279 2455 342 2538; x_wconf 84' lang='grc' dir='ltr'><strong><em>ἐγὼ</em></strong></span> <span class='ocrx_word' id='word_1_166' title='bbox 362 2457 506 2540; x_wconf 81' lang='grc' dir='ltr'><strong><em>φράσω),</em></strong></span> <span class='ocrx_word' id='word_1_167' title='bbox 528 2455 672 2540; x_wconf 89' lang='grc' dir='ltr'><strong><em>άδίκημα</em></strong></span> <span class='ocrx_word' id='word_1_168' title='bbox 690 2453 857 2520; x_wconf 85' lang='grc' dir='ltr'><strong><em>τοιουτονὶ</em></strong></span> <span class='ocrx_word' id='word_1_169' title='bbox 876 2453 943 2539; x_wconf 87' lang='grc' dir='ltr'><strong><em>μετ’</em></strong></span> <span class='ocrx_word' id='word_1_170' title='bbox 969 2455 1097 2519; x_wconf 86' lang='grc' dir='ltr'><strong><em>ἐκείνου</em></strong></span> <span class='ocrx_word' id='word_1_171' title='bbox 1118 2473 1195 2521; x_wconf 83' lang='grc' dir='ltr'><strong><em>συν·</em></strong></span> 
     </span>
     <span class='ocr_line' id='line_1_23' title="bbox 184 2558 1192 2646; baseline -0.002 -18"><span class='ocrx_word' id='word_1_172' title='bbox 184 2564 393 2629; x_wconf 87' lang='grc' dir='ltr'><strong><em>εσκευάσατο.</em></strong></span> <span class='ocrx_word' id='word_1_173' title='bbox 439 2558 575 2646; x_wconf 86' lang='grc' dir='ltr'><strong><em>χρήματ’</em></strong></span> <span class='ocrx_word' id='word_1_174' title='bbox 602 2560 639 2626; x_wconf 88' lang='grc' dir='ltr'><strong><em>έν</em></strong></span> <span class='ocrx_word' id='word_1_175' title='bbox 661 2572 733 2637; x_wconf 85' lang='grc' dir='ltr'><strong><em>ταίς</em></strong></span> <span class='ocrx_word' id='word_1_176' title='bbox 755 2561 990 2641; x_wconf 88' lang='grc' dir='ltr'><strong><em>Συρακούσαις</em></strong></span> <span class='ocrx_word' id='word_1_177' title='bbox 1013 2560 1192 2640; x_wconf 82' lang='grc' dir='ltr'><strong><em>ἐδανείζεθ’</em></strong></span> 
     </span>
     <span class='ocr_line' id='line_1_24' title="bbox 185 2662 1195 2751; baseline -0.001 -18"><span class='ocrx_word' id='word_1_178' title='bbox 185 2664 282 2744; x_wconf 87' lang='grc' dir='ltr'><strong><em>οὗτος</em></strong></span> <span class='ocrx_word' id='word_1_179' title='bbox 309 2667 468 2742; x_wconf 86' lang='grc' dir='ltr'><strong><em>κάκείνος.</em></strong></span> <span class='ocrx_word' id='word_1_180' title='bbox 515 2667 677 2750; x_wconf 80' lang='grc' dir='ltr'><strong><em>ὡμολόγει</em></strong></span> <span class='ocrx_word' id='word_1_181' title='bbox 705 2662 736 2732; x_wconf 85' lang='grc' dir='ltr'><strong><em>δ’</em></strong></span> <span class='ocrx_word' id='word_1_182' title='bbox 768 2666 892 2743; x_wconf 78' lang='grc' dir='ltr'><strong><em>ἐκεῖνος</em></strong></span> <span class='ocrx_word' id='word_1_183' title='bbox 920 2663 981 2751; x_wconf 72' lang='grc' dir='ltr'><strong><em>μὲν</em></strong></span> <span class='ocrx_word' id='word_1_184' title='bbox 1008 2668 1090 2750; x_wconf 86' lang='grc' dir='ltr'><strong><em>πρὸς</em></strong></span> <span class='ocrx_word' id='word_1_185' title='bbox 1118 2672 1195 2745; x_wconf 88' lang='grc' dir='ltr'><strong><em>τοὺς</em></strong></span> 
     </span>
     <span class='ocr_line' id='line_1_25' title="bbox 184 2771 1193 2861; baseline -0.001 -22"><span class='ocrx_word' id='word_1_186' title='bbox 184 2775 290 2861; x_wconf 79' lang='grc' dir='ltr'><strong><em>τούτῳ</em></strong></span> <span class='ocrx_word' id='word_1_187' title='bbox 315 2775 540 2857; x_wconf 81' lang='grc' dir='ltr'><strong><em>δανείζοντας,</em></strong></span> <span class='ocrx_word' id='word_1_188' title='bbox 564 2779 597 2838; x_wconf 88' lang='grc' dir='ltr'><strong><em>εἰ</em></strong></span> <span class='ocrx_word' id='word_1_189' title='bbox 616 2797 666 2849; x_wconf 93' lang='grc' dir='ltr'><strong><em>τις</em></strong></span> <span class='ocrx_word' id='word_1_190' title='bbox 688 2775 808 2857; x_wconf 84' lang='grc' dir='ltr'><strong><em>ἔροιτο,</em></strong></span> <span class='ocrx_word' id='word_1_191' title='bbox 832 2771 956 2837; x_wconf 81' lang='grc' dir='ltr'><strong><em>ἐνεῖναι</em></strong></span> <span class='ocrx_word' id='word_1_192' title='bbox 980 2783 1074 2837; x_wconf 84' lang='grc' dir='ltr'><strong><em>σίτον</em></strong></span> <span class='ocrx_word' id='word_1_193' title='bbox 1097 2772 1133 2838; x_wconf 89' lang='grc' dir='ltr'><strong><em>ἐν</em></strong></span> <span class='ocrx_word' id='word_1_194' title='bbox 1155 2784 1193 2860; x_wconf 74' lang='grc' dir='ltr'><strong><em>τῇ</em></strong></span> 
     </span>
     <span class='ocr_line' id='line_1_26' title="bbox 184 2873 1195 2968; baseline -0.001 -22"><span class='ocrx_word' id='word_1_195' title='bbox 184 2879 241 2964; x_wconf 78' lang='grc' dir='ltr'><strong><em>νηί</em></strong></span> <span class='ocrx_word' id='word_1_196' title='bbox 272 2881 379 2968; x_wconf 85' lang='grc' dir='ltr'><strong><em>τούτφ</em></strong></span> <span class='ocrx_word' id='word_1_197' title='bbox 411 2880 534 2961; x_wconf 90' lang='grc' dir='ltr'><strong><em>πολύν,</em></strong></span> <span class='ocrx_word' id='word_1_198' title='bbox 567 2873 665 2956; x_wconf 88' lang='grc' dir='ltr'><strong><em>οὗτος</em></strong></span> <span class='ocrx_word' id='word_1_199' title='bbox 697 2875 734 2944; x_wconf 72' lang='grc' dir='ltr'><strong><em>δὲ</em></strong></span> <span class='ocrx_word' id='word_1_200' title='bbox 761 2880 843 2964; x_wconf 85' lang='grc' dir='ltr'><strong><em>πρὸς</em></strong></span> <span class='ocrx_word' id='word_1_201' title='bbox 870 2881 949 2954; x_wconf 87' lang='grc' dir='ltr'><strong><em>τοὺς</em></strong></span> <span class='ocrx_word' id='word_1_202' title='bbox 977 2879 1105 2966; x_wconf 82' lang='grc' dir='ltr'><strong><em>έκείνφ,</em></strong></span> <span class='ocrx_word' id='word_1_203' title='bbox 1137 2883 1195 2946; x_wconf 89' lang='grc' dir='ltr'><strong><em>τὸν</em></strong></span> 
     </span>
     <span class='ocr_line' id='line_1_27' title="bbox 184 2979 1193 3072; baseline -0.003 -19"><span class='ocrx_word' id='word_1_204' title='bbox 184 2992 291 3072; x_wconf 91' lang='grc' dir='ltr'><strong><em>γόμον</em></strong></span> <span class='ocrx_word' id='word_1_205' title='bbox 315 2988 439 3052; x_wconf 81' lang='grc' dir='ltr'><strong><em>οἰκεῖον</em></strong></span> <span class='ocrx_word' id='word_1_206' title='bbox 461 2989 547 3070; x_wconf 83' lang='grc' dir='ltr'><strong><em>ἔχειν</em></strong></span> <span class='ocrx_word' id='word_1_207' title='bbox 567 2985 669 3050; x_wconf 85' lang='grc' dir='ltr'><strong><em>αὐτὸν</em></strong></span> <span class='ocrx_word' id='word_1_208' title='bbox 688 2995 745 3072; x_wconf 79' lang='grc' dir='ltr'><strong><em>τῆς</em></strong></span> <span class='ocrx_word' id='word_1_209' title='bbox 763 2985 857 3060; x_wconf 90' lang='grc' dir='ltr'><strong><em>νεώς·</em></strong></span> <span class='ocrx_word' id='word_1_210' title='bbox 882 2984 929 3048; x_wconf 77' lang='grc' dir='ltr'><strong><em>ὢν</em></strong></span> <span class='ocrx_word' id='word_1_211' title='bbox 947 2979 978 3049; x_wconf 90' lang='grc' dir='ltr'><strong><em>δ’</em></strong></span> <span class='ocrx_word' id='word_1_212' title='bbox 1001 2980 1098 3068; x_wconf 69' lang='grc' dir='ltr'><strong><em>ὁμὲν</em></strong></span> <span class='ocrx_word' id='word_1_213' title='bbox 1116 2987 1193 3050; x_wconf 89' lang='grc' dir='ltr'><strong><em>ναύ-</em></strong></span> 
     </span>
     <span class='ocr_line' id='line_1_28' title="bbox 185 3087 1194 3178; baseline -0.004 -19"><span class='ocrx_word' id='word_1_214' title='bbox 185 3100 316 3178; x_wconf 88' lang='grc' dir='ltr'><strong><em>κληρος,</em></strong></span> <span class='ocrx_word' id='word_1_215' title='bbox 342 3092 359 3157; x_wconf 88' lang='grc' dir='ltr'>ὁ</span> <span class='ocrx_word' id='word_1_216' title='bbox 384 3087 414 3157; x_wconf 89' lang='grc' dir='ltr'><strong><em>δ’</em></strong></span> <span class='ocrx_word' id='word_1_217' title='bbox 437 3092 601 3176; x_wconf 83' lang='grc' dir='ltr'><strong><em>ἐπιβάτης,</em></strong></span> <span class='ocrx_word' id='word_1_218' title='bbox 626 3088 826 3156; x_wconf 84' lang='grc' dir='ltr'><strong><em>ἐπιστεύοντ’</em></strong></span> <span class='ocrx_word' id='word_1_219' title='bbox 850 3091 983 3167; x_wconf 88' lang='grc' dir='ltr'><strong><em>εἰκότως</em></strong></span> <span class='ocrx_word' id='word_1_220' title='bbox 1006 3089 1027 3154; x_wconf 82' lang='grc' dir='ltr'><strong><em>δ</em></strong></span> <span class='ocrx_word' id='word_1_221' title='bbox 1047 3089 1120 3174; x_wconf 78' lang='grc' dir='ltr'><strong><em>περὶ</em></strong></span> <span class='ocrx_word' id='word_1_222' title='bbox 1140 3093 1194 3155; x_wconf 88' lang='grc' dir='ltr'><strong><em>άλ-</em></strong></span> 
     </span>
    </p>

    <p class='ocr_par' dir='ltr' id='par_1_12' title="bbox 159 3191 1194 3598">
     <span class='ocr_line' id='line_1_29' title="bbox 159 3191 1190 3284; baseline -0.003 -19"><span class='ocrx_word' id='word_1_223' title='bbox 159 3205 296 3284; x_wconf 74' lang='grc' dir='ltr'><strong><em>ῡλήλων</em></strong></span> <span class='ocrx_word' id='word_1_224' title='bbox 328 3202 452 3282; x_wconf 79' lang='grc' dir='ltr'><strong><em>ἔλεγον.</em></strong></span> <span class='ocrx_word' id='word_1_225' title='bbox 497 3199 721 3283; x_wconf 84' lang='grc' dir='ltr'><strong><em>λαμβάνοντες</em></strong></span> <span class='ocrx_word' id='word_1_226' title='bbox 754 3192 789 3261; x_wconf 70' lang='grc' dir='ltr'><strong><em>δὲ</em></strong></span> <span class='ocrx_word' id='word_1_227' title='bbox 820 3197 861 3260; x_wconf 83' lang='grc' dir='ltr'><strong><em>τὰ</em></strong></span> <span class='ocrx_word' id='word_1_228' title='bbox 891 3199 1054 3280; x_wconf 88' lang='grc' dir='ltr'><strong><em>χρήματα,</em></strong></span> <span class='ocrx_word' id='word_1_229' title='bbox 1086 3191 1190 3276; x_wconf 87' lang='grc' dir='ltr'><strong><em>οἰκαδ’</em></strong></span> 
     </span>
     <span class='ocr_line' id='line_1_30' title="bbox 187 3299 1194 3388; baseline -0.003 -17"><span class='ocrx_word' id='word_1_230' title='bbox 187 3304 386 3371; x_wconf 83' lang='grc' dir='ltr'><strong><em>ἀπέστελλον</em></strong></span> <span class='ocrx_word' id='word_1_231' title='bbox 405 3307 451 3382; x_wconf 88' lang='grc' dir='ltr'><strong><em>εἰς</em></strong></span> <span class='ocrx_word' id='word_1_232' title='bbox 469 3306 530 3388; x_wconf 85' lang='grc' dir='ltr'><strong><em>τήν</em></strong></span> <span class='ocrx_word' id='word_1_233' title='bbox 544 3306 756 3381; x_wconf 87' lang='grc' dir='ltr'><strong><em>Μασσαλίαν,</em></strong></span> <span class='ocrx_word' id='word_1_234' title='bbox 775 3299 830 3366; x_wconf 87' lang='grc' dir='ltr'><strong><em>καί</em></strong></span> <span class='ocrx_word' id='word_1_235' title='bbox 849 3299 950 3367; x_wconf 73' lang='grc' dir='ltr'><strong><em>οὐδὲν</em></strong></span> <span class='ocrx_word' id='word_1_236' title='bbox 969 3303 1016 3379; x_wconf 90' lang='grc' dir='ltr'><strong><em>εἰς</em></strong></span> <span class='ocrx_word' id='word_1_237' title='bbox 1033 3304 1095 3385; x_wconf 86' lang='grc' dir='ltr'><strong><em>τήν</em></strong></span> <span class='ocrx_word' id='word_1_238' title='bbox 1110 3313 1194 3368; x_wconf 87' lang='grc' dir='ltr'><strong><em>ναῦν</em></strong></span> 
     </span>
     <span class='ocr_line' id='line_1_31' title="bbox 187 3406 1193 3493; baseline -0.002 -18"><span class='ocrx_word' id='word_1_239' title='bbox 187 3409 369 3493; x_wconf 88' lang='grc' dir='ltr'><strong><em>εἰσέφερον.</em></strong></span> <span class='ocrx_word' id='word_1_240' title='bbox 416 3409 527 3474; x_wconf 82' lang='grc' dir='ltr'><strong><em>οὐσῶν</em></strong></span> <span class='ocrx_word' id='word_1_241' title='bbox 552 3406 589 3474; x_wconf 70' lang='grc' dir='ltr'><strong><em>δὲ</em></strong></span> <span class='ocrx_word' id='word_1_242' title='bbox 611 3419 678 3473; x_wconf 83' lang='grc' dir='ltr'><strong><em>τῶν</em></strong></span> <span class='ocrx_word' id='word_1_243' title='bbox 701 3417 921 3490; x_wconf 83' lang='grc' dir='ltr'><strong><em>συγγραφῶν,</em></strong></span> <span class='ocrx_word' id='word_1_244' title='bbox 945 3407 1054 3492; x_wconf 81' lang='grc' dir='ltr'><strong><em>ὥσπερ</em></strong></span> <span class='ocrx_word' id='word_1_245' title='bbox 1076 3409 1193 3473; x_wconf 87' lang='grc' dir='ltr'><strong><em>εἰώθα-</em></strong></span> 
     </span>
     <span class='ocr_line' id='line_1_32' title="bbox 188 3512 1192 3598; baseline 0.002 -22"><span class='ocrx_word' id='word_1_246' title='bbox 188 3530 243 3577; x_wconf 89' lang='grc' dir='ltr'><strong><em>σιν</em></strong></span> <span class='ocrx_word' id='word_1_247' title='bbox 262 3515 396 3596; x_wconf 80' lang='grc' dir='ltr'><strong><em>ἅπασαι,</em></strong></span> <span class='ocrx_word' id='word_1_248' title='bbox 418 3519 582 3596; x_wconf 89' lang='grc' dir='ltr'><strong><em>σωθείσης</em></strong></span> <span class='ocrx_word' id='word_1_249' title='bbox 600 3524 657 3596; x_wconf 79' lang='grc' dir='ltr'><strong><em>τῆς</em></strong></span> <span class='ocrx_word' id='word_1_250' title='bbox 675 3515 758 3590; x_wconf 83' lang='grc' dir='ltr'><strong><em>νεὼς</em></strong></span> <span class='ocrx_word' id='word_1_251' title='bbox 777 3512 961 3578; x_wconf 81' lang='grc' dir='ltr'><strong><em>ἀποδοῦναι</em></strong></span> <span class='ocrx_word' id='word_1_252' title='bbox 979 3514 1019 3577; x_wconf 80' lang='grc' dir='ltr'><strong><em>τὰ</em></strong></span> <span class='ocrx_word' id='word_1_253' title='bbox 1037 3516 1192 3598; x_wconf 89' lang='grc' dir='ltr'><strong><em>χρήματα,</em></strong></span> 
     </span>
    </p>
   </div>
   <div class='ocr_carea' id='block_1_3' title="bbox 21 3411 23 3464">
    <p class='ocr_par' dir='ltr' id='par_1_13' title="bbox 21 3411 23 3464">
     <span class='ocr_line' id='line_1_33' title="bbox 21 3411 23 3424; baseline 0 0"><span class='ocrx_word' id='word_1_254' title='bbox 21 3411 23 3424; x_wconf 69' lang='grc' dir='ltr'><strong><em>λ</em></strong></span> 
     </span>
     <span class='ocr_line' id='line_1_34' title="bbox 21 3425 23 3436; baseline 0 0"><span class='ocrx_word' id='word_1_255' title='bbox 21 3425 23 3436; x_wconf 72' lang='grc'><strong>4</strong></span> 
     </span>
     <span class='ocr_line' id='line_1_35' title="bbox 22 3451 23 3464; baseline 0 0"><span class='ocrx_word' id='word_1_256' title='bbox 22 3451 23 3464; x_wconf 78' lang='grc' dir='ltr'><strong><em>ἰ</em></strong></span> 
     </span>
    </p>
   </div>
   <div class='ocr_carea' id='block_1_4' title="bbox 0 0 1312 3904">
    <p class='ocr_par' dir='ltr' id='par_1_14' title="bbox 0 0 1312 3904">
     <span class='ocr_line' id='line_1_36' title="bbox 0 0 1312 3904; baseline 0 1"><span class='ocrx_word' id='word_1_257' title='bbox 0 0 1312 3904; x_wconf 95' lang='lat' dir='ltr'><strong><em> </em></strong></span> 
     </span>
    </p>
   </div>
  </div>
 </body>
</html>
