2938 4180
272 161 339 225 204
574 167 674 219 xxm.
698 165 978 217 κακοεουαοττ

272 321 361 411 αύτῷ
375 325 580 408 ποιήσασθαι
590 326 664 407 [τήν
674 324 803 408 ἀρχήν],
818 325 903 412 ἔργφ
917 333 1036 407 πεῖραν
1051 325 1136 407 ἔχων
1151 322 1285 388 ὅτιτῶν

270 431 354 512 πρὸς
376 428 460 512 ὑμᾶς
484 426 584 494 οὐδέν
607 431 650 514 μή
674 431 806 514 δυνηθῇ
827 431 990 513 πρότερον
1008 433 1118 511 λῦσαι,
1141 427 1222 516 πρὶν
1243 427 1286 494 ἂν

221 550 258 590 1⁸0
273 534 394 620 ἐκβύλη
416 535 562 611 τούτους.
599 535 655 602 ἵνα
678 527 709 601 δ’
731 534 774 611 ὡς
793 535 897 622 ῥᾷστα
915 543 1014 600 τοῦτο
1033 535 1197 618 περάνειε,
1220 538 1285 618 φή-

272 657 379 724 φισμα
405 636 482 725 παρ’
507 639 602 726 ὑμῶν
629 638 757 707 τοιοῦθ’
786 639 916 727 εὕρετο,
944 638 977 717 ἐξ
1004 633 1046 705 οὗ
1071 638 1285 723 κυρωθέντος

272 741 329 828 ἂν,
352 747 384 811 εί
403 746 448 828 μή
472 742 516 811 δι’
542 744 626 830 ἡμᾶς
648 743 703 811 καλ
725 746 849 830 ταύτην
870 746 932 829 τήν
954 748 1099 829 γραφήν,
1123 745 1285 830 ἠδίκηντο

271 845 333 936 μέν
350 862 503 935 φανερῶς
522 851 558 917 οί
574 851 636 916 δύο
654 860 721 915 τῶν
739 849 914 934 βασιλέων,
932 850 1074 936 ήσυχίαν
1091 844 1123 916 δ’
1140 848 1182 916 δν
1197 847 1284 934 ήγον

272 954 308 1021 οί
322 965 582 1041 στρατηγοῦντες
600 955 723 1038 αὐτοῖς,
747 955 930 1042 δΒιύνωρ,
954 955 972 1021 ὁ
992 959 1120 1039 Σίμων,
1140 953 1276 1042 δἈθη-
1285 967 1330 1018 681
1365 1027 1366 1036 ρ

269 1063 433 1145 νόδωρος,
461 1062 667 1146 φοβούμενοι
694 1063 755 1145 τήν
783 1061 839 1128 διὰ
865 1069 926 1126 τοῦ
948 1063 1160 1146 ψηφίσματος
1182 1080 1284 1129 συκο-
1364 1069 1366 1132 λ

269 1170 428 1250 φαντίαν,
461 1166 480 1233 δ
513 1165 549 1233 δὲ
581 1167 701 1252 ταύτης
731 1175 790 1250 τής
821 1167 972 1246 ἐξουσίας
1003 1166 1195 1244 ἀπολαύσας
1225 1167 1282 1233 καλ

269 1281 379 1338 πᾶσαν
401 1269 461 1357 ὑφ’
484 1273 572 1361 αύτῷ
596 1273 708 1356 λαβὼν
725 1274 787 1356 τήν
805 1272 921 1359 ἀρχήν,
946 1274 1080 1358 ἰσχυρὸς
1099 1270 1141 1338 δν
1160 1272 1283 1358 ἐχθρὸς

269 1377 414 1463 ὑπῆρχεν
437 1379 525 1462 ύμῖν.

220 1500 255 1542 1⁸¹
350 1483 439 1570 Ἔχει
463 1480 493 1550 δ’
516 1485 718 1570 ὁρμητήριον
740 1484 829 1567 παρὰ
848 1485 955 1550 πάντα
971 1484 1031 1550 τδν
1048 1486 1172 1569 χρόνον
1190 1486 1281 1573 αὐτῷ
1365 1519 1366 1540 2

268 1590 489 1675 τετηρημένον
511 1591 572 1674 τήν
591 1591 793 1674 Καρδιανῶν
810 1591 920 1672 πόλιν,
942 1588 985 1674 ἣν
1005 1589 1042 1654 ἐν
1059 1589 1202 1666 ἁπάσαις
1220 1587 1282 1676 μέν

267 1706 340 1772 ταῖς
368 1697 554 1780 συνθήκαις
580 1695 746 1779 ἐξαίρετον
773 1695 862 1783 αὑτςδ
889 1693 1072 1780 γέγραφεν,
1104 1696 1141 1761 τὸ
1169 1700 1280 1761 τελευ-

268 1811 362 1867 ταῖον
391 1797 427 1866 δέ
454 1799 508 1866 καὶ
536 1812 689 1887 φανερῶς
716 1800 868 1884 ἀφείλετο
892 1794 982 1884 [παρ’
1009 1801 1126 1883 ὑμῶν].
1172 1805 1280 1866 καίτοι
1365 1859 1366 1864 ,

268 1917 337 1983 τοῖς
368 1905 630 1991 ἀπηλλαγμένοις
662 1901 723 1990 μέν
755 1914 816 1971 τοῦ
847 1903 922 1990 περὶ
954 1904 1047 1989 ήμῶν
1078 1927 1110 1970 τι
1137 1918 1278 1991 φρονεῖν

269 2013 400 2095 ύδικον,
428 2014 508 2097 μετὰ
535 2013 640 2098 πύσης
667 2009 699 2078 δ’
726 2012 884 2096 ἀληθείας
911 2011 1022 2088 ἁπλῶς
1045 2011 1176 2078 εὐνοεῖν
1198 2013 1278 2095 ἡμῖν

268 2117 455 2204 ᾑρημένοις,
478 2120 514 2185 τί
533 2127 698 2205 προσῆκεν
719 2117 832 2195 αὑτοῖς
849 2118 1052 2201 ὁρμητήριον
1069 2121 1278 2182 καταλείπειν

219 2240 255 2279 ιιι
268 2227 430 2308 χρήσιμον
461 2233 522 2290 τοῦ
554 2226 635 2309 πρὸς
666 2223 751 2307 ημᾶς
782 2221 942 2307 πολέμους
976 2228 1045 2287 ίστε
1076 2222 1140 2305 γὰρ
1168 2222 1277 2305 δήπου

266 2338 380 2410 τοῦτο,
409 2329 445 2394 οί
469 2325 529 2414 μὲν
556 2327 733 2413 ἀφιγμένοι
759 2339 890 2412 σαφῶς,
918 2327 954 2393 os
974 2325 1004 2392 δ’
1031 2328 1126 2392 ἄλλοι
1147 2328 1276 2393 τούτων

267 2434 458 2516 ἀκούοντες,
495 2434 546 2499 ὅτι
580 2443 639 2516 τῆς
670 2435 873 2520 Καρδιανῶν
903 2436 1030 2508 πόλεως
1061 2431 1201 2518 ἐχούσης
1232 2433 1275 2509 ὡς

267 2543 347 2625 ἔχει,
376 2542 407 2606 εί
431 2542 603 2622 γενήσεται
629 2539 670 2604 τὰ
697 2540 780 2623 πρὸς
805 2541 885 2615 τούς
909 2542 1040 2625 Θρᾷκας
1067 2537 1207 2622 εύτρεπη
1230 2549 1276 2625 τῷ

267 2643 511 2730 Κερσοβλέπτη,
534 2641 610 2726 παρ’
633 2643 759 2728 ἡμέραν
777 2639 877 2722 ἔξεστ’
899 2642 987 2730 αὐτῷ
1005 2644 1152 2727 βαδίζειν
1171 2643 1275 2728 ἀσφα-

266 2757 331 2828 λῶς
363 2749 415 2817 έπλ
447 2753 669 2834 Χερρόνησον.
715 2750 825 2834 ὥσπερ
856 2752 920 2835 γὰρ
952 2748 1076 2826 Χαλκὶς
1107 2757 1153 2836 τῷ
1186 2753 1274 2838 τόπῳ

265 2867 323 2940 τῆς
345 2856 491 2940 Εὐβοίας
517 2857 601 2939 πρὸς
627 2864 685 2937 τῆς
707 2858 869 2930 Βοιωτίας
891 2865 1009 2936 κεῖται,
1040 2855 1126 2920 οὕτω
1150 2859 1274 2939 Κερρο-
1355 2923 1365 2950 «

265 2967 372 3046 νήσου
404 2972 508 3028 κεῖται
539 2963 620 3046 πρὸς
651 2970 709 3044 τῆς
738 2957 869 3047 Θρᾴκης
895 2959 916 3045 ή
944 2961 1144 3047 Καρδιανῶν
1171 2964 1274 3037 πόλις.

265 3070 308 3153 ήν
330 3068 371 3135 ὃν
394 3072 460 3153 ἔχει
482 3069 586 3133 τόπον
609 3067 698 3144 ὅστις
719 3063 783 3132 οἷδ’
805 3067 910 3150 ὑμῶν,
933 3060 1010 3133 οὐδ’
1031 3062 1127 3130 ἐκεῖν’
1150 3065 1273 3149 ἀγνοεῖ,

265 3178 356 3252 τίνος
383 3175 492 3240 εἵνεκα
519 3182 636 3257 καιροῦ
663 3176 913 3256 περιπεποίηται
940 3170 995 3237 καλ
1018 3171 1274 3237 διεσπούδασται

215 3299 252 3339 ιει
266 3283 309 3367 μή
338 3283 453 3364 λαβεῖν
475 3279 569 3363 ὑμᾶς.
614 3277 654 3344 δν
677 3279 718 3345 ού
741 3279 1054 3362 συμπαρασκευάσαι
1076 3271 1154 3342 καθ’
1180 3278 1272 3362 ὑμῶν

266 3387 376 3452 αὐτῶν
413 3386 576 3469 ὀφείλετε,
612 3385 695 3449 ἀλλὰ
725 3389 871 3449 κωλῦσαι
902 3378 980 3450 καθ’
1015 3383 1096 3449 ὅσον
1128 3384 1272 3450 δυνατὸν

266 3489 321 3556 καὶ
348 3501 484 3556 σκοπεῖν
511 3490 599 3566 ὅπως
626 3492 670 3575 μή
692 3491 880 3573 γενήσεται,
907 3487 976 3556 ἐπεὶ
999 3490 1051 3555 ὅτι
1073 3482 1104 3573 γ’
1131 3483 1205 3554 οὐδ’
1231 3488 1271 3554 ἂν
