2938 4180
243 157 308 223 150
546 159 644 212 XXIII.
667 155 946 212 ΔΗΜΟΣΘΕΝΟΤΣ

214 321 333 403 ῖαάτής
355 331 408 404 τῆς
429 321 555 404 πόλεως,
579 320 680 406 ἑτέραν
701 321 818 404 έξεῶρεν
841 321 987 385 όπόθεσιν
1008 320 1041 384 έκ
1063 329 1115 402 τής
1138 319 1248 395 οἰκείας

242 419 422 500 δεινότητος,
448 417 488 500 ἣν
513 418 678 483 ἐπιπλέκων
700 420 830 501 ταράττει
851 418 903 482 τόν
926 417 1088 501 ἀκροατήν,
1115 419 1239 497 φάσκων
1248 427 1302 478 021

240 517 409 599 γεγράφθαι
430 517 463 580 τὸ
486 517 627 598 ψήφισμα
649 515 697 579 έπί
715 516 893 603 Χερρονήσῳ
915 526 967 597 τῆς
986 515 1097 590 πόλεως
1115 515 1248 596 σχήματι.

242 612 282 687 ὡς
300 605 357 676 οάν
375 611 447 676 ὄντα
465 613 649 697 ἀμφοτέρων,
666 623 719 676 τοῦ
738 636 767 675 τε
781 613 1003 696 Κερσοβλέπτου
1018 610 1068 675 καί
1081 621 1135 674 τοῦ
1149 612 1247 692 δήμου

241 719 300 772 τῶν
324 705 510 791 Ἀθηναίων,
536 710 715 792 βουλόμενος
742 719 848 773 τοῦτον
874 709 1030 791 ἀποτυχεῖν
1057 718 1109 790 τής
1137 709 1248 790 δωρεᾶς

241 806 440 888 Δημοσθένης
463 807 518 888 τήν
540 807 613 869 κατά
636 806 690 887 τήν
708 806 898 889 Χερρόνησον
920 806 1067 869 ἀπόθεσιν
1088 803 1248 886 έπέθηκευ,

242 905 284 978 είς
302 904 438 983 ὑποψίαν
455 902 536 988 άγων
555 905 624 979 τοὺς
643 903 818 984 ἀκούοντας,
835 903 886 966 καί
903 904 1026 983 φάσκων
1043 903 1073 979 ἐξ
1087 902 1247 985 έπιβοολής

239 995 461 1084 Ἀριστοκράτην
484 1001 660 1085 γεγραφέναι
678 1000 709 1064 τὸ
727 1000 881 1081 ψήφισμα,
903 1001 953 1064 ἵνα
970 1001 1098 1082 μηδενὸς
1115 1009 1174 1063 τῶν
1193 1003 1247 1082 βα-

242 1097 345 1161 σιλέων
362 1097 556 1181 ἀναιροῦντος
574 1099 665 1162 αάτδυ
684 1098 769 1185 φόβῳ
787 1106 839 1177 τῆς
857 1097 968 1172 πόλεως
981 1097 1157 1184 περιπατήσῃ
1171 1101 1247 1180 Κερ-

242 1194 385 1282 σοβλέπτῃ
407 1197 496 1260 πάλιν
518 1197 716 1280 Χερρόνησον.
756 1205 883 1258 τοσαῦτα
904 1195 970 1277 περί
992 1205 1044 1275 της
1067 1194 1248 1269 ὑποθέσεως.

329 1403 460 1489 Μηδεὶς
476 1404 570 1489 ὑμῶν
588 1399 615 1470 ἀι
634 1405 752 1491 ἄνδρες
768 1398 939 1488 Ἀθηναῖοι
957 1406 1077 1489 νομίσῃ
1096 1427 1147 1489 με,
1170 1400 1244 1488 μήτ’

243 1513 330 1588 ίδίας
343 1513 464 1596 ἔχθρας
478 1511 637 1594 μηδεμιᾶς
651 1507 748 1596 εἵνεχ’
765 1510 856 1594 ήκειν
866 1507 1139 1595 Ἀριστοκράτους
1151 1532 1248 1592 κατη-

242 1619 427 1703 γορήσοντα
445 1619 591 1699 τουτουί,
612 1619 691 1700 μήτε
709 1617 828 1700 μικρὸν
847 1615 976 1701 ὁρῶντά
993 1638 1026 1679 τι
1043 1613 1098 1681 καί
1116 1620 1248 1700 φαῦλον

242 1717 404 1810 ἁμάρτημ’
429 1727 548 1805 ἰταμῶς
575 1722 680 1799 οὕτως
707 1719 760 1787 ἐπί
786 1722 893 1811 τούτῳ
920 1722 1080 1808 προάγειν
1106 1720 1248 1807 ἐμαυτὸν

243 1832 290 1908 είς
317 1828 510 1915 ἀπέχθειαν,
544 1825 615 1894 ἀλλ’
647 1835 737 1913 είπερ
765 1822 818 1912 ἀρ’
849 1827 961 1912 ὀρθῶς
988 1827 1051 1912 ἐγὼ
1080 1831 1249 1914 λογίζομαι

242 1934 296 2002 καί
324 1945 451 2016 σκοπῶ,
478 1930 561 2020 ὑπὲρ
588 1944 648 2000 τοῦ
672 1936 886 2022 Χερρόνησον
911 1937 997 2020 ἔχειν
1019 1934 1104 2019 ὑμᾶς
1126 1933 1180 2001 καὶ
1203 1938 1248 2022 μή

242 2039 556 2129 παρακρουσθέντας
593 2040 860 2124 ἀποστερηθῆναι
891 2041 990 2105 πάλιν
1023 2041 1137 2126 αὐτῆς,
1173 2041 1249 2125 περὶ

217 2148 365 2214 ετοάτου
386 2156 450 2212 νῦν
476 2149 550 2231 [μοί
569 2146 670 2229 ἐστιν]
695 2143 793 2212 ἀπασ’
815 2145 836 2231 ή
859 2148 996 2230 σπουδή.
1035 2149 1087 2213 δεῖ
1107 2147 1149 2232 δή
1167 2149 1247 2215 πάν-

243 2278 300 2331 τας
322 2254 416 2339 ὑμᾶς,
439 2254 470 2319 εί
491 2246 649 2336 βούλεσθ’
671 2251 782 2337 ὀρθῶς
800 2251 875 2339 περὶ
893 2254 1020 2318 τούτων
1038 2259 1171 2337 μαθεῖν,
1194 2252 1248 2320 καί

242 2361 324 2425 κατά
342 2362 420 2436 τοὺς
439 2362 561 2444 νόμους
577 2359 711 2434 δικαίως
725 2369 835 2446 κρῖναι
848 2360 909 2443 τήν
921 2361 1065 2444 γραφήν,
1085 2360 1129 2444 μή
1143 2364 1250 2445 μόνον

241 2476 311 2542 τοῖς
329 2462 566 2550 γεγραμμένοις
585 2462 621 2528 έν
639 2472 684 2551 τῷ
703 2467 889 2548 ψηφίσματι
908 2462 1051 2549 βήμασιν
1063 2465 1248 2552 προσέχειν,

243 2571 326 2637 ἀλλὰ
353 2568 407 2636 καί
433 2571 473 2634 τά
495 2567 717 2654 συμβησόμεν’
745 2568 778 2650 ἐξ
801 2570 913 2635 αὐτῶν
938 2583 1081 2636 σκοπεῖν.
1127 2575 1157 2638 εί
1178 2571 1304 2658 mm

242 2679 305 2763 γάρ
333 2672 376 2761 ήν
403 2675 585 2742 ἀκούσασιν
611 2675 715 2752 εὐθὺς
742 2675 866 2741 είδέναι
888 2676 928 2741 τά
950 2678 1248 2764 κεκακουργημένα,

216 2785 305 2868 ετήυ
328 2782 433 2868 ἀρχὴν
456 2787 534 2858 ἴσως
558 2779 599 2847 ἀν
623 2781 683 2846 οὐκ
706 2780 924 2866 ἐξηπάτησθε·
954 2781 1066 2867 ἐπειδὴ
1091 2780 1127 2848 δέ
1148 2783 1245 2852 τοῦθ’

243 2889 281 2955 ἕν
308 2889 376 2955 έστι
403 2899 469 2974 τῶν
496 2887 722 2972 ἀδικημάτων,
749 2888 787 2954 τὸ
814 2898 934 2954 τοῦτον
960 2890 1019 2955 τὸν
1045 2892 1170 2973 τρόπον
1195 2891 1248 2958 καλ

243 2994 352 3079 λέγειν
378 2991 433 3060 καί
460 2993 602 3079 γράφειν
630 2992 754 3075 ένίους,
783 2993 823 3060 δν
849 2993 891 3060 ἀν
918 2992 1029 3078 ἥκισθ’
1055 2995 1149 3081 ὑμεῖς
1176 2997 1249 3064 ὑπί-

244 3101 365 3168 δοισθέ
384 3123 416 3165 τι
438 3098 492 3164 καί
515 3100 737 3184 φυλάξαισθε,
760 3103 919 3186 προσήκει
941 3102 985 3185 μή
1008 3103 1097 3168 πάνυ
1120 3104 1249 3189 θαυμά-

245 3211 321 3291 ζειν,
345 3209 376 3272 εί
396 3204 452 3272 καί
470 3215 569 3271 τοῦτο
587 3207 624 3270 τὸ
643 3203 786 3291 ψήφισμ’
808 3206 900 3290 ήμεῖς
919 3207 1005 3273 οὕτω
1023 3209 1250 3294 γεγραμμένον

246 3312 488 3396 [έπι]δείξομεν,
508 3313 590 3377 ὥστε
610 3312 721 3377 δοκεῖν
739 3309 799 3397 μέν
815 3314 992 3400 Χαριδήμῳ
1009 3318 1163 3399 φυλακήν
1175 3340 1251 3384 τινα

244 3429 305 3485 τοῦ
328 3419 477 3504 σώματος
501 3418 647 3499 διδόναι,
674 3418 736 3502 τήν
759 3419 803 3495 ῶς
826 3419 959 3502 ἀληθῶς
982 3415 1018 3484 δέ
1042 3421 1173 3486 δικαίαν
1195 3423 1250 3489 καλ

246 3522 380 3606 βέβαιον
409 3525 561 3609 φυλακήν
586 3527 799 3611 Χερρονήσου
822 3533 878 3609 τῆς
900 3528 1025 3603 πόλεως
1048 3525 1241 3613 ἀποστερεῖν
