2590 3900
423 177 519 227 RATA
536 175 804 229 Τιηοεελεουε.
1056 173 1122 238 239

111 336 209 417 ἔργον
233 346 378 418 ποιήσαι.
414 336 524 421 ὥσπερ
547 339 665 401 τοίνυν
683 331 709 401 ὦ
729 336 848 419 άνδρες
864 330 1038 420 Ἀθηναῖοι
1056 346 1124 400 τῶν

110 439 186 526 περὶ
218 442 320 506 τάλλα
347 442 543 527 κακούργων
569 444 647 518 τοὺς
674 442 919 526 ὁμολογοῦντας
946 443 1027 506 α”νευ
1054 444 1122 526 κρί-

111 563 193 624 σεως
216 549 367 626 κολάζειν
391 549 427 613 οί
446 551 544 631 νόμοι
566 548 775 631 κελεύουσιν,
804 547 890 614 οὕτω
914 548 1045 613 δίκαιον
1067 544 1123 612 καὶ

109 654 248 737 τούτου,
276 653 388 737 έπειδή
416 657 494 731 τοὺς
521 657 646 738 νόμους
667 665 863 740 κακουργῶν
886 659 1050 736 εἴληπται,
1078 652 1123 736 μή

111 758 231 836 δόντας
259 761 363 842 λόγον
385 755 461 844 μηδ’
488 759 711 844 ἐθελήσαντας
733 759 873 825 άκοῦσοιι
896 757 1124 843 καταψηφίσα-

111 870 205 929 σθαι·
221 866 413 949 ὡμολόγηκε
427 866 490 950 γάρ
504 864 636 954 θατέρῳ
650 868 742 953 νόμςο
756 866 853 930 τόνδε
867 863 973 942 τιθείς
987 864 1124 930 ἀδικεῖν.

72 987 97 1027 ⁶⁶
192 968 265 1035 Ὅτι
283 967 344 1054 μὲν
358 973 475 1036 τοίνυν
488 969 544 1036 καὶ
557 972 646 1055 παρὰ
659 973 798 1046 τούτους
814 973 904 1051 [τοὺς
917 973 1054 1054 νόμους]
1069 966 1125 1034 καὶ

110 1077 199 1161 παρὰ
212 1079 292 1153 τοὺς
310 1075 580 1162 προειρημένους,
599 1074 654 1141 καὶ
672 1084 792 1160 μικροῦ
811 1073 875 1140 δέω
893 1077 981 1161 παρὰ
999 1075 1125 1151 πάντας

110 1184 216 1248 είπεῖν
234 1185 314 1259 τοὺς
333 1184 430 1258 ὄντας
449 1181 486 1247 έν
504 1191 543 1268 τή
562 1184 666 1264 πόλει,
685 1182 805 1266 τέθηκε
824 1182 883 1247 τὸν
896 1184 1013 1266 νόμον,
1033 1175 1126 1264 οἶμαι

111 1288 215 1372 δήλον
230 1288 354 1354 ἅπασιν
372 1287 453 1371 ὑμῖν
469 1283 564 1352 εἶναι.
592 1289 751 1371 θαυμάζω
766 1283 797 1351 δ’
813 1287 917 1353 αὐτοῦ
931 1289 967 1351 τί
976 1290 1034 1352 καί
1045 1308 1123 1352 ποτε

109 1397 268 1479 τολμήσει
286 1391 395 1476 λέγειν
414 1391 490 1478 περὶ
507 1394 645 1459 τούτων.
673 1394 749 1458 οὔτε
764 1395 827 1478 γάρ
842 1393 886 1470 ὡς
900 1393 961 1458 οὐκ
975 1391 1125 1469 ἐναντίος

110 1497 183 1580 ἔσθ’
212 1500 231 1566 ό
255 1502 362 1584 νόμος
380 1509 450 1575 τοῖς
472 1500 585 1575 ἄλλοις
608 1499 774 1565 δεικνύειν
797 1498 871 1581 ἕξει,
895 1495 972 1564 οὔθ’
999 1499 1044 1575 ὡς
1066 1495 1111 1562 δι’
1125 1513 1176 1562 m

110 1605 267 1690 ἀπειρίαν
291 1605 428 1688 ἰδιώτην
451 1605 554 1670 αὐτὸν
577 1606 658 1670 ὄντα
679 1598 769 1669 τοῦτ’
791 1607 913 1670 ἔλαθεν
932 1600 1059 1668 δύναιτ’
1081 1602 1124 1668 δν

108 1723 234 1778 πεῖσαι·
258 1711 358 1801 πάλαι
380 1712 445 1795 γάρ
468 1716 594 1795 μισθοῦ
611 1708 666 1775 καὶ
685 1712 825 1795 γράφων
843 1706 898 1775 καὶ
916 1712 1040 1794 νόμους
1058 1713 1124 1775 είσ-

70 1817 226 1904 ντεφέρων
255 1812 367 1882 διπται.
408 1815 463 1881 καὶ
490 1818 556 1900 μήν
584 1813 657 1882 οὐδ’
683 1815 790 1882 ἐκεῖνό
817 1812 848 1899 γ’
873 1818 1001 1881 ἔνεστιν
1023 1815 1125 1904 αύτςό,

110 1922 256 2008 ἀδίκημα
279 1919 340 2006 μὲν
363 1917 509 1988 εἶναιτὸ
532 1919 654 2007 πρᾶγμ’
681 1921 898 2006 ὁμολογήσαι,
926 1923 1124 2006 συγγνώμης

111 2025 147 2093 δὲ
166 2038 281 2113 τυχεῖν
300 2027 428 2107 ἀξιοῦν·
452 2028 575 2111 οὐγὰρ
595 2029 685 2094 ἄκων
704 2025 778 2093 οὐδ’
799 2025 883 2113 ὑπὲρ
901 2028 1123 2112 ἠτυχηκότων,

110 2131 185 2199 οὐδ’
202 2129 286 2218 ὑπὲρ
305 2143 477 2217 συγγενῶν
495 2132 550 2199 καὶ
569 2133 760 2217 ἀναγκαίων
778 2134 868 2222 αύτῷ
884 2135 1034 2216 τεθηκὼς
1047 2138 1124 2216 φαί-

108 2263 203 2306 νεται
230 2241 290 2305 τὸν
316 2242 436 2324 νόμον,
464 2237 536 2305 ἀλλ’
563 2237 648 2306 ἑκὼν
670 2237 754 2323 ὑπὲρ
777 2237 890 2325 μεγάλ’
917 2240 1124 2325 ἠδικηκότων

109 2346 207 2430 ὑμᾶς,
228 2342 329 2412 οὐδὲν
344 2347 581 2430 προσηκόντων
595 2346 696 2434 αὐτῷ,
714 2347 802 2429 πλὴν
815 2347 847 2411 εί
859 2356 1030 2428 συγγενεῖς
1043 2345 1123 2412 ὑπο-

110 2453 295 2536 λαμβάνειν
319 2450 423 2536 ῳησλν
445 2454 523 2528 τοὺς
545 2450 794 2536 μισθουμένους
817 2451 928 2516 αὐτόν.

70 2577 96 2616 ιε
196 2555 254 2635 Ὡς
276 2561 392 2622 τοίνυν
415 2551 488 2623 οὐδ’
510 2556 696 2640 ἐπιτήδειον
718 2560 825 2642 νόμον
845 2557 925 2641 ὑμῖν
943 2553 1023 2623 οὐδὲ
1041 2574 1124 2643 συμ

109 2659 247 2748 φέροντ’
278 2665 482 2747 εἰσενήνοχε,
514 2661 602 2728 τοῦτ’
634 2664 698 2746 ήδη
727 2663 924 2747 πειράσομαι
951 2663 1030 2729 νυνὶ
1057 2665 1124 2730 δει-
1174 2677 1176 2680 ’

109 2772 237 2836 κνύειν.
283 2765 374 2854 οἶμαι
402 2769 444 2852 δή
472 2769 597 2846 πάντας
624 2767 666 2833 άν
692 2769 778 2853 ὑμᾶς
805 2769 1023 2853 ὁμολογήσαι,
1051 2772 1123 2836 δεῖν

108 2877 171 2942 τὸν
199 2876 311 2961 ὀρθῶς
337 2877 455 2958 ἔχοντα
481 2877 587 2959 νόμον
613 2873 669 2941 καί
696 2877 866 2940 συνοίσειν
893 2875 1054 2959 μέλλοντα
1076 2887 1122 2966 τῷ

109 2985 244 3066 πλήθει,
267 2993 400 3067 πρῶτον
422 2977 483 3064 μὲν
506 2979 616 3058 ἁπλῶς
637 2980 693 3046 καλ
714 2990 795 3046 πᾶσι
813 2986 987 3067 γνωρίμως
1004 2986 1122 3069 γεγρά-

109 3093 211 3170 φθαι,
234 3084 289 3152 καὶ
312 3087 356 3171 μή
378 3094 424 3175 τῷ
448 3084 509 3170 μέν
533 3082 618 3152 εἶναι
636 3085 731 3152 ταυτὶ
749 3085 825 3171 περὶ
843 3087 946 3152 αὐτοῦ
964 3092 1121 3173 νομίζειν,

110 3201 155 3279 τῷ
182 3189 219 3258 δὲ
241 3197 343 3258 ταυτί.
382 3188 480 3257 ἔπειτ’
502 3187 588 3259 εἶναι
610 3194 755 3269 δυνατάς
772 3194 829 3269 τάς
847 3191 990 3278 πράξεις,
1014 3192 1053 3271 δς
1071 3196 1123 3260 δεῖ

108 3301 289 3381 γίγνεσθαι
312 3301 368 3365 διά
390 3308 451 3364 τοῦ
473 3302 592 3383 νόμου·
624 3301 655 3364 εί
675 3300 740 3385 γάρ
763 3293 805 3363 αὖ
828 3304 935 3376 καλῶς
957 3296 1018 3384 μὲν
1040 3303 1121 3385 ἔχοι,

110 3405 155 3487 μὴ
186 3404 331 3472 δυνατὸν
355 3405 395 3473 δέ
414 3427 446 3470 τι
468 3407 602 3489 φράζοι,
630 3406 742 3490 τύχης,
771 3406 812 3471 οὐ
834 3408 941 3490 νόμου
965 3407 1119 3490 διαπράτ-

70 3527 96 3568 ον
109 3504 194 3577 τοιτ’
210 3509 252 3578 δν
270 3513 377 3598 ἔργον.
407 3513 490 3596 πρὸς
509 3508 546 3577 δὲ
559 3511 689 3589 τούτοις
702 3509 820 3596 μηδενὶ
833 3523 900 3577 τῶν
914 3512 1121 3577 ἀδικούντων
