2590 3900
143 136 212 202 306¹
454 141 536 196 xxv.
559 140 839 195 ιιιειοεωεεαουε

142 296 278 384 χηνέναι
303 293 342 366 δὲ
369 297 592 384 συμβέβηκεν,
620 301 667 379 είς
693 301 755 384 τὴν
781 301 901 386 ὁμοίαν
926 299 1020 380 τάξιν
1047 297 1153 386 ἑαυτῷ

142 401 197 484 καί
223 407 440 489 βλασφημίαν
467 407 555 489 ἀγει,
583 405 645 472 οὑκ
672 407 784 492 ὀρθῶς
811 403 891 472 οὐδὲ
914 408 1154 491 προσηκόντως.

100 529 128 570 ιι
143 511 185 576 οὐ
211 511 274 597 γάρ
302 511 419 595 ὅμοιόν
442 510 532 577 ἐστιν
556 508 810 598 Ἀριστογεῖτον,
840 509 919 579 οὐδὲ
941 516 1069 578 πολλοῦ
1092 511 1153 593 δεῖ,
1286 573 1287 584 ,

141 616 317 702 γράψαντά
343 634 381 682 σε
407 627 474 683 τῶν
500 622 646 684 πολιτῶν
672 629 762 704 τρεῖς
789 617 943 704 ἀκρίτους
965 617 1155 683 ἀποκτεῖναι

142 723 277 807 γραφὴν
300 721 425 788 άλῶναι
447 726 661 808 παρανόμων,
684 721 740 789 καὶ
761 725 923 791 τεθνάναι
945 720 1026 788 δέον
1049 715 1079 788 σ’
1101 719 1155 788 ἐπὶ

142 828 245 914 ταύτῃ
266 837 327 894 τοῦ
349 831 528 913 τιμήματος
550 840 678 915 τυχεῖν,
703 829 757 896 καὶ
781 833 883 914 φίλον
905 827 1154 914 ἐγγυησάμενον

141 933 186 1016 μὴ
228 933 397 999 δύνασθαι
440 936 557 1018 ζημίαν
597 934 849 1022 ἀπροσδόκητον
890 933 1051 1018 ἐνεγκεῖν·
1094 932 1154 1018 οὐχ

143 1037 271 1122 ὅμοιον,
295 1039 345 1104 οὔ.
387 1036 494 1106 ἔπειθ’
521 1040 572 1106 ὅτι
594 1042 656 1123 τὴν
678 1043 795 1125 κοινην
818 1043 1088 1126 φιλανθρωπίαν,
1111 1039 1155 1122 ἣν

142 1143 236 1228 ὑμεῖς
262 1141 343 1230 ἔχετ’
370 1145 407 1212 ἐκ
433 1146 566 1230 φύσεως
594 1147 677 1231 πρὸς
699 1147 878 1230 ἀλλήλους,
905 1141 1003 1224 οὗτος
1026 1146 1158 1231 ἀναιρεῖ

142 1247 198 1314 καὶ
221 1251 419 1335 διαφθείρει.
455 1251 549 1335 ὑμεῖς
571 1253 635 1336 γάρ
659 1247 685 1318 ὦ
707 1254 828 1337 ἄνδρες
848 1248 1022 1336 Ἀθηναῖοι
1039 1261 1079 1337 τῇ
1096 1260 1155 1336 της

143 1356 290 1440 φάσεως,
319 1357 398 1441 ὅπερ
426 1352 537 1440 εἶπον,
568 1359 733 1444 χρώμενοι
761 1360 1014 1444 φιλανθρωπία,
1044 1358 1155 1442 ὥσπερ
1213 1370 1217 1376 “

143 1461 181 1526 αί
209 1460 397 1545 συγγένειαι
427 1464 487 1540 τὰς
517 1464 604 1541 ίδίας
637 1466 788 1530 οίιιοῦσιν
820 1465 941 1546 οίκίας,
974 1463 1061 1529 οὑτω
1091 1464 1154 1547 τὴν

103 1586 129 1628 ιε
142 1568 240 1642 πόλιν
264 1569 382 1634 οίιιεῖτε
406 1570 557 1656 δημοσίᾳ.
600 1579 671 1648 πῶς
694 1565 757 1636 οὑν
779 1569 916 1648 ἐκείναις
940 1570 1034 1636 ὅπου.
1047 1573 1156 1654 πατήρ

143 1673 212 1740 ἐστι
238 1671 294 1739 καὶ
320 1674 404 1751 υίεῖς
431 1675 566 1759 ἀνδρες,
595 1676 699 1760 τυχὸν
726 1671 763 1742 δέ
790 1673 846 1742 καὶ
872 1677 1001 1742 τούτων
1027 1678 1154 1759 παῖδες,

143 1773 278 1856 ἐνταῦθ’
305 1779 430 1864 ἀνάγκη
458 1782 582 1858 πολλὰς
608 1780 663 1846 καὶ
690 1778 796 1866 μηδὲν
824 1781 939 1867 ὁμοίας
966 1777 1052 1848 εἶναι
1075 1786 1154 1865 βου-
1196 1835 1198 1844 s

143 1887 265 1969 λησεις·
299 1885 340 1951 οὑ
371 1886 435 1970 γάρ
467 1897 535 1953 τῶν
566 1887 677 1952 αὑτῶν
705 1889 781 1954 οὔτε
808 1891 918 1971 λόγων
946 1885 1015 1954 οὔτ’
1047 1891 1155 1972 ἔργων

142 1989 271 2076 ἐστὶνη
295 1993 411 2075 νεότης
432 2001 477 2078 τῷ
500 1995 596 2079 γήρᾳ.
632 1987 704 2058 ἀλλ’
731 1993 819 2078 ὅμως
841 1994 932 2059 οἵτε
953 1991 1025 2059 νέοι
1047 1991 1151 2060 πάνθ’

142 2090 194 2161 ὑπ’
219 2094 262 2161 ἀν
283 2097 487 2182 πράττωσιν,
513 2099 616 2182 άνπερ
640 2094 723 2164 ὦσιν
746 2097 884 2183 μέτριοι,
908 2098 995 2165 οὑτω
1017 2097 1149 2166 ποιοῦσ’

143 2202 226 2270 ὥστε
249 2202 390 2286 μάλιστα
412 2200 474 2288 μὲν
492 2211 674 2287 πειρᾶσθαι
692 2205 886 2288 λανθάνειν,
909 2206 941 2270 εί
957 2202 995 2271 δὲ
1012 2206 1068 2290 μὴ,
1091 2230 1154 2291 φα-

141 2309 239 2389 νεροί
258 2303 290 2391 γ’
313 2304 398 2380 εἶναι
420 2319 519 2376 τοῦτο
542 2311 742 2394 βουλόμενοι
763 2321 885 2375 ποιεῖν·
909 2311 945 2376 οἵ
959 2334 994 2376 τε
1012 2313 1155 2395 πρεσβύ-

142 2437 233 2498 τεροι
254 2413 382 2497 πάλιν,
414 2413 467 2480 δυ’
482 2412 551 2498 πάρ’.
573 2415 692 2480 ίδωσιν
723 2414 743 2499 ἢ
777 2416 928 2506 δαπάνην
956 2415 976 2501 ἢ
1003 2417 1154 2500 πότονῆ

142 2521 281 2596 παιδιάν
308 2522 410 2584 πλείω
433 2528 492 2603 τῆς
514 2523 662 2604 μετρίας,
691 2519 777 2586 οὑτω
800 2513 899 2586 ταῦθ’
925 2521 1049 2605 δρῶσιν
1072 2523 1155 2590 ὥστε

142 2627 187 2711 μὴ
211 2627 323 2692 δοκεῖν
345 2623 526 2709 ἑορακέναι.
563 2625 600 2692 ἐκ
623 2622 660 2692 δὲ
682 2626 811 2692 τούτων
831 2629 982 2709 γίγνεταί
996 2651 1031 2693 τε
1050 2624 1152 2694 πάνθ’

101 2730 164 2800 ωδ
187 2729 351 2816 φέρουσιν
373 2731 411 2796 αί
430 2731 548 2814 φάσεις
570 2729 626 2814 καὶ
648 2736 755 2808 καλῶς
773 2735 930 2815 γίγνεται.
966 2733 1025 2798 τὸν
1043 2733 1206 2800 αὑτὸνῖετ

141 2841 260 2922 τοίνυν
290 2838 415 2920 τρόπον
445 2836 541 2921 ,ὑμεῖς
571 2832 596 2902 ὦ
625 2838 744 2923 ἀνδρες
767 2833 953 2921 Ἀθηναῖοι
969 2839 1030 2922 την
1057 2841 1155 2906 πόλιν

143 2943 261 3010 οἰκεῖτε
293 2953 495 3026 συγγενικῶς
522 2940 577 3008 καὶ
605 2944 869 3030 φιλανθρώπως,
902 2944 939 3010 οί
962 2941 1023 3028 μὲν
1051 2944 1155 3023 οὑτως

142 3049 285 3134 δρῶντες
311 3050 458 3128 τάτῶυ,
472 3048 693 3132 ἠτυχηκότων
707 3052 802 3133 ἔργα,
830 3049 928 3133 ὥστε,
955 3052 993 3117 τὸ
1016 3061 1075 3136 τῆς
1094 3073 1155 3117 πα-Ι

133 3153 459 3239 ·ροιμίας,·ὑρῶντες
487 3155 532 3238 μὴ
556 3154 639 3238 ὁρᾶν
662 3154 718 3220 καὶ
743 3155 920 3234 ἀκούοντες
942 3157 986 3240 μὴ
1011 3157 1156 3240 ἀκούειν,

142 3259 179 3325 οί
199 3257 228 3323 δ’
255 3258 345 3324 οὑτω
367 3268 541 3336 ποιοῦντες
564 3259 585 3326 ὑ
608 3262 820 3346 πράττουσιν,
845 3259 922 3327 ὥστ’
946 3257 1033 3328 εἶναι
1055 3287 1156 3348 φανε·Ι

143 3359 197 3441 ροὶ
219 3361 541 3448 καὶ-φυλαττόμενοι
562 3365 618 3432 καὶ
637 3369 880 3453 αἰσχυνόμενοι.
918 3367 954 3434 ἐκ
971 3365 1010 3435 δὲ
1026 3370 1155 3435 τούτων

7 3455 9 3540 ἶ
144 3462 163 3543 ἡ
186 3468 281 3548 κοινὴ
303 3467 359 3533 καὶ
381 3470 517 3536 πάντων
539 3482 607 3538 τῶν
629 3471 770 3556 ἀγαθῶν
789 3475 877 3540 αίτία
894 3482 934 3559 τῇ
953 3479 1047 3540 πόλει
1064 3474 1157 3559 μένει
