2612 3918
176 165 218 230 '14
488 169 560 222 m
585 166 865 221 ΔΗιιοεοεωιοεα

173 323 280 412 μηδὲν
316 327 524 412 ἀνηλωκότα,
562 327 612 395 ὅτι
644 351 690 416 τφ
722 325 947 412 προσέκρουσε
979 323 1034 392 καὶ
1066 324 1189 411 ἐχθρὸς

175 431 312 518 ὑπῆρχε,
334 442 455 500 τοῦτον
478 432 699 499 ἀναλίσκοντα
717 428 912 518 χορηγοῦντ’
936 429 1087 515 ἐπίτιμον
1106 433 1188 498 όντα

175 540 429 624 προπηλακίζειν
451 535 506 603 καὶ
528 525 678 620 τύπτειν,
708 536 764 603 καλ
787 540 867 623 μήτε
889 545 948 622 τῆς
969 535 1084 621 ἑορτῆς
1106 540 1188 622 μήτε
1299 587 1300 596 ι

174 655 243 710 τῶν
265 647 378 730 νόμων
400 646 480 730 μήτε
503 645 539 709 τί
557 642 650 728 ὑμεῖς
673 642 775 730 ἐρεῖτε
797 646 877 730 μήτε
899 650 961 709 τοῦ
978 648 1064 708 θεοῦ
1082 665 1189 728 φρον-

175 752 283 828 νίζειν.

133 871 162 913 ⁴²
266 859 409 922 Πολλῶν
433 859 550 923 τοίνυν
573 851 600 922 ὦ
623 857 743 941 ἄνδρες
761 853 935 940 Ἀθηναῖοι
957 854 1189 940 γεγενημένων

176 960 309 1048 ἐχθρῶν
331 961 495 1047 ἀλλήλοις,
519 961 562 1027 οὐ
585 964 690 1048 μόνον
713 960 746 1041 ἐξ
771 963 867 1027 ίδίων
890 961 973 1027 ἀλλὰ
992 959 1047 1027 καὶ
1066 960 1102 1027 ἐκ
1119 984 1189 1026 κοι-

176 1078 247 1133 νῶν
267 1069 484 1153 πραγμάτων,
508 1066 620 1145 οὐδεὶς
641 1064 765 1135 πώποτ’
792 1069 839 1146 είς
861 1063 992 1134 τοσοῦτ’
1019 1066 1189 1145 ἀναιδείας

177 1172 330 1257 ἀφίκετο,
363 1174 445 1239 ὥστε
477 1175 631 1240 τοιοῦτόν
662 1197 694 1239 τι
724 1178 886 1259 τολμῆσαι
918 1183 1034 1239 ποιεῖν.
1079 1177 1189 1240 καίτοι

176 1276 282 1362 φασίν
306 1277 495 1364 Ἰφικράτην
521 1273 594 1345 ποτ’
625 1278 752 1346 ἐκεῖνον
779 1284 919 1345 Διοκλεῖ
942 1286 988 1368 τῷ
1017 1284 1125 1344 Πνθεῖ
1147 1280 1189 1345 τὰ

176 1381 305 1470 μάλιστ’
336 1383 449 1451 ἐλθεῖν
476 1388 523 1463 είς
548 1388 689 1471 ἔχθραν,
716 1382 772 1451 καὶ
798 1387 846 1451 ἔτι
873 1386 955 1471 πρὸς
977 1385 1083 1474 τούτω
1107 1403 1189 1469 συμ·

176 1493 276 1575 βῆναι
302 1493 437 1556 Τεισίαν
459 1491 518 1556 τὸν
539 1485 745 1576 Ἰφικράτους
765 1491 913 1575 ἀδελφὸν
931 1489 1189 1575 ἀντιχορηγῆσαι

176 1606 222 1684 τῷ
242 1600 387 1662 Διοκλεῖ.
423 1590 496 1662 ἀλλ’
518 1597 607 1681 ὅμως
629 1599 773 1674 πολλοὺς
791 1593 852 1682 μὲν
871 1599 956 1682 ἔχων
973 1597 1093 1679 φίλους
1108 1593 1188 1679 Ἰφι-

177 1704 309 1788 κράτης,
331 1703 437 1767 πολλά
460 1697 498 1767 δὲ
521 1703 670 1786 χρήματα
690 1700 898 1787 κεκτημένος,
921 1712 1059 1786 φρονῶν
1078 1695 1110 1765 δ’
1131 1698 1185 1785 ἐφ’

178 1808 267 1894 αὑτῷ
300 1812 497 1889 τηλικοῦτον
528 1805 646 1890 ἡλίκον
678 1808 765 1883 είκὸς
795 1808 902 1891 ἀνδρα
929 1804 984 1872 καὶ
1011 1806 1109 1890 δόξης
1135 1809 1193 1872 καὶ-

134 1931 165 1972 ω
179 1925 284 1998 τιμῶν
306 1909 499 1997 τετυχηκόθ’
527 1906 579 1988 ὧνΙ
599 1911 724 1989 ἐκεῖνος
746 1912 865 1995 ἠξίωτο
887 1905 964 1996 παρ’
990 1911 1099 1995 ὑμῶν,
1127 1913 1190 1978 οὐκ

179 2015 300 2104 ἐβάδιζ’
327 2015 379 2082 ἐπὶ
406 2018 465 2094 τὰς
491 2028 558 2083 τῶν
582 2020 775 2102 χρυσοχόων
798 2019 904 2095 οίκίας
925 2018 1071 2103 νύκτωρ,
1098 2015 1246 2084 omma

178 2127 424 2210 κατερρήγνυεν
450 2123 491 2188 τὰ
514 2118 812 2209 παρασκευαζόμεν’
839 2117 938 2208 ίμάτί
963 2125 1011 2201 είς
1032 2124 1094 2208 τήν
1117 2122 1190 2208 ἑορ-

178 2233 255 2316 τήν,
282 2225 362 2295 οὐδὲ
391 2227 563 2314 διέφθειρε
588 2230 805 2311 διδάσκαλον,
834 2226 914 2296 οὐδὲ
935 2231 1038 2316 χορὸν
1060 2231 1190 2315 μανθά-

179 2361 251 2404 νειν
278 2336 438 2418 ἐκώλυεν,
467 2331 546 2401 οὐδὲ
573 2345 640 2399 τῶν
667 2335 777 2401 ἀλλων
805 2330 906 2401 οὐδὲν
932 2330 980 2401 ὧν
1003 2330 1101 2414 οὗτος
1123 2339 1191 2404 διε-

179 2440 328 2529 πράττετ’
355 2441 475 2523 ἐποίει,
504 2439 587 2506 ἀλλδι
612 2450 684 2517 τοῖς
709 2443 826 2525 νόμοις
849 2438 904 2506 καί
926 2451 966 2527 τῆ
989 2443 1191 2508 τῶνᾶλλων

180 2550 337 2634 βουλήσει
360 2557 554 2633 συγχωρῶν,
578 2545 725 2631 ἠνείχετο
749 2544 805 2612 καὶ
827 2558 970 2613 νικῶντα
992 2545 1048 2614 καλ
1069 2565 1190 2633 στεφα-

180 2656 346 2739 νούμενον
367 2655 428 2718 τὸν
449 2651 574 2736 ἐχθρὸν
597 2649 700 2736 ὁρῶν,
723 2653 868 2729 εἰκότως·
900 2652 939 2719 ἐν
959 2645 982 2739 ἠ
1004 2654 1068 2737 γάρ
1091 2653 1192 2732 αὐτὸς

181 2760 349 2846 εὐδαίμων
371 2757 445 2846 ᾔδει
466 2759 613 2842 γεγονὼς
635 2760 794 2846 πολιτείᾳ,
819 2759 921 2844 ταότη
944 2771 1129 2845 συγχωρεῖν
1150 2762 1191 2827 τά

136 2887 168 2928 ει
181 2859 306 2932 τοιαῦτ’
331 2864 435 2950 ἠξίου.
480 2864 581 2930 πάλιν
608 2866 836 2949 Φιλόστρατον
862 2864 981 2943 πάντες
1008 2871 1104 2951 ίσμεν
1130 2867 1191 2932 τδν

181 2976 388 3058 Κολωνῆθεν
411 2973 562 3057 Χαβρίου
587 2979 852 3055 κατηγοροῦντα,
880 2967 928 3035 ὅτ’
956 2970 1102 3056 ἐκρίνετο
1128 2973 1192 3056 τήν

180 3078 256 3166 περὶ
276 3074 428 3165 Ὠρωποῦ
450 3080 561 3162 κρίσιν
582 3077 746 3160 θανάτου,
771 3074 826 3142 καὶ
848 3076 983 3142 πάντων
1004 3087 1073 3142 τῶν
1094 3101 1191 3164 κατη-

66 3171 70 3176 ’
181 3189 293 3273 γόρων
321 3187 520 3271 πικρότατον
546 3185 742 3268 γενόμενον,
774 3178 830 3248 καλ
857 3183 937 3266 μετὰ
962 3190 1066 3248 ταῦτα
1092 3207 1191 3271 χορη·

181 3301 306 3378 γοῦντα
337 3287 452 3357 παισὶν
485 3288 652 3355 Διονύσια
683 3286 738 3354 καὶ
767 3299 925 3371 νικῶντα,
958 3285 1014 3354 καὶ
1040 3277 1193 3375 Χαβρίαν

183 3399 258 3464 οῦτε
280 3398 455 3479 τῦπτοντα,
479 3391 548 3461 οὔτ’
576 3393 810 3479 ἀφαρπάζοντα
832 3394 891 3459 τὸν
909 3392 1087 3478 στέφανον,
1111 3389 1190 3462 οὔθ’

137 3522 170 3562 ω
183 3504 268 3580 όλως
290 3498 466 3589 προσιόνθ’
493 3501 570 3567 όποι
591 3499 637 3586 μή
660 3508 826 3584 προσῆκεν
848 3497 946 3588 αὐτῷ.
989 3502 1135 3581 πολλοῦς
1157 3497 1188 3568 δ’
