2614 3904
189 157 255 222 382
486 162 598 214 XXXII.
621 159 901 214 ΔΗΜΟΣΘΕΝΟΥΣ

185 313 344 403 Ἀθήναζε
376 321 438 403 τήν
469 329 555 386 ναῦν
585 326 777 404 καταπλεῖν,
810 321 954 407 ὅθενπερ
982 321 1130 405 ἀνήχθη,
1165 321 1211 387 ὃν

189 423 262 490 οὐδ’
290 423 331 490 ἀν
360 417 406 502 είς
434 425 548 491 ἐλθεῖν
576 425 659 513 ᾤετο
688 429 788 509 δεῦρο
816 432 977 512 τολμήσαι
1003 427 1142 492 τοιαῦτα
1171 422 1207 510 γ’
1289 445 1290 472 ³

188 529 458 616 ἐσκευωρημένον
480 530 537 598 καί
559 535 770 616 πεποιηκότα,
794 527 891 610 οὗτος
915 529 941 598 ὦ
964 534 1085 617 ἄνδρες
1104 530 1210 617 Ἀθη-

187 649 277 704 ναῖοι
295 647 457 704 τοσοῦτον
476 637 720 723 ὑπερβέβληκεν
739 638 889 725 ἀναιδείᾳ
908 637 963 704 καί
981 643 1096 724 τόλμη,
1121 637 1206 704 ὥστ’

188 743 250 810 οὐκ
271 743 434 827 ἐλήλυθεν
453 747 569 829 μόνον,
593 743 676 810 ἀλλὰ
695 742 828 810 καὶτοῦ
847 747 943 810 σίτου
961 752 1021 809 τοῦ
1039 743 1210 828 ἡμετέρου

187 849 440 934 ἀμφισβητήσας
464 849 542 933 ἡμῖν
566 851 664 932 δίκην
687 852 913 935 προσείληχεν.

150 973 175 1013 1⁰
281 959 324 1022 Τί
339 951 402 1021 οὖν
420 950 492 1021 ποτ’
511 954 580 1020 ἐστὶ
598 957 635 1022 τὸ
655 961 773 1037 αίτιον,
792 953 848 1022 καὶ
865 963 911 1042 τῷ
930 947 1002 1020 ποτ’
1019 953 1208 1041 ἐπηρμένος
1289 969 1290 1046 ἦ

187 1054 286 1138 οὗτος
312 1057 368 1126 καί
395 1059 538 1145 ἐλήλυθε
566 1058 619 1127 καὶ
647 1063 709 1145 τήν
737 1062 834 1144 δίκην
861 1066 1004 1146 εῖληχεν;
1034 1060 1097 1143 ἐγὼ
1121 1061 1207 1145 ὑμῖν

187 1166 251 1252 ἐρῶ
275 1168 394 1252 ἀνδρες
418 1168 585 1249 δικασταί,
614 1166 801 1252 ἀχθόμενος
824 1163 885 1252 μὲν
907 1168 949 1250 νή
972 1169 1033 1233 τὸν
1054 1171 1123 1232 Δία
1146 1167 1206 1234 καί

187 1273 301 1355 θεούς,
320 1272 585 1357 ἀναγκαζόμενος
599 1272 644 1339 δέ.
673 1277 765 1338 ἔστιν
778 1273 996 1356 ἐργαστήριον
1011 1279 1196 1358 μοχθηρῶν
1207 1287 1255 1335 885

188 1377 379 1464 ἀνθρώπων
412 1381 662 1460 συνεστηκότων
695 1379 733 1446 ἐν
764 1387 809 1467 τῷ
838 1385 1004 1460 Πειραιεῖ·
1037 1378 1096 1455 οὓς
1126 1376 1203 1445 οὐδ’

149 1504 173 1545 u
187 1483 280 1569 ὑμεῖς
312 1481 502 1568 ἀγνοήσαιτ’
535 1482 578 1550 ἀν
611 1486 747 1563 ἰδόντες.
792 1485 828 1552 ἐκ
857 1486 987 1551 τούτων
1019 1479 1079 1567 ἕν’,
1111 1485 1201 1570 ἡνίχ’

188 1584 285 1668 οὗτος
312 1594 470 1676 ἔπραττεν
498 1592 585 1668 ὅπως
612 1591 633 1674 ἡ
659 1601 742 1668 ναῦς
765 1593 808 1676 μή
832 1592 1065 1658 καταλεύσεται
1082 1593 1203 1677 δεῦρο,

187 1696 393 1781 πρεσβευτήν
417 1695 453 1762 ἐκ
475 1699 599 1780 βουλῆς
621 1720 696 1762 τινα
719 1697 932 1781 λαμβάνομεν
955 1697 1126 1782 γνώριμον
1146 1699 1203 1764 οὑ-

186 1805 279 1884 τωσί,
302 1801 321 1866 ὅ
345 1826 375 1867 τι
399 1795 430 1868 δ’
456 1797 499 1884 ήν
523 1801 585 1867 οὐκ
608 1803 742 1884 είδότες,
766 1799 902 1887 ἀτύχημ’
929 1799 1030 1868 οὐδὲν
1053 1806 1202 1888 ἔλαττον,

188 1909 220 1972 εί
236 1899 310 1973 οἷόν
327 1901 355 1973 τ’
378 1910 494 1990 εἰπεῖν,
519 1907 749 1992 ἀτυχήσαντες,
773 1907 850 1992 ήτὸ
869 1908 902 1987 ἐξ
921 1908 1023 1994 ἀρχῆς
1041 1923 1203 1995 πονηροῖς

187 2013 380 2099 ἀνθρώποις
413 2015 595 2098 συμμεῖξαι.
643 2008 740 2090 οὗτος
768 2014 786 2080 6
813 2013 980 2099 πεμφθεὶς
1005 2013 1064 2099 ὑφ’
1097 2016 1201 2101 ήμῶν,

184 2113 389 2204 Ἀριστοφῶν
413 2115 508 2204 ὄνομ’
534 2113 639 2209 αὐτῷ,
667 2119 704 2198 δς
730 2118 786 2186 καὶ
812 2123 852 2186 τά
879 2131 940 2187 τοῦ
967 2125 1201 2199 Μικκαλίωνος

186 2223 348 2309 πράγματ’
367 2224 590 2310 ἐσκευώρηται
606 2226 721 2310 (ταῦτα
735 2227 798 2310 γάρ
813 2235 877 2292 νῦν
892 2226 1082 2310 ἀκούομεν),
1101 2227 1200 2310 ήργο-

186 2333 331 2415 λάβηκεν
363 2330 462 2406 αὐτὸς
494 2327 548 2394 καὶ
580 2334 836 2416 κατεπήγγελται
865 2336 1001 2420 τουτωί,
1033 2330 1089 2398 καὶ
1116 2333 1202 2411 ὅλωςἲ

187 2435 277 2505 ἐστὶν
296 2436 314 2502 6
333 2437 441 2501 πάντα
459 2437 612 2521 πράττων
632 2431 741 2513 οὗτος·
763 2435 817 2502 ὁδὶ
836 2435 867 2502 δ’
890 2439 1031 2522 ἀσμενος
1050 2437 1199 2506 δέδεκται

147 2562 173 2601 ιν
186 2554 297 2610 ταῦτα.
335 2543 379 2620 ὡς
401 2543 465 2628 γάρ
490 2544 647 2626 διήμαρτε
670 2553 731 2608 τοῦ
754 2544 986 2628 διαφθαρῆναι
1008 2544 1045 2608 τὸ
1069 2549 1198 2628 πλοῖον,

187 2649 248 2714 οὐκ
276 2651 360 2732 ἔχων
386 2648 574 2714 ἀποδοῦναι
596 2649 636 2713 τά
659 2653 807 2732 χρήματα
829 2661 899 2726 τοῖς
922 2649 1094 2714 δανείσασι
1117 2649 1199 2736 (πῶς

185 2757 261 2840 γὰρ,
285 2755 306 2820 ά
324 2752 356 2838 γ’
380 2754 413 2834 ἐξ
432 2754 533 2839 ἀρχῆς
552 2756 596 2839 μή
616 2752 784 2842 ἐνέθετος)
804 2755 1019 2820 ἀντιποιεῖται
1036 2766 1104 2820 τῶν
1122 2755 1197 2840 ήμε-

16 2859 17 2862 '
185 2858 376 2946 τέρων,.καὶ
396 2859 479 2945 φησί
496 2870 543 2947 τῷ
558 2857 766 2949 Ἡγεστράτῳ
787 2859 840 2926 ε’πὶ
858 2863 964 2950 τούτῳ
982 2869 1028 2948 τῷ
1048 2865 1127 2950 σίτφ
1148 2864 1198 2927 δε-

107 2951 109 2956 ’
187 2967 384 3050 δανεικέναι,
408 2966 448 3032 δν
472 2966 490 3031 6
513 2963 590 3049 παρ’
618 2965 711 3051 ήμῶν
735 2966 899 3032 ἐπιπλέων
922 2966 1065 3049 ἐπρίατο.
1106 2967 1141 3032 οί
1161 2964 1197 3033 δὲ

186 3071 355 3138 δανεισταὶ
386 3073 424 3138 τὸ
457 3073 489 3151 ἐξ
522 3071 623 3158 ἀρχῆς
650 3072 868 3158 ἠπατημένοι,
900 3072 1043 3155 ὁρῶντες
1070 3071 1197 3151 ἑαυτοῖς

185 3177 258 3244 ἀντὶ
302 3191 368 3244 τῶν
409 3179 586 3264 χρημάτων
627 3181 810 3263 άνθρωπον
851 3180 1000 3262 πονηρὸν
1040 3182 1195 3263 χρήστην,

185 3287 266 3350 άλλο
291 3279 321 3349 δ’
348 3284 464 3367 οὐδέν,
493 3283 597 3350 ἐλπίδ’
627 3289 756 3370 ἔχοντες
778 3285 843 3350 ὑπὸ
865 3286 988 3349 τούτου
1009 3306 1195 3370 παρακρου-

185 3389 337 3455 σθέντων
378 3390 472 3476 ὑμῶν
510 3390 545 3456 ἐκ
581 3403 648 3456 τῶν
684 3389 852 3476 ἡμετέρων
889 3390 1121 3473 ἀπολήψεσθαι
1156 3393 1194 3458 τά

185 3493 332 3577 ἑαυτῶν,
373 3495 413 3560 δν
454 3502 544 3560 ίσασι
580 3499 789 3582 ψευδόμενον
824 3506 927 3562 ταῦτα
962 3489 1046 3561 καθ’
1085 3495 1193 3580 ήμῶν,
