2644 4182
471 478 570 530 Πεοα
588 480 791 533 ΛΕΠΉΝΗΝ.
1096 481 1139 545 29

122 640 160 700 ελ
186 657 274 712 τινες
305 637 433 703 τούτων
464 647 531 702 τῶν
560 641 838 723 τετελευτηκότων
865 639 1001 724 λάβοιεν
1028 643 1139 729 τρόπω

124 737 191 805 τινί
213 749 275 806 τοῦ
297 741 379 808 νυνὶ,
398 741 599 827 γιγνομένου
621 747 812 831 πράγματος
835 752 1006 830 αίσθησιν,
1030 747 1074 824 ὡς
1096 744 1139 812 ἀν

1 815 2 846 ¹
122 848 258 924 εἰκότως
290 847 561 934 ἀγανακτήσειαν.
610 853 642 916 εί
671 853 735 934 γάρ
768 847 816 918 ὧν
845 855 930 939 ἔργῳ
958 856 1138 936 πεποίηκεν

123 951 260 1030 ἕκαστος
287 955 397 1020 αὐτῶν
423 955 509 1040 ὑμᾶς
536 951 590 1039 εὖ,
618 959 746 1023 τούτων
773 957 809 1023 ἐκ
831 961 935 1041 λόγου
949 962 1066 1043 κρίσις
1087 963 1138 1041 γί-

123 1082 246 1142 γνεται,
272 1058 327 1126 καὶ
349 1062 390 1126 τά
408 1067 519 1138 καλῶς
541 1061 730 1148 πραχθένθ’
756 1060 812 1128 ὑπ’
839 1063 984 1146 ἐκείνων,
1009 1062 1051 1129 ἀν
1072 1061 1134 1148 ὑφ’

123 1164 218 1248 ἡμῶν
241 1167 284 1250 μὴ
308 1172 415 1243 καλῶς
438 1168 528 1252 ῥηθῇ
551 1177 596 1256 τῷ
616 1171 714 1256 λόγῳ,
738 1169 845 1253 μάτην
862 1180 932 1246 τοις
949 1171 1137 1252 πονήσασιν

124 1276 311 1356 εἴργασται,
333 1283 402 1350 πῶς
425 1272 467 1338 ού
490 1275 584 1338 δεινά
606 1275 807 1358 πάσχουσιν;
939 1337 941 1341 ,

83 1393 110 1434 ⁸⁸
205 1375 277 1442 Ἵνα
308 1379 425 1441 τοίνυν
457 1371 559 1460 εἰδῆτ’
595 1373 622 1443 όι
650 1379 769 1463 ἀνδρες
792 1376 982 1464 Ἀθηναῖοι,
1014 1379 1065 1444 ὅτι
1093 1381 1137 1456 ὡς

124 1483 259 1565 άληθῶς
281 1479 333 1548 έπὶ
355 1491 436 1548 πᾶσι
455 1483 596 1561 δικαίοις
613 1485 801 1569 ποιούμεθα
819 1488 898 1562 τοὺς
916 1488 1037 1570 λόγους
1054 1486 1136 1551 πάν-

123 1610 192 1671 τας,
216 1588 275 1665 οὓς
297 1586 436 1673 λέγομεν
458 1590 541 1675 πρὸς
563 1573 658 1673 ὑμάς,
681 1589 737 1656 καὶ
760 1587 862 1657 οὐδέν
885 1585 959 1657 ἔσθ’
981 1592 999 1657 ὅ
1021 1615 1054 1656 τι
1076 1601 1137 1658 τοῦ

123 1695 421 1780 παρακρούσασθαι
458 1693 513 1760 καὶ
549 1698 727 1779 φενακίσαι
763 1695 891 1780 λέγεται
926 1692 1003 1778 παρ’
1041 1696 1135 1781 ἡμῶν

122 1801 244 1882 εἵνεκα,
267 1798 493 1882 ἀναγνώσεται
515 1802 575 1866 τὸν
596 1803 702 1885 νόμον
725 1800 820 1886 ὑμῖν,
844 1801 884 1867 δν
906 1803 1188 1888 παρεισφέρο-εεε

123 1930 185 1991 μεν
215 1904 402 1989 γράψαντες
430 1904 504 1971 ἀντὶ
530 1908 646 1988 τοῦδε,
678 1906 719 1972 δν
747 1908 809 1974 οὐκ
836 1908 1023 1990 ἐπιτήδειον
1050 1905 1139 1976 εἶναί

122 2035 242 2097 φαμεν.
283 2011 456 2094 γνόσεσθε
479 2013 542 2095 γάρ
566 2011 601 2077 έκ
623 2012 745 2078 τούτου
767 2015 931 2100 πρόνοιάν
952 2010 1017 2080 τιν’
1043 2019 1134 2100 έχον-

122 2141 180 2197 τας
203 2118 301 2203 ἡμᾶς,
328 2114 383 2182 καὶ
406 2117 495 2194 ὅπως
516 2117 610 2202 ὑμεῖς
632 2116 737 2204 μηδὲν
760 2122 898 2204 αἰσχρὸν
920 2129 1056 2204 ποιησαι
1079 2123 1134 2187 δό-

124 2225 208 2308 ξετε,
236 2220 291 2289 καὶ
319 2223 422 2305 ὅπως,
450 2229 484 2288 εί
506 2225 582 2289 τινά
608 2247 659 2300 τις
681 2225 924 2310 καταμέμφεται
946 2237 1015 2291 τῶν
1038 2227 1134 2313 εὑρη-

124 2329 234 2415 μένων
260 2329 318 2405 τάς
345 2329 499 2414 δωρειάς,
528 2327 571 2394 ἀν
594 2331 725 2396 δίκαιον
748 2322 784 2416 ᾗ,
812 2335 927 2417 κρίνας
949 2330 1026 2417 παρ’
1054 2333 1134 2418 ὑμῖν

124 2435 353 2521 ἀφαιρήσεται,
374 2433 430 2500 καὶ
453 2435 551 2518 ὅπως,
575 2435 634 2512 οὓς
656 2434 768 2514 οὐδεὶς
790 2435 832 2502 ἀν
855 2436 1002 2503 ἀντείποι
1025 2439 1069 2523 μὴ
1093 2439 1134 2504 ού

83 2559 110 2599 ⁸⁹
125 2543 197 2607 δεῖν
228 2543 330 2626 ἔχειν,
363 2539 495 2620 ἕξουσιν
526 2542 566 2606 τά
596 2539 749 2608 δοθέντα.
795 2541 851 2607 καὶ
878 2544 1006 2609 τούτων
1033 2540 1134 2610 οὐδέν

123 2649 240 2714 καινὸν
259 2643 332 2714 οὐδ’
353 2641 478 2731 εὕρημ’-
491 2646 663 2732 ἡμέτερον,
683 2645 754 2714 ἀλλ’
772 2647 790 2713 ὁ
809 2651 958 2731 παλαιὸς,
977 2649 1017 2716 ὃν
1036 2645 1134 2727 οὗτος

122 2753 265 2839 παρέβη,
296 2755 399 2836 νόμος
428 2753 516 2818 ούτω
543 2754 669 2819 κελεύει
695 2761 910 2838 νομοθετεῖν,
942 2756 1134 2841 γράφεσθαι

123 2856 199 2945 μέν,
230 2860 273 2924 άν
299 2862 349 2936 τίς
375 2882 450 2925 τινα
477 2871 544 2924 τῶν
571 2858 789 2945 ὑπαρχόντων
815 2863 928 2945 νόμων
956 2863 1000 2946 μὴ
1028 2868 1135 2941 καλῶς

123 2967 210 3050 ἔχειν
240 2963 373 3048 ἡγῆται,
405 2963 641 3051 παρεισφέρειν
674 2963 704 3031 δ’
736 2965 838 3031 αὐτὸν
869 2968 987 3051 ἄλλον,
1019 2967 1060 3034 δν
1092 2968 1134 3035 ἀν

123 3077 202 3156 τιθῇ
229 3071 321 3137 λύων
347 3072 490 3155 ἐκεῖνον,
518 3070 604 3156 ὑμᾶς
629 3069 660 3137 δ’
688 3071 893 3150 ἀκούσαντας
917 3072 1052 3141 ἑλέσθαι
1074 3077 1134 3142 τόν

83 3181 267 3261 οοκρείττω.
314 3177 355 3244 ού
381 3179 444 3263 γάρ
473 3175 554 3265 ᾤετο
582 3178 654 3243 δεῖν
681 3178 700 3244 ὁ
723 3181 858 3262 Σόλων,
886 3179 904 3245 ό
931 3189 1052 3247 τοῦτον
1074 3184 1133 3248 τὸν

122 3285 247 3367 τρόπον
275 3283 460 3368 προστάξας
486 3288 699 3367 νομοθετεῖν,
731 3287 810 3362 τοὺς
837 3280 898 3369 μέν
924 3287 1134 3372 θεσμοθέτας

124 3392 229 3472 [τοὺς]
253 3387 306 3456 ἐπὶ
323 3392 402 3466 τοὺς
420 3393 545 3473 νόμους
560 3389 821 3475 κληρουμένους,
843 3389 895 3468 δὶς
913 3393 1133 3478 δοκιμασθέν-

106 3515 180 3573 τας
203 3497 328 3581 άργειν,
351 3498 388 3560 έν
410 3518 445 3560 τε
467 3503 507 3580 τῇ
529 3498 635 3582 βουλῇ
653 3494 708 3562 καὶ
726 3493 803 3581 παρ’
826 3497 906 3581 ὑμῖν
924 3497 1024 3587 ἐντῷ
1042 3501 1133 3565 δικα-

122 3605 262 3689 στηρίφ,
288 3604 367 3680 τούς
390 3598 427 3667 δὲ
449 3603 574 3686 νόμους
598 3602 718 3679 αὐτούς
740 3597 818 3668 καθ’
845 3602 980 3680 οδςκαλ
1003 3607 1133 3684 τούτοις

122 3707 237 3793 ἄρχειν
262 3707 320 3773 καί
346 3709 454 3790 [πᾶσι]
478 3717 547 3785 τοῖς
569 3709 683 3784 ἀλλοις
705 3711 940 3774 πολιτεύεσθαι
962 3714 1131 3796 προσήκει,

123 3810 175 3878 έπὶ
201 3821 321 3899 καιροῦ
348 3811 505 3889 τεθέντας
531 3813 619 3891 ὅπως
641 3816 773 3899 ἔτυχον,
801 3815 845 3900 μὴ
870 3815 1133 3900 δοκιμασθέντας
