2612 3918
169 164 234 229 124
473 169 559 220 xxn.
582 165 861 221 Δωωοευωαουε

167 332 378 414 δικαιολογίας,
404 330 475 414 φέρε
502 341 619 410 πρῶτον
641 330 694 406 τὰς
716 339 774 393 τῶν
797 330 966 412 κατηγόρων
989 331 1176 412 έξετάσωμεν.

167 428 335 509 Εὐκτήμων
357 421 414 492 οὖν
436 428 485 491 καί
503 427 655 512 Διόδωρος
677 429 926 510 ἐπιλαμβάνονται
946 428 1019 491 κατά
1037 429 1178 513 τέσσαρας

166 525 278 606 νόμους
304 536 357 589 τοῦ
381 527 589 606 ψηφίσματος,
616 517 659 586 ὧν
681 525 796 604 πρῶτός
818 525 912 605 ἐστιν,
939 524 1176 608 ἀπροβούλευτον

166 624 308 704 ψήφισμα
329 623 370 704 μή
394 622 514 684 εἰσιέναι
535 622 568 685 έν
591 627 631 708 τῷ
656 622 749 709 δήμφ.
786 622 886 701 ἐπειδὴ
908 622 964 705 γάρ
987 624 1079 697 πολὺς
1101 617 1177 704 ήνδ

166 722 260 801 δῆμος
282 720 332 783 καί
354 721 493 794 πολλάκις
515 721 721 802 παρεκρούετο,
744 718 784 799 μή
807 729 887 782 νοῶν
908 721 935 781 εἰ
952 717 1008 801 έχει
1025 718 1178 800 ἐμφωλεύ-

166 834 259 879 ουσαν
281 818 471 900 κακουργίαν,
494 827 610 898 πρῶτον
631 815 832 899 παρεπέμπετο
852 818 895 890 εἰς
912 815 967 896 τήν
986 816 1099 898 βουλὴν
1116 826 1176 878 τῶν

164 915 380 994 πεντακοσίων,
408 913 458 976 καλ
481 915 555 994 αίίτη
578 911 706 996 ήρεύνα,
728 915 756 976 εἰ
776 913 833 995 ἔχει
854 913 970 996 βλάβην
992 913 1058 976 τινὰ
1080 912 1100 994 ή
1122 939 1176 976 κα-

165 1013 318 1095 κουργίαν,
335 1011 386 1074 καλ
404 1012 497 1086 οὕτως
516 1011 645 1094 εἰσήγετο
664 1011 707 1084 εἰς
724 1009 776 1072 τὸν
796 1010 900 1091 δῆμον.
932 1009 991 1073 έδει
1010 1002 1065 1074 οὖν
1084 1010 1176 1072 αὐτὸν

166 1119 282 1192 πρῶτον
309 1108 469 1192 εἰσενέγκαι
489 1109 522 1172 τὸ
546 1110 688 1188 ψήφισμα
711 1109 753 1181 εἰς
775 1107 829 1187 τήν
852 1109 973 1190 βουλήν.
1019 1108 1075 1172 οὐκ
1097 1109 1176 1188 εἰσή-

165 1229 249 1288 νεγκε
273 1205 320 1286 δέ,
345 1206 445 1286 ἐπειδὴ
468 1206 571 1269 νεωστί
594 1204 706 1288 άρξασα
728 1199 767 1286 ήν
790 1202 809 1284 ή
833 1207 942 1287 βουλή,
969 1205 1019 1268 καί
1042 1207 1175 1287 ἐφοβεῖτο

165 1303 205 1385 μή
234 1304 446 1390 διαφθονηθή·
478 1303 597 1378 ἕκαστος
624 1303 679 1386 γάρ
706 1302 759 1366 τὸν
786 1303 843 1385 πρὸ
866 1303 958 1366 αὑτοῦ
981 1303 1061 1366 θέλει
1083 1304 1175 1379 δεῖξαι

127 1414 153 1455 1⁰
165 1412 262 1476 κακῶς
285 1400 420 1482 άρξαντα.
457 1403 590 1486 δεύτερος
613 1401 715 1481 νόμος,
737 1400 792 1481 τήν
815 1400 929 1482 βουλήν
951 1401 1006 1481 τήν
1029 1401 1070 1520 μὴ
1088 1403 1174 1521 ποιή-

166 1517 259 1561 σασαν
277 1499 329 1573 τάς
346 1499 473 1583 τριήρεις
491 1499 531 1580 μή
550 1500 642 1561 αἰτεῖν
661 1497 716 1577 τήν
735 1500 856 1581 δωρεάν.
888 1498 1037 1580 τρίτος’
1002 1522 1104 1579 υομος,
1122 1499 1174 1560 τὸν

164 1594 342 1678 ἡταιρηκότα
364 1596 404 1677 μή
427 1598 645 1660 πολιτεύεσθαι·
670 1591 847 1677 Ἀνδροτίων
865 1592 971 1678 άρα,δ
974 1593 1175 1678 ςήταίρηκεν,

165 1694 221 1757 οὐκ
239 1693 343 1773 ὤφειλε
361 1695 576 1757 πολιτεύεσθαι.
612 1692 799 1776 τέταρτος
763 1717 866 1773 υομος,
888 1693 940 1756 τὸν
959 1692 1000 1755 ἔτι
1017 1690 1175 1773 ὀφείλοντα

165 1797 204 1878 τῷ
229 1791 359 1876 δημοσίῳ
381 1791 422 1871 μή
445 1793 664 1854 πολιτεύεσθαι·
688 1790 725 1852 συ
749 1787 780 1851 δέ
798 1784 821 1851 δε
837 1785 1015 1873 Ἀνδροτίων
1033 1788 1173 1869 ὀφείλεις·

165 1889 221 1952 οὐκ
243 1885 300 1970 άρα
323 1889 372 1950 δεῖ
385 1904 417 1949 σε
434 1891 648 1952 πολιτεύεσθαι.
685 1891 812 1970 εἴπωμεν
832 1886 864 1951 δὲ
882 1888 933 1951 καλ
950 1888 1002 1962 τὰς
1020 1898 1072 1950 τοῦ
1091 1889 1229 1967 φεύ-692

125 2001 151 2040 u
165 2009 269 2069 γοντος
288 1986 497 2068 δικαιολογίας.
533 1983 549 2046 δ
572 1987 675 2049 τοίνυν
696 1981 873 2067 Ἀνδροτίων
896 1985 969 2067 πρὸς
987 1985 1039 2049 τὸν
1057 1995 1175 2068 πρῶτον

164 2083 257 2163 νόμον
280 2080 345 2143 ἔθει
366 2080 549 2164 ἀγωνίζεται·
572 2082 647 2166 λέγει
667 2083 723 2166 γάρ
748 2084 793 2146 ὅτι
815 2083 887 2157 έθος
907 2083 1064 2166 ἐκράτησεν
1083 2081 1174 2163 ἰατρο-

164 2182 324 2263 βοάλευτον
351 2180 493 2260 ψήφισμα
520 2181 690 2264 εἰσάγεσθαι
712 2181 745 2243 έν
767 2188 807 2268 τῷ
833 2181 926 2268 δήμρο.
970 2180 1044 2263 πρὸς
1068 2178 1099 2242 δὲ
1122 2180 1174 2243 τὸν

165 2279 301 2359 δεύτερον
320 2276 527 2358 άντινομικῶς·
545 2276 709 2360 παραφέρει
721 2277 777 2361 γάρ
792 2277 842 2340 καί
856 2276 945 2350 αὐτὸς
958 2275 1056 2360 ἕτερον
1070 2277 1176 2358 νόμον,

164 2375 284 2457 λέγοντα
306 2375 360 2454 τήν
383 2375 507 2457 βουλήν,
529 2374 582 2437 έδιν
606 2375 676 2462 δέξῃ
695 2380 791 2448 καλῶς
810 2372 1037 2456 βεβουλευκέναι
1056 2374 1114 2454 [έν]
1134 2377 1174 2462 τῷ

165 2472 259 2559 δήμῳ,
282 2480 512 2552 στεφανοῦσθαι.
548 2473 622 2554 πρὸς
646 2470 677 2534 δέ
700 2472 769 2544 τοίις
788 2469 896 2544 ἰίλλους
914 2472 970 2533 δύο
989 2494 1175 2555 παραγραφι-

163 2580 223 2642 κάις
245 2568 428 2652 άγωνίζεται,
454 2567 545 2650 λέγων
569 2569 613 2631 δτι
636 2567 701 2652 άρτι
724 2570 780 2632 οὐκ
803 2568 907 2648 ὤφειλε
930 2570 1086 2651 κρίνεσθαι
1108 2571 1176 2652 περί

164 2668 286 2730 τούτων.

126 2781 151 2821 ιε
240 2762 339 2838 ἸΤινὲς
362 2759 390 2826 δ’
411 2763 598 2846 ἐπεχείρησαν
620 2772 725 2825 τοῦτον
748 2763 800 2826 τὸν
819 2763 907 2846 λόγον
926 2765 968 2838 εἰς
988 2765 1088 2827 στάσιν
1107 2765 1175 2828 άνε-

163 2868 278 2944 νεγκεῖν
309 2860 513 2943 πραγματικὴν
545 2859 599 2940 τήν
631 2858 704 2942 πρὸς
736 2858 931 2941 άντινομίαν,
966 2859 1097 2943 λέγοντες
1130 2863 1176 2924 ὅτι

164 2961 253 3041 ,ἰδοὺ
279 2958 329 3021 καί
356 2959 489 3020 ἐνταῦθα
516 2959 571 3020 δύο
599 2957 687 3038 νόμοι
714 2958 854 3040 μάχονται
881 2956 1015 3038 ἀλλήλοις
1037 2959 1069 3021 έκ
1094 2981 1175 3042 περι-

164 3059 304 3136 στάσεως,
336 3049 378 3117 άεν
410 3054 426 3117 δ
459 3050 501 3129 είς
532 3053 750 3137 παραβέβασται
782 3055 832 3117 διδ
860 3054 891 3117 τδ
919 3063 1095 3137 κυρωθῆναι
1121 3057 1174 3120 τὸν

163 3152 290 3237 ἕτερον.“
327 3152 399 3215 άλλδι
422 3153 542 3236 λέγομεν
565 3153 610 3215 δτι
631 3152 665 3215 έν
687 3163 722 3240 τή
745 3164 929 3240 πραγματική
948 3163 982 3239 τῇ
1001 3153 1074 3234 πρὸς
1094 3153 1174 3218 ἀντι-

163 3252 271 3332 νομίαν
299 3249 450 3334 οὐδέτερος
479 3250 705 3334 παραβαίνεται,
734 3249 805 3310 ἀλλὰ
829 3261 996 3331 σκοποῦμεν
1019 3257 1107 3314 ποῖον
1131 3254 1180 3315 δεῖ

163 3354 384 3432 παραβαθῖγναι.
429 3350 462 3411 έν
491 3347 522 3410 δέ
550 3355 590 3434 τῷ
618 3349 742 3429 παρόντι
769 3347 843 3433 λόγῳ
872 3347 926 3428 οὐχ
953 3349 1061 3423 οὕτως·
1094 3348 1109 3411 δ
1133 3345 1175 3424 είς

163 3445 219 3525 γάρ
241 3455 300 3506 τῶν
322 3445 423 3526 νόμων
446 3446 675 3528 παραβὲβασται,
699 3443 715 3508 δ
738 3442 830 3525 λέγων
852 3443 907 3523 τήν
928 3446 1041 3525 βουλήν
1060 3447 1114 3526 τήν
1134 3448 1175 3528 μή

165 3538 330 3617 ποιήσασαν
358 3539 409 3614 τδις
436 3541 562 3622 τριήρεις
590 3541 630 3620 μὴ
659 3542 750 3604 αἰτεῖν
779 3542 900 3624 δωρεάν.
945 3553 1031 3606 τοῦτο
1059 3543 1091 3606 δὲ
1120 3545 1175 3607 οἰκ

5 3791 185 3864 Α,
