2614 3904
504 154 603 205 ΠΡΟΣ
622 152 820 208 ΦΟΡΜΙΩΝΑ.
1101 148 1166 217 407

157 332 213 387 τος
244 320 305 377 τοῦ
333 313 507 396 Λάμπιδος
538 311 755 396 ἀπειληφέναι
783 315 821 378 τὸ
848 316 1003 399 χρυσίον,
1018 305 1021 312 ’
1036 309 1094 396 ὑφ’
1126 307 1168 378 οὗ

149 418 295 499 Δέμελλον
317 415 623 500 ἐξελεγχθήσεσθαι.
991 503 993 506 Ι

116 540 141 580 1⁷
237 520 309 586 Ἔτι
323 519 354 586 δ’
373 517 398 588 δι
413 523 533 607 ἀνδρες
543 519 716 606 Ἀθηναῖοι
729 521 862 589 κάκεῖνο
876 521 1057 602 σκέψασθε·
1072 521 1167 590 αὐτοὶ

156 629 219 711 γὰρ
244 622 336 692 οὗτοι
358 629 582 713 παραγραφὴν
606 629 756 704 διδόντες
778 627 930 712 πέρυσιν,
953 630 1014 695 οὐκ
1033 629 1168 714 ἐτόλμη-

157 749 221 798 σαν
240 733 277 798 έν
294 742 334 818 τῇ
351 743 552 820 παραγραφῇ
572 735 696 819 γράψαι
715 735 760 811 ὡς
773 733 1003 800 ἀποδεδώκασι
1017 736 1167 818 Λάμπιδι

155 840 194 903 τὸ
217 843 365 923 χρυσίον.
410 842 469 905 καί
487 862 542 924 μοι
568 836 647 923 λαβὲ
670 840 775 924 αὐτήν
796 840 858 923 τήν
881 842 1115 927 παραγραφήν.

547 1048 776 1105 ΠΑΡΑΓΡΑΦΗ.

241 1151 391 1221 Ἀκούετε
414 1152 440 1222 ὦ
464 1157 584 1242 ἀνδρες
603 1154 788 1241 Ἀθηναῖοι,
811 1157 862 1222 δτι
881 1159 1032 1242 οὐδαμοῦ
1049 1155 1168 1242 γέγρα-

154 1282 234 1326 πται
257 1260 294 1326 ἐν
315 1271 355 1346 τῇ
373 1272 573 1348 παραγραφῇ
592 1263 637 1338 ὡς
656 1261 845 1328 ἀποδέδωκε
862 1265 900 1328 τὸ
918 1267 1058 1349 χρυσίον
1080 1268 1167 1341 Φορ-

149 1370 242 1450 ’μίων
267 1367 429 1450 Λάμπιδι,
446 1367 513 1433 Ικαὶ
539 1361 629 1432 ταῦτ’
657 1367 738 1452 ἐμοῦ
767 1369 952 1453 διαρρήδην
978 1371 1167 1452 γράψαντος

154 1472 205 1548 είς
221 1473 259 1536 τὸ
277 1473 421 1556 ἔγκλημα
439 1471 458 1538 δ
477 1467 633 1556 ἠκούσατ’
655 1473 785 1558 ἀρτίως,
806 1475 856 1539 ὅτι
875 1475 951 1540 οὔτε
969 1477 1009 1540 τά
1027 1468 1164 1560 χρήματ’

156 1581 291 1643 ἔνθοιτο
315 1579 362 1655 είς
383 1579 444 1662 τήν
466 1588 552 1642 ναῦν
577 1573 647 1643 οὔτ’
675 1578 823 1644 ἀπέδωκε
845 1581 883 1644 τὸ
906 1583 1054 1664 χρυσίον.
1092 1584 1167 1644 τίνα

155 1679 220 1749 οὖν
248 1684 350 1750 ἀλλον
377 1684 440 1769 χρή
464 1684 652 1769 περιμένειν
675 1685 759 1768 ὑμᾶς
783 1686 947 1769 μάρτυρα,
976 1686 1057 1752 ὅταν
1079 1691 1167 1769 τηλι-

156 1790 282 1874 καύτην
304 1793 489 1874 μαρτυρίαν
511 1787 589 1873 παρ’
613 1789 724 1855 αὐτῶν
747 1792 876 1856 τούτων
899 1795 1007 1875 έχητε;

115 1915 143 1957 ιε
245 1895 445 1979 Μελλοάσης
468 1893 505 1960 δέ
527 1905 585 1979 τής
609 1897 702 1979 δίκης
725 1894 863 1961 εἰσιέναι
884 1897 931 1972 είς
954 1898 991 1962 τὸ
1015 1897 1167 1983 δικαστή-

157 2027 247 2089 ριον,
270 2001 403 2068 ἐδέοντο
426 2001 519 2086 ἡμῶν
542 2000 713 2086 ἐπιτρέψαι
736 2006 818 2066 τινί·
848 2000 903 2067 καὶ
924 2001 1018 2086 ήμεῖς
1040 2001 1167 2087 ἐπετρέ-

156 2120 266 2192 ψαμεν
282 2109 435 2195 Θεοδύτφ
455 2110 597 2173 ἰσοτελεῖ
613 2109 696 2174 κατὰ
713 2110 894 2191 συνθήκας.
926 2107 981 2173 καὶ
999 2107 1017 2172 ὁ
1036 2109 1168 2192 Λάμπις

155 2217 237 2300 μετά
257 2223 360 2278 ταῦτα
383 2217 522 2297 νομίσας
545 2214 634 2302 αὐτῷ
658 2211 803 2298 ἀσφαλὲς
826 2216 889 2297 ήδη
913 2209 999 2278 εἶναι
1017 2216 1100 2299 πρὸς
1118 2217 1168 2280 δι-

156 2328 270 2404 αιτητῇ
294 2330 473 2404 μαρτυρεῖν
496 2319 515 2384 δ
537 2341 570 2384 τι
592 2320 759 2402 βούλοιτο,
781 2319 1000 2404 μερισάμενος
1021 2322 1059 2385 τὸ
1078 2320 1219 2403 έμὸν913

156 2429 297 2510 χρυσιόν
319 2427 399 2509 μετά
424 2428 622 2509 Φορμίωνος
643 2427 788 2509 τουτουί,
812 2425 988 2509 ἐμαρτύρει
1010 2425 1168 2491 τάναντία

116 2550 142 2590 1⁹
157 2525 208 2608 οἷς
229 2535 391 2616 πρότερον
416 2534 547 2616 εἰρήκει.
593 2531 720 2615 οὐγὰρ
744 2532 861 2615 ὅμοιόν
884 2530 975 2596 ε’στιν
999 2527 1024 2597 ὦ
1048 2533 1169 2618 άνδρες

153 2637 337 2723 Ἀθηναῖοι,
353 2639 400 2714 είς
408 2638 449 2701 τὰ
458 2634 599 2721 ὑμέτερα
615 2638 774 2721 πρόσωπα
790 2635 993 2719 ἐμβλέποντα
1006 2639 1047 2702 τά
1060 2638 1167 2722 ψευδῆ

156 2754 337 2829 μαρτυρεῖν
360 2741 415 2808 καὶ
437 2744 519 2826 πρὸς
541 2743 702 2827 διαιτητῇ·
726 2738 802 2826 παρ’
825 2741 905 2826 ὑμῖν
924 2739 1066 2828 μὲνγὰρ
1085 2745 1167 2830 ὀργή

155 2851 281 2935 μεγάλη
309 2847 364 2913 καὶ
391 2850 530 2932 τιμωρία
557 2845 727 2912 ὑπόκειται
754 2857 824 2924 τοῖς
850 2848 891 2912 τά
916 2849 1022 2931 ψευδή
1046 2872 1166 2934 μαρτυ-

156 2965 269 3042 ροῦσι,
296 2956 378 3040 πρὸς
401 2950 438 3019 δὲ
460 2960 506 3040 τςό
531 2954 681 3038 διαιτητῇ
704 2953 891 3031 ἀκινδύνως
914 2952 969 3018 καὶ
991 2953 1168 3039 ἀναισχύν-

155 3086 219 3139 τως
246 3069 473 3147 μαρτυροῦσιν
501 3057 520 3122 ὅ
544 3081 576 3122 τι
599 3056 641 3122 άν
664 3054 878 3141 βούλωνται.’
903 3059 1168 3142 ἀγανακτοῦντος

156 3167 197 3235 δέ
221 3191 286 3253 μου
313 3165 367 3231 καὶ
396 3163 641 3249 σχετλιάζοντος
668 3159 693 3228 ὧ
717 3164 837 3246 ἄνδρες
856 3161 1029 3248 Ἀθηναῖοι
1052 3165 1105 3232 ἐπὶ
1128 3177 1167 3253 τῇ

113 3293 142 3334 ιο
155 3278 258 3361 τόλμη
280 3281 343 3339 τοῦ
362 3272 546 3356 Λάμπιδος,
569 3269 623 3335 καὶ
646 3269 875 3356 παρεχομένου
896 3272 979 3357 πρὸς
1000 3274 1060 3336 τὸν
1084 3272 1167 3337 διαι-

155 3383 256 3466 τητήν
277 3380 340 3464 τήν
363 3378 468 3462 αὐτήν
492 3379 677 3461 μαρτυρίαν
699 3378 804 3460 ήνπερ
826 3374 882 3441 καὶ
899 3385 964 3441 νῦν
982 3377 1064 3460 πρὸς
1082 3377 1168 3459 ὑμᾶς

153 3486 352 3572 παρέχομαι,
385 3495 453 3548 τῶν
485 3482 518 3560 ἐξ
551 3483 653 3567 ἀρχῆς
684 3483 942 3567 προσελθόντων
970 3481 1058 3568 αὐτῷ
1086 3479 1163 3564 μεθ’

1163 3826 1281 3860 Α
1285 3841 1286 3847 ,
