2612 3918
953 7 975 12 -.
986 7 1223 14 ----.-..--
1236 9 1258 12 -.

468 153 562 204 ΚΑΤΑ
579 151 740 204 ΜΕΙΔῙΟΤ.
1042 150 1103 216 101

23 362 45 386 ,.
96 310 195 388 άλλο;
219 312 403 400 τραγφδοϊς
420 309 622 397 κεχορήγηκέ
637 309 717 377 ποθ’
742 306 850 394 οὗτος,
871 312 935 396 ἐγὼ
955 310 985 378 δ’
1008 313 1108 394 αύλη-

12 384 51 432 ’Μ
95 426 172 493 ταῖς
195 415 344 501 ἀνδράσι.
381 415 435 481 καλ
458 416 507 482 δτι
529 426 627 483 τούτο
644 415 808 502 τάνάλωμ’
831 417 957 502 ἐκείνης
975 428 1032 503 τῆς
1050 420 1106 484 δα-

44 554 47 563 ·
27 528 206 695 ΠΙιτάνης
227 521 329 588 πλέον
352 521 420 588 ἐστὶ
442 527 569 610 πολλῷ,
593 521 704 600 οὐδεὶς
726 523 842 607 άγνοεῑ
863 524 979 608 δήπου.
1016 523 1106 608 κάγίο

96 625 162 712 μὲν
185 627 361 713 ἐθελοντής
383 637 462 711 νῦν,
491 622 587 706 οὗτος
610 627 647 695 δὲ
670 631 830 708 καταστὰς
853 629 885 710 ἐξ
909 630 1107 708 ἀποδόσεως

12 712 46 858 ἔχ’
43 634 188 818 Ιτότε,
216 729 257 800 οὗ
284 736 381 820 χάριν
409 735 568 820 οὐδεμίαν
596 737 704 821 δήπου
732 738 915 813 δικαίως”
894 761 936 802 αν
957 759 1007 814 τις
1029 739 1106 822 ἔχοι.

31 890 44 920 ,,
95 865 132 905 τι
127 842 215 919 ’,ἔτι
240 843 386 907 εἱστίακα
408 842 469 924 τήν
492 843 604 926 φυλήν
627 843 690 927 ἐγὼ
711 842 766 910 καί
786 846 1038 926 Παναθηναίοις
1055 866 1106 910 κε-

12 923 39 961 Ἡ
67 965 150 1034 ιχο
163 949 279 1032 ήγηκα,
302 943 400 1025 ουτος
420 943 451 1013 δ
472 947 639 1034 οὐδέτερα.
675 949 807 1035 ἡγεμὼν
826 953 1009 1035 συμμορίας
1027 949 1107 1033 ὑμῖν

12 1037 37 1077 ¹²
97 1054 262 1138 ἐγενόμην
294 1052 385 1136 [ἐγὼ]
419 1055 473 1137 ἔτη
505 1051 586 1136 δέκ’,
619 1060 694 1121 ίσον
724 1059 896 1141 Φορμίωνι
922 1053 977 1121 καὶ
1003 1058 1106 1121 Λυσι-

12 1167 34 1249 *J
96 1161 199 1246 θείδη
221 1157 275 1224 καί
296 1162 513 1246 Καλλαίσχρῳ
536 1157 683 1236 καὶτοῖς
705 1162 974 1243 πλουσιωτάτοις,
997 1160 1106 1246 είσφέ-

12 1245 35 1352 ,υ
98 1291 170 1351 ρων
197 1264 258 1332 οὐκ
284 1261 342 1349 ἀφ’
369 1264 581 1349 ὑπαρχούσης
608 1265 723 1343 οὐσίας
752 1265 831 1354 (ὑπὸ
858 1268 922 1352 γάρ
949 1277 1016 1332 τῶν
1039 1265 1105 1331 ἐπι-

97 1374 232 1458 τρόπων
252 1369 503 1456 άπεστερήμην),
528 1368 600 1436 ἀλλ’
622 1371 685 1438 άπὸ
705 1381 762 1455 τῆς
781 1373 878 1457 δόξης
897 1366 944 1437 ὧν
962 1371 981 1437 ὁ
999 1374 1105 1456 πατήρ

12 1463 30 1556 '‚
97 1502 156 1563 μοι
187 1476 358 1543 κατέλιπεν
389 1474 443 1541 καὶ
476 1471 524 1542 ὧν
556 1478 686 1544 δίκαιον
717 1474 761 1563 ήν
792 1501 831 1563 με
862 1477 1105 1564 δοκιμασθέντα

29 1648 31 1660 ,
97 1585 309 1668 κομίσασθαι.
347 1580 410 1664 ἐγὼ
434 1577 495 1665 μὲν
519 1575 581 1646 οὖν
604 1581 710 1660 οὕτως
731 1583 812 1668 ὑμῖν
831 1587 1104 1670 προσενήνεγμαι,

18 1672 29 1774 ‚³
97 1690 242 1766 Μειδίας
264 1685 302 1754 δὲ
323 1698 405 1765 πῶςς
431 1685 562 1753 οὐδέπω
584 1685 639 1754 καὶ
665 1691 808 1775 τήμερον
831 1693 1016 1775 συμμορίας
1032 1691 1103 1776 ήγε·

12 1787 13 1790 “
97 1798 170 1882 μων
196 1794 348 1879 γέγονεν,
376 1789 475 1858 οὐδὲν
502 1805 569 1859 τῶν
596 1792 758 1884 πατρςόων
786 1795 1024 1881 ἀποστερηθεὶς
1046 1793 1102 1864 ὑπ’

12 1887 24 1927 ε’
99 1903 248 1984 οὐδενός,
272 1901 354 1967 άλλὰ
376 1899 465 1983 παρὰ
486 1908 547 1965 τοῦ
569 1903 692 1984 πατρὸς
713 1904 841 1987 πολλὴν
864 1903 983 1970 οὐσίαν
1002 1926 1105 1988 παρα-

16 2007 82 2070 ἰεε
99 2009 220 2093 λαβών.
264 2010 314 2082 τίς
341 1999 403 2072 οὖν
429 2004 450 2089 ή
474 2009 675 2091 λαμπρότης,
702 2006 723 2090 ή
745 2011 833 2084 τίνες
856 2009 893 2073 αί
914 2013 1105 2096 λῃτουργίαι

12 2100 20 2122 ’
97 2113 154 2180 καὶ
180 2116 220 2179 τά
246 2109 337 2197 σέμν’
369 2111 566 2195 ἀναλώματα
593 2113 727 2192 τούτους
760 2113 823 2198 ἐγὼ
851 2109 911 2198 μὲν
938 2116 999 2200 ούχ
1026 2116 1104 2202 ὁρῶ,

12 2229 17 2262 ⁵
98 2221 185 2303 πλήν
213 2220 243 2284 εί
269 2218 371 2283 ταῦτά
397 2239 446 2292 τις
468 2222 604 2302 θεωρεῖ·
635 2219 744 2283 οἰκίαν
767 2215 978 2306 ᾠκοδόμηκεν
997 2219 1104 2287 Ἐλευ-

99 2337 168 2391 σῖνι
185 2325 359 2409 τοσαύτην,
379 2323 462 2388 ὥστε
479 2333 581 2389 πᾶσιν
599 2322 784 2391 ἐπισκοτεῖν
801 2336 871 2402 τοῖς
889 2324 926 2391 ἐν
943 2335 989 2414 τῷ
1004 2329 1104 2415 τόπφ,

12 2422 13 2428 ¹
98 2431 154 2498 καὶ
181 2434 228 2510 είς
255 2432 417 2516 μυστήρια
445 2430 506 2513 τήν
532 2426 661 2514 γυναῖκ’
693 2431 780 2513 άγει,
812 2428 875 2495 κάν
902 2429 1024 2496 άλλοσό
1047 2453 1104 2497 ποι

97 2539 272 2622 βούληται,
300 2534 352 2602 ἐπὶ
378 2544 439 2601 τοῦ
466 2540 585 2601 λευκοῦ
615 2536 749 2618 ζεύγους
775 2545 835 2602 τοῦ
863 2535 898 2602 ἐκ
921 2541 1103 2621 Σικυῶνος,

97 2642 152 2710 καὶ
179 2653 268 2728 τρεῖς
290 2642 500 2718 ἀκολούθους
521 2639 542 2725 ή
565 2638 720 2725 τέτταρας
742 2640 841 2719 αὐτὸς
865 2645 948 2727 ἔχων
971 2643 1027 2709 διὰ
1047 2653 1105 2728 τής

97 2750 221 2836 ἀγορᾶς
248 2751 355 2832 σοβεῖ,
383 2746 466 2833 ῥυτά
490 2745 545 2812 καὶ
567 2749 691 2830 κυμβία
713 2745 767 2812 καὶ
790 2749 911 2832 φιάλας
934 2749 1105 2834 ὀνομάζων

38 2875 82 2917 ιεο
98 2855 204 2933 οὕτως
227 2854 309 2919 ὥστε
331 2855 410 2930 τοὺς
432 2854 611 2937 παριόντας
634 2851 776 2918 ἀκούειν.
814 2852 877 2936 ἐγὼ
902 2851 932 2919 δ’
955 2856 1016 2921 ὅσα
1034 2853 1155 2940 μὲνοοο

17 3025 18 3044 χ
96 2972 155 3047 τῆς
182 2962 268 3038 ίδίας
290 2968 417 3044 τρυφῆς
441 2959 550 3024 εἵνεκα
573 2958 715 3034 Μειδίας
738 2957 793 3024 καὶ
815 2964 1007 3043 περιουσίας
1029 2973 1103 3029 κτᾶ-

97 3093 166 3152 ται,
194 3068 255 3133 οὐκ
283 3061 345 3131 οἶδ’
373 3065 391 3130 ό
418 3087 450 3129 τι
477 3066 555 3140 τοὺς
577 3067 720 3141 πολλοὺς
742 3065 836 3149 ὑμῶν
859 3066 992 3149 ὠφελεῖ·
1025 3066 1099 3134 δύ’

97 3173 312 3259 ἐπαιρόμενος
343 3171 473 3247 τούτοις
504 3170 645 3256 ὑβρίζει,
681 3168 734 3236 ἐπὶ
765 3175 909 3249 πολλοὺς
940 3173 995 3240 καὶ
1025 3178 1103 3252 τοὺς

95 3282 256 3364 τυχόντας
274 3278 367 3362 ὑμῶν
385 3273 600 3362 ἀφικνούμεν’
618 3276 693 3361 ὁρῶ.
726 3276 767 3342 οὐ
786 3278 840 3342 δεῖ
856 3278 897 3361 δή
913 3280 953 3344 τὰ
966 3280 1097 3346 τοιαῦθ’

96 3383 249 3450 ἑκάστοτε
271 3392 369 3468 τιμᾶν
393 3378 472 3448 οὐδὲ
495 3385 677 3468 θαυμάζειν
700 3382 800 3468 ὑμᾶς,
823 3380 901 3449 οὐδὲ
922 3386 985 3468 τήν
1008 3391 1102 3471 φιλο-

16 3525 21 3544 =
94 3492 210 3580 τιμίαν
233 3489 268 3564 ἐκ
290 3490 417 3562 τούτων
440 3491 575 3580 κρίνειν,
600 3496 633 3554 εί
651 3512 701 3576 τις
723 3489 894 3584 οίκοδομεί
908 3493 1101 3587 λαμπρῶςή

12 472 43 540 ,οή
