2616 3910
191 269 257 334 420
477 273 585 326 xxxv.
610 271 914 344 [οοωοεοωωοεε]

151 449 176 489 1¹
235 432 267 494 τό
289 434 465 516 γιγνόμενον
487 433 628 518 ἀργύριον
651 435 724 498 κατὰ
744 434 799 516 τὴν
818 435 1002 520 συγγραφήν.
1038 435 1091 498 έδιν
1110 433 1142 498 δέ
1160 435 1201 517 μὴ

234 528 386 592 ἀποδῶσιν
413 530 446 593 έν
473 538 513 619 τῷ
541 531 720 620 συγκειμένῳ
742 534 853 621 χρόνῳ,
879 533 915 596 τδι
938 533 1118 614 ὑποκείμενα
1139 539 1202 608 τοῖς

235 627 404 689 δανείσασιν
435 627 538 704 έξέστω
565 629 728 692 ὑποθεῖναι
753 629 804 692 καί
830 628 1000 693 ἀποδόσθαι
1026 639 1079 710 τῆς
1106 629 1202 710 όπαρ-

234 727 344 807 γοόσης
370 735 470 807 τιμης·
495 725 546 790 καί
571 726 625 790 έάν
646 749 675 790 τι
696 726 813 814 έλλείπη
835 737 888 790 τοῦ
911 726 1069 810 ἀργυρίου,
1096 720 1134 790 οό
1157 727 1207 788 δεῖ

233 821 374 905 γενέσθαι
391 829 453 897 τοῖς
471 823 624 886 δανείσασι
640 823 714 886 κατά
731 823 786 904 τὴν
805 824 992 907 συγγραφήν,
1011 822 1092 904 παρὰ
1107 818 1202 902 Ἀρτέ·

235 942 333 1000 μωνος
359 918 410 982 καλ
436 914 657 1002 Ἀπολλοδώρου
683 920 754 984 έστω
781 917 802 1001 ἡ
829 923 933 1002 πρᾶξις
960 926 1024 996 τοῖς
1051 921 1203 981 δανείσασι

234 1015 284 1078 καί
305 1015 339 1078 έκ
361 1026 420 1078 τῶν
442 1018 556 1079 τοότων
578 1015 733 1098 ἀπάντων,
754 1015 805 1080 καί
826 1016 947 1099 έγγείων
969 1016 1020 1079 καί
1042 1027 1202 1097 ναυτικῶν,

234 1123 383 1196 πανταχοῦ
412 1113 487 1176 όπου
512 1111 551 1175 ἀν
574 1107 642 1194 ὦσι,
668 1113 804 1195 καθάπερ
828 1114 915 1194 δίκην
939 1111 1119 1195 ὠφληκότων
1142 1113 1251 1176 καὶθλλ

234 1208 427 1293 ὑπερημέρων
450 1208 557 1291 όντων,
578 1210 628 1272 καί
650 1209 696 1274 ἑνί
715 1210 840 1297 ἑκατέρῳ
857 1220 916 1272 τῶν
935 1211 1134 1274 δανεισάντων
1151 1212 1202 1274 καὶ

235 1303 421 1390 ἀμφοτέροις.
451 1306 505 1370 έδιν
524 1305 556 1370 δέ
575 1307 615 1388 μὴ
634 1309 798 1389 εἰσβάλωσι,
817 1308 968 1386 μείναντες
986 1307 1035 1370 έπὶ
1047 1308 1117 1370 κυνὶ
1130 1306 1202 1389 ἡμέ-

186 1391 189 1397 ’
235 1428 289 1483 ρας
315 1403 386 1466 δέκα
407 1403 440 1467 έν
458 1401 678 1490 Ἑλλησπόντῳ,
704 1402 867 1484 ἐξελόμενοι
889 1403 967 1466 ὅπου
989 1402 1029 1466 δν
1052 1403 1092 1484 μὴ
1115 1412 1202 1468 σῦλαι

235 1495 307 1564 ἀσιν
332 1497 519 1582 Ἀθηναίοις,
546 1501 596 1563 καί
617 1500 758 1564 ἐντεῦθεν
779 1501 1031 1575 ἀποπλεύσαντες
1055 1496 1201 1582 Ἀθήναζε

235 1599 304 1672 τοὺς
330 1599 437 1672 τόκους
464 1596 638 1662 ἀποδόντων
664 1599 735 1672 τοὺς
760 1596 866 1679 πέρυσι
891 1596 1058 1680 γραφέντας
1081 1600 1123 1672 είς
1146 1599 1202 1679 τὴν

235 1693 420 1776 συγγραφήν.
456 1693 509 1758 έδιν
532 1695 565 1756 δέ
586 1716 614 1756 τι
635 1691 655 1774 ἡ
678 1704 753 1768 ναῦς
775 1695 861 1780 πάθη
884 1693 1046 1774 ἀνήκεστον
1069 1695 1102 1758 έν
1124 1684 1144 1784 ᾗ
1163 1695 1202 1758 ἀν

235 1789 307 1878 πλέη
330 1790 365 1852 τά
388 1790 529 1873 χρήματα,
552 1790 680 1874 σωτηρία
701 1785 730 1851 δ’
750 1789 830 1852 έσται
847 1801 905 1853 τῶν
924 1790 1143 1873 ὑποκειμένων,
1164 1794 1201 1856 τὰ

234 1887 444 1969 περιγενόμενα
465 1888 552 1951 κοινά
575 1887 646 1951 έστω
669 1894 729 1961 τοὶς
752 1887 931 1950 δανείσασιν.
966 1891 1144 1971 κυριώτερον
1167 1890 1200 1953 δὲ

234 1983 301 2066 περὶ
322 1985 435 2047 τοότων
458 1983 528 2048 ἀλλο
551 1983 644 2065 μηδὲν
666 1979 743 2047 εἶναι
765 1994 817 2064 τῆς
839 1995 1020 2068 συγγραφῆς.

279 2080 439 2162 Μάρτυρες
464 2082 606 2162 Φορμίων
628 2083 797 2164 Πειραιεύς,
820 2082 1025 2162 Κηφισόδοτος
1047 2084 1201 2165 Βοιώτιος,

229 2174 408 2258 Ἡλιόδωρος
431 2179 558 2253 Πνδεός.

151 2317 176 2359 ει
278 2295 363 2380 Λέγε
388 2295 428 2378 δὴ
451 2296 506 2362 καὶ
528 2299 586 2376 τάς
608 2302 796 2384 μαρτυρίας.

594 2493 786 2546 MAPrTPIA.

276 2595 484 2682 Ἀρχενομίδης
499 2595 728 2682 Ἀρχεδάμαντος
743 2597 955 2685 Ἀναγυράσιος
973 2611 1116 2686 μαρτυρεῖ
1128 2622 1204 2667 συν-

234 2697 334 2776 θήκας
348 2693 418 2779 παρ’
435 2696 529 2782 έοιυτῷ
543 2697 730 2760 καταθέσθαι
744 2694 919 2782 Ἀνδροκλέα
932 2701 1095 2781 Σφήττιον,
1113 2705 1203 2765 Ναυ-

235 2795 376 2876 σικράτην
394 2795 574 2877 Καρύστιον,
594 2789 767 2876 Ἀρτέμωνα,
783 2791 1002 2878 Ἀπολλόδωρον
1023 2799 1205 2880 Φασηλίτας,

183 2959 186 2965 ,
234 2891 285 2954 καὶ
307 2885 383 2954 εἶναι
404 2886 474 2973 παρ’
500 2890 593 2976 ἑαυτῷ
616 2890 658 2953 έτι
680 2891 818 2973 κειμένην
840 2893 896 2972 την
918 2894 1102 2977 συγγραφήν.

184 3017 186 3024 ‘
278 3010 364 3093 Λέγε
388 3013 429 3095 δη
452 3009 508 3076 καὶ
529 3013 591 3094 τὴν
612 3023 680 3077 τῶν
702 3011 981 3097 παραγενομένων
1005 3019 1205 3099 μαρτυρίαν.

596 3207 786 3260 mmm

281 3316 424 3391 Θεόδοτος
455 3315 601 3397 ίσοτελης,
632 3320 764 3398 Χαρῖνος
792 3311 968 3400 Ἠτιχάρους
1000 3321 1206 3402 Λευκονοεύς,

182 3413 185 3419 ⁴
237 3415 379 3493 Φορμίων
412 3417 625 3493 Κτησιφῶντος
656 3414 829 3498 Πειραιεύς,
866 3415 1072 3495 Κηφισόδοτος
1107 3418 1205 3481 Βοιά-

234 3530 306 3588 τως,
329 3507 508 3592 Ἡλιόδωρος
531 3510 649 3584 Πνδεέις
676 3521 857 3594 μαρτυροῦσι
882 3517 1033 3594 παρεῖναι,
1060 3508 1104 3575 ὅτ’
1134 3513 1206 3577 έδά-

234 3621 331 3665 νεισεν
358 3601 536 3689 Ἀνδροκλῆς
562 3603 769 3696 Ἀπολλοδώρῳ
798 3608 849 3673 καί
875 3604 1033 3692 Ἀρτέμωνι
1058 3607 1206 3693 ἀργυρίου
