2938 4180
259 165 325 230 200
560 167 660 221 xxm.
684 165 964 219 αειιοεοεαοτε

258 335 383 393 κοῦντα
407 325 616 394 κολασθέντα
637 337 763 410 πικρῶς
785 325 905 408 οὑτως,
932 325 992 391 τὸν
1015 322 1046 390 δ’
1074 324 1120 401 όις
1143 322 1274 407 εὐεργέ-

257 457 320 518 την
347 435 395 500 ἐτι
422 429 478 497 καὶ
503 441 569 498 νῦν
596 432 796 516 τιμάμευον;
825 431 877 497 ὅτι
903 434 1021 496 τοίνυν
1042 425 1135 495 ταῦτ’
1161 431 1273 514 ἀληθῆ
1329 433 1334 444 ’

259 537 360 622 λέγω,
387 547 455 604 τῶν
482 535 542 624 μὲν
570 545 615 626 τῷ
639 545 810 626 στρατηγῷ
834 537 1034 622 συμβάντων
1057 537 1168 619 δήπου
1190 537 1275 620 μάο·

258 667 355 728 τυρες
381 643 476 727 ὑμεῖς
504 641 578 710 ἐστέ
602 663 672 728 μοι·
702 641 757 709 καὶ
784 644 848 729 γὰρ
877 639 1022 724 ἐκρίνεθ’
1054 641 1148 727 ὑμεῖς
1174 641 1274 708 κάπε-

258 760 476 835 χειροτονεῖτε
497 749 552 816 καλ
576 750 771 834 ὠργίζεσθε,
798 747 854 815 καλ
876 748 983 814 πάντα
1005 757 1108 814 ταῦτα
1131 742 1272 814 σύνισθ’

258 855 364 940 ὑμεῖς·
388 865 455 922 τῶν
479 853 509 921 δ’
533 855 570 921 έν
589 859 749 944 Περίνθῳ
773 854 827 921 καλ
849 865 917 920 τῶν
935 853 973 922 έν
992 851 1274 940 Ἀλωπεκοννήσῳ

258 962 352 1028 κάλει
374 983 432 1048 μοι
452 963 532 1040 τοὺς
552 961 772 1048 τριηράρχους
795 961 971 1047 μάρτυρας.

659 1171 861 1226 ΜΑΡΤΤΡΕΣ.
1350 1182 1352 1258 χ

208 1297 246 1336 ²⁶⁹
351 1279 444 1344 Μετὰ
457 1287 559 1344 ταῦτα
573 1279 701 1360 τοίνυν,
719 1276 831 1361 ἐπειδή
846 1277 1081 1362 Κηφισόδοτος
1094 1263 1155 1362 μέν
1169 1276 1275 1363 ἀπηλ-
1352 1274 1353 1350 λ

259 1385 343 1470 λάγη
362 1393 423 1450 τοῦ
440 1393 646 1469 στρατηγεῖν,
668 1383 748 1467 ὑμῖν
767 1377 798 1450 δ’
820 1384 882 1450 οὐκ
901 1383 1041 1449 ἐδόκουν
1058 1389 1166 1460 καλῶς
1184 1387 1275 1470 ἔχειν
1353 1368 1354 1428 ὑ

260 1485 339 1556 οὐδὲ
358 1492 493 1566 δικαίως
512 1489 550 1554 αῖ
564 1490 648 1570 πρὸς
666 1487 795 1555 ἐκεῖνον
813 1500 992 1573 γραφεῖσαι
1010 1495 1188 1573 σννθήκαι,
1212 1491 1275 1556 τὸν

260 1591 321 1680 μὲν
348 1596 594 1678 Μιλτοκύθην,
616 1595 676 1659 τὸν
707 1595 763 1660 διδ
794 1595 918 1671 παντὸς
949 1595 1074 1660 εὔνουν
1103 1595 1183 1678 ὑμῖν
1209 1606 1274 1662 τοῦ
1356 1646 1357 1670 ,

257 1703 398 1786 χρόνου,
428 1701 540 1783 λαβὼν
567 1697 774 1784 προδοθένθ’
804 1700 870 1766 ὑπὸ
897 1710 958 1766 τοῦ
986 1704 1224 1784 Σμικυθίωνος
1253 1702 1273 1768 δ

258 1808 399 1891 χρηστὸς
431 1800 528 1882 οὑτος
561 1807 766 1890 Χαρίδημος,
803 1807 865 1872 οὐκ
896 1808 993 1884 ὄντος
1026 1810 1170 1891 νομίμου
1200 1817 1273 1886 τοῖς

259 1911 384 1998 Θρᾳξὶν
407 1911 571 1994 ἀλλήλους
593 1912 846 1996 ἀποκτιννύναι,
873 1915 975 1996 γνοὺς
998 1913 1049 1978 ότι
1072 1915 1263 1995 σωθήσεται
1272 1920 1320 1971 θῖῖ
1343 1924 1360 1947 ·’

258 2018 341 2101 πρὸς
364 2017 620 2102 Κερσοβλέπτην
643 2015 685 2082 ἀν
708 2016 812 2102 ἀχθῇ,
834 2019 1043 2102 παραδίδωσι
1064 2019 1272 2102 Καρδιανοῖς

257 2132 328 2200 τοῖς
349 2121 520 2207 ὑμετέροις
542 2122 683 2208 ἐχθροῖς.
719 2122 865 2188 κάκεῖνοι
889 2127 1047 2207 λαβόντες
1068 2125 1192 2189 καύτὸν
1214 2125 1272 2190 καὶ

257 2232 318 2296 τὸν
344 2230 436 2311 υίόυ,
464 2229 687 2312 ἀναγαγόντες
710 2231 757 2305 είς
778 2229 815 2294 τὸ
838 2227 980 2312 πέλαγος
1002 2230 1039 2294 ἐν
1061 2233 1182 2318 πλοίῳ,
1209 2233 1272 2296 τὸν

258 2331 320 2420 μὲν
347 2335 424 2401 υίὸν
451 2334 659 2419 ἀπέσφαξαν,
687 2334 815 2400 ἐκεῖνον
843 2328 873 2399 δ’
899 2334 1055 2401 ἐπιδόντα
1084 2338 1156 2417 [τὸν
1178 2338 1269 2417 υίὸν]
1355 2380 1359 2410 .

208 2460 245 2499 uo
259 2441 553 2525 ἀποσφαττόμενον
576 2443 821 2506 κατεπόντισαν.
859 2451 925 2506 τῶν
948 2437 985 2507 δὲ
1005 2445 1146 2528 Θρᾳκῶν
1166 2441 1270 2507 ὑπάν-

259 2570 326 2612 των
347 2552 495 2631 χαλεπῶς
518 2546 720 2628 ἐνεγκόντων
744 2543 797 2611 ἐπὶ
819 2547 960 2628 τούτοις,
985 2544 1040 2611 καὶ
1063 2548 1288 2632 συστραφέν-ι

258 2675 325 2717 των
352 2660 412 2718 τοῦ
439 2674 473 2717 τε
496 2645 688 2735 Βηρισάδου
715 2649 770 2717 καὶ
797 2660 857 2717 τοῦ
877 2646 1075 2735 Ἀμαδόκου,
1105 2654 1188 2718 ἰδὼν
1209 2655 1270 2718 τὸν

258 2758 376 2843 καιρὸν
405 2765 524 2822 τούτου
552 2753 801 2839 Ἀθηνόδωρος,
833 2760 1021 2842 συμμαχίαν
1048 2759 1270 2842 ποιησάμενος
1354 2825 1357 2828 .

258 2865 341 2948 πρὸς
367 2864 522 2944 τούτους,
550 2853 621 2937 οἷος
646 2856 690 2944 ἦν
717 2866 881 2946 πολεμεῖν.
927 2862 964 2927 έν
991 2865 1087 2950 φόβῳ
1113 2859 1149 2928 δὲ
1171 2845 1269 2930 καταᾸ

258 2969 396 3047 στάντος
413 2977 474 3034 τοῦ
492 2965 747 3052 Κερσοβλέπτου
765 2967 886 3051 γράφει
905 2965 922 3032 ὁ
939 2964 1172 3052 Ἀθηνόδωρος
1189 2987 1268 3036 συν-

257 3077 379 3160 θήκας,
406 3071 483 3140 καθ’
515 3071 554 3150 ἃς
580 3072 754 3155 ἀναγκάζει
781 3075 840 3139 τὸν
867 3073 1122 3158 Κερσοβλέπτην
1149 3075 1268 3158 ὀμόσαι

257 3184 340 3268 πρός
361 3178 399 3246 θ’
420 3179 506 3265 ὑμᾶς
527 3176 583 3245 καὶ
604 3183 683 3256 τοὺς
705 3177 869 3263 βασιλέας,
894 3175 978 3244 εἶναι
1002 3176 1062 3265 μὲν
1083 3180 1144 3263 τήν
1162 3180 1268 3265 ἀρχήν

258 3288 376 3371 κοινήν
397 3295 456 3370 τής
475 3284 608 3373 Θράκης
630 3288 677 3362 είς
698 3288 777 3360 τοὺς
798 3296 886 3370 τρεῖς
905 3284 1120 3372 διῃρημένην,
1143 3287 1267 3364 πάντας

207 3413 243 3450 m
260 3391 290 3457 δ’
313 3393 394 3476 ὑμῖν
417 3392 601 3458 ἀποδοῦναι
624 3392 685 3475 τήν
707 3392 827 3475 χώραν.
864 3391 908 3468 ὡς
931 3389 961 3456 δ’
984 3391 1021 3457 ἐν
1043 3391 1267 3477 ἀρχαιρεσίαις

260 3497 353 3575 ὑμεῖς
378 3494 529 3576 Χαβρίαν
555 3493 609 3560 ἐπὶ
635 3497 694 3559 τὸν
720 3498 865 3578 πόλεμον
891 3504 1012 3561 τοῦτον
1037 3499 1266 3579 κατεστήσατε,

1164 3846 1173 3849 ,Δ
1183 3829 1360 3849 ....-ιιμ-ι-ν-·-·ἐ
