2938 4180
253 139 318 207 176
552 144 652 196 xxm.
674 142 954 195 Δκιτοεοεαονν

250 313 371 369 τοῦτον
394 304 548 388 εἰρῆσθαι
568 304 628 369 τὸν
645 306 751 388 νόμον
768 303 806 368 τὸ
825 305 989 388 ψήφισμα.
1022 301 1059 380 ὃς
1075 304 1139 388 γὰρ
1157 303 1266 388 ὑπαρ-

251 410 380 494 χόντων
407 409 576 475 τοσούτων
598 412 711 494 νόμων
733 409 858 486 πάντας
880 408 1027 494 ὑπερβάς
1048 409 1187 485 τούτους
1210 407 1265 492 γέ-

250 538 381 600 γραφεν
397 513 453 581 καὶ
470 513 649 582 κατέκλεισ’
667 516 756 582 λύιον
773 523 906 600 πρᾶγμα
925 519 1123 599 ψηφίσματι,
1141 525 1265 581 τοῦτον
1369 503 1370 506 “

250 623 287 685 τί
305 644 355 699 τις
377 622 458 687 ἀλλο
482 631 590 687 ποιεῖν
612 622 703 706 φηση
726 621 813 705 πλην
836 623 991 706 ψήφισμα
1012 623 1120 705 νόμου
1142 621 1264 707 κυριεύ-

251 749 349 810 τερον
372 726 487 806 ἀξιοῦν
510 722 609 805 εἶναα

210 850 238 894 ω
339 835 509 917 Βούλομαι
536 835 652 899 τοίνυν
678 831 760 916 ύμῖν
786 830 841 899 καλ
867 833 904 898 ἓν
927 830 948 916 ἢ
972 833 1034 898 δύο
1056 835 1254 918 ψηφίσματα
1264 842 1321 894 σου

252 938 356 1018 δείξαι
373 949 441 1004 τῶν
459 936 695 1024 γεγραμμένων
714 949 783 1016 τοῖς
799 939 843 1015 ὡς
857 937 991 1022 ἀληθῶς
1006 937 1191 1022 εὐεργέταις
1204 948 1263 1024 τῆς

250 1046 387 1127 πόλεως,
409 1038 454 1109 ἵν’
477 1041 586 1127 εἰδῆθ’
608 1043 660 1109 ὅτι
682 1042 803 1130 ῥᾴδιόν
826 1043 893 1110 ἐστι
916 1045 1060 1129 γράφειν
1081 1045 1120 1109 τὰ
1139 1045 1263 1124 δίκαια,

251 1149 331 1215 ὅταν
354 1150 458 1217 αὐτοῦ
475 1174 525 1227 τις
544 1151 652 1216 εἵνεκα
670 1150 792 1217 τούτου
808 1151 934 1236 γράφη,
956 1160 1017 1217 τοῦ
1034 1153 1173 1234 τιμῆσαί
1186 1174 1263 1216 τινα

250 1252 305 1321 καὶ
328 1256 527 1340 μεταδοῦναι
550 1267 617 1322 τῶν
638 1255 719 1341 ἡμίν
737 1256 966 1342 ὑπαρχόντων,
989 1254 1045 1322 καὶ
1063 1257 1107 1341 μη
1127 1257 1183 1322 διὰ
1199 1265 1263 1324 τοῦ

250 1371 353 1428 ταῦτα
385 1363 497 1428 ύοκελν
528 1373 637 1428 ποιεῖν
664 1363 823 1446 βούληται
850 1373 1048 1448 κακουργεῖν
1076 1359 1131 1428 καὶ
1157 1384 1262 1448 παρα-

250 1469 441 1552 κρούεσθαι.
473 1465 605 1550 λέγετὰ
624 1472 820 1552 ψηφίσματα
838 1472 940 1534 ταυτί.
971 1463 1042 1534 ἀλλ’
1063 1469 1119 1534 ’ίνα
1137 1469 1182 1553 μη
1201 1493 1262 1554 μα-

250 1574 333 1656 κρὸν
350 1573 430 1657 ὑμίν
449 1573 583 1639 ἀκούειν
602 1565 633 1660 ᾖ,
654 1572 687 1651 ἐξ
706 1573 846 1639 ἑκάστου
863 1585 930 1639 τῶν
944 1575 1165 1660 ψηφισμάτων
1179 1575 1260 1642 αὐτὸ

250 1675 340 1748 τοῦτ’
366 1679 540 1758 ἐξείλεκται
562 1678 638 1763 περὶ
661 1673 703 1745 ού
724 1681 845 1747 τούτου
867 1691 1047 1766 κατηγορῶ.
1083 1678 1166 1764 λέγε.

641 1891 869 1944 ΨΗΦΙΣΜΑΤΑ.

211 2018 236 2060 ω
334 1992 449 2083 Ὁρᾶθ’
484 1997 535 2063 ὅτι
566 1999 686 2075 πάντες
716 1999 837 2083 ἀνδρες
865 1992 1038 2082 Ἀθηναῖοι
1069 2000 1129 2065 τὸν
1158 1999 1260 2066 αὐτὸν

249 2107 374 2190 τρόπον
405 2105 621 2189 γεγράφασιν.
671 2105 809 2188 ,,έστω“
838 2105 943 2188 φησίν
971 2101 1080 2189 ,ὑπὲρ
1108 2105 1212 2171 αὐτοῦ
1238 2106 1258 2189 η

250 2212 333 2295 αὐτὴ
355 2214 506 2295 τιμωρία,
529 2210 679 2289 καθάπερ
703 2208 746 2275 ἀν
767 2212 827 2275 τὸν
846 2204 1026 2293 Ἀθηναίων
1050 2211 1260 2298 ἀποκτείνη“,

250 2321 386 2398 κυρίους
404 2313 465 2401 μέν
484 2316 602 2393 ἐῶντες
619 2318 698 2392 τοὺς
715 2314 790 2401 περὶ
809 2316 936 2383 τούτων
953 2316 1162 2403 ὑπάρχοντας
1179 2317 1260 2403 ύμῖν

250 2427 389 2508 νόμους,
417 2424 558 2506 σεμνοὺς
586 2415 616 2487 δ’
649 2421 906 2505 ἀποφαίνοντες,
933 2421 969 2487 οἲ
993 2421 1024 2505 γ’
1056 2421 1093 2489 έν
1120 2426 1260 2507 δωρειᾶς

250 2529 447 2612 ἐποιήσαντο
479 2528 567 2608 τάξει
597 2527 635 2593 τὸ
668 2527 798 2592 τούτων
829 2528 1038 2610 μεταδοῦναι.
1090 2527 1161 2594 ἀλλ’
1197 2530 1259 2596 ούκ

195 2695 196 2701 ,
246 2631 510 2721 Ἀριστοκράτης,
538 2633 621 2698 ἀλλὰ
648 2635 881 2718 προπηλακίζει
907 2629 968 2717 μέν
994 2629 1071 2699 καθ’
1098 2635 1179 2700 ὅσον
1200 2636 1259 2702 δύ-

249 2765 346 2809 ναται
372 2741 511 2816 τούτους
539 2740 596 2824 (ὡς
624 2748 708 2823 γοῦν
731 2737 870 2815 ούύενὸς
894 2737 994 2816 ἀξίων
1017 2741 1105 2806 ίδιύν
1127 2763 1159 2806 τι
1180 2743 1258 2827 γρά-

250 2871 328 2934 φειν
355 2845 572 2931 ἐπεχείρησε),
600 2845 722 2929 μικράν
750 2841 781 2908 δ’
810 2843 989 2928 ἀποφαίνει
1015 2845 1171 2931 κάκείνην
1197 2849 1257 2932 την

250 2952 408 3038 δωρειάν,
433 2950 471 3019 έν
492 2943 514 3039 ᾖ
536 2953 597 3034 την
620 2953 789 3018 πολιτείαν
813 2951 976 3017 δεδώκατε
999 2960 1044 3039 τῷ
1069 2953 1256 3044 Χαριδήμῳ.

250 3058 287 3137 ὃς
309 3059 387 3143 γάρ,
410 3059 455 3136 ὡς
477 3057 681 3142 ἀγαπώντων
703 3055 800 3125 τοῦθ’
827 3056 921 3141 ὑμῶν
942 3054 999 3122 καὶ
1020 3063 1257 3143 προσοφειλόν-

248 3188 316 3231 των
342 3165 441 3249 χάριν
468 3164 571 3253 αύτςό,
598 3161 765 3249 γέγραφεν
790 3161 847 3229 καὶ
868 3165 951 3248 πρὸς
973 3165 1152 3248 φυλάττειν
1173 3165 1257 3250 ὑμᾶς

250 3270 392 3355 ἐκεῖνον,
419 3271 508 3348 ὅπως
535 3270 639 3348 ἀδεῶς
662 3270 680 3336 ὅ
703 3292 735 3335 τι
758 3267 799 3334 ἀν
822 3270 982 3354 βούληται
1004 3279 1099 3356 ποίη,
1124 3282 1194 3350 πῶς
1216 3273 1256 3338 ού

249 3374 345 3444 τοῦθ’
372 3375 391 3442 δ
414 3375 499 3461 λέγω
523 3377 766 3462 ύιαπράττεταις

210 3497 236 3536 ⁸⁰
340 3481 412 3547 Ούκ
433 3481 542 3565 ἀγνοῶ
561 3486 677 3548 τοίνυν
696 3477 722 3548 ἀ)
741 3483 861 3568 ἄνδρες
875 3483 1048 3567 Ἀθηναῖοι
1066 3479 1117 3548 ὅτι
1135 3482 1180 3559 ὡς
1197 3479 1257 3566 μὲν
