2938 4180
259 205 324 272 182
560 209 660 259 xxm.
683 205 971 258 Δειιοεοωιοευ
1025 171 1028 178 ’

256 369 319 453 την
343 368 457 454 ἀρχήν,
481 365 606 433 ἐκτῶν
629 365 756 432 ἑαυτῶν
778 367 960 450 συμμάχων
984 365 1152 450 ἀγώγιμον
1170 361 1271 449 εἶναι,

205 491 245 534 ιω
258 467 345 540 ὥσθ’
369 474 463 557 ὑμᾶς,
487 472 546 550 οὓς
568 479 681 539 ίσασιν
703 471 858 538 ἁπάντων
881 471 1070 555 ἀνθρώπων
1092 466 1199 555 ἥδιστ’
1225 469 1271 536 δν

239 577 313 647 καὶ
334 582 413 656 τοὺς
435 579 564 647 ἐκείνου
588 582 709 663 φίλους
731 576 786 645 καὶ
804 577 906 643 αὐτὸν
923 580 983 644 τὸν
1004 581 1170 644 Φίλιππον
1189 577 1270 644 άπο·

256 688 460 765 κτείναντος,
490 689 609 768 φίλους
636 687 847 768 πεποίηνται,
877 682 980 768 φασὶν
1004 679 1041 749 δέ
1063 682 1119 751 καὶ
1141 686 1269 769 συμμά-

257 815 338 878 χους
361 793 569 875 ποιήσεσθαι.
615 784 674 856 εἶτ’
698 786 868 856 Ὀλύνθιοι
890 786 950 873 μέν
974 797 1064 855 ῖσασι
1085 790 1123 856 τὸ
1146 791 1269 874 μέλλον

257 907 422 983 προορᾶν,
450 896 544 981 ὑμεῖς
572 895 603 962 δ’
630 897 723 972 ὄντες
742 890 914 979 Ἀθηναῖοι
936 895 1057 962 ταύτὸν
1077 893 1167 961 τοῦτ’
1194 893 1270 981 οὐχὶ

233 1021 235 1026 ·
257 1007 425 1089 ποιησετε;
446 1000 516 1068 ἀλλ’
540 1003 678 1087 αἰσχρὸν
696 1010 741 1090 τῷ
760 999 835 1084 περὶ
853 1003 1053 1085 πραγμάτων
1070 1000 1270 1068 ἐπίστασθαι
1371 1049 1372 1052 ,

258 1110 508 1193 βουλεύσασθαι
528 1109 709 1184 δοκοῦντας
726 1106 890 1193 προέχειν,
913 1102 1011 1191 ἦττον
1027 1104 1212 1174 Ὀλυνθίων
1230 1108 1268 1172 τὸ

258 1213 432 1300 συμφέρον
455 1215 584 1292 είδότας
608 1214 766 1297 ὀφθῆναι.
1269 1230 1323 1278 ουτ

207 1339 246 1380 11⁰
344 1317 470 1386 Ἀκούω
507 1324 623 1386 τοίνυν
660 1319 781 1397 αὐτοὺς
811 1317 867 1386 καὶ
897 1321 1051 1386 τοιοῦτόν
1081 1315 1144 1385 τιν’
1180 1317 1268 1402 ἐρεῖν

258 1428 371 1509 λόγον,
395 1417 468 1491 οἷον
491 1423 546 1491 καὶ
566 1427 728 1508 πρότερόν
746 1422 817 1490 ποτ’
843 1419 1073 1510 Ἀριστόμαχος
1090 1419 1167 1507 παρ’
1187 1425 1268 1509 ὑμῖν

258 1531 471 1617 ἐδημηγόρει,
504 1531 548 1608 ὡς
581 1531 643 1596 ούκ
675 1533 765 1596 ἔστιν
798 1531 886 1607 ὅπως
911 1528 990 1597 ποτε
1017 1531 1268 1617 Κερσοβλέπτης

259 1637 429 1722 αίρησεται
462 1638 676 1723 Χερρόνησον
713 1635 908 1719 ἀποστερεῖν
943 1636 1116 1722 ἐπιχειρῶν
1147 1637 1268 1720 ἐχθρὸς

259 1742 339 1827 ὑμῖν
362 1737 460 1808 εέναι·
485 1739 564 1808 οὐδέ
586 1744 650 1828 γάρ
674 1743 706 1808 εί
721 1743 818 1825 λάβοι
837 1740 891 1806 καὶ
909 1743 1075 1827 κατάσχοι,
1100 1745 1267 1825 λυσιτελή-

254 1865 331 1915 σειν
359 1848 454 1936 αύτῷ.
500 1847 537 1914 ἐκ
563 1848 624 1932 μέν
652 1845 683 1930 γ’
710 1846 837 1930 ἐκείνης
864 1847 924 1914 ούκ
952 1852 1042 1913 ἐστιν
1068 1845 1151 1934 ὑπὲρ
1177 1850 1269 1930 τριά-

256 1955 359 2021 ’κοντα
382 1951 521 2019 τάλανθ’
543 1954 564 2037 ἡ
587 1955 754 2039 πρόσοδος
776 1955 820 2038 μὴ
843 1952 1101 2038 πολεμουμένης,
1124 1957 1155 2019 εί
1172 1959 1268 2019 πολε-

259 2062 396 2144 μήσεται
420 2057 465 2140 δ’,
494 2056 573 2125 οὐδὲ
596 2059 647 2124 ἔν·
678 2059 714 2124 έκ
737 2055 773 2125 δὲ
795 2071 862 2124 τῶν
886 2059 1065 2144 ἐμπορίων,
1089 2058 1110 2124 δ
1132 2057 1198 2124 τότ’
1225 2059 1268 2125 άν

257 2169 440 2250 κλεισθείη,
458 2170 554 2231 πλεῖν
571 2163 592 2248 ἢ
612 2166 764 2231 διακόσια
780 2165 935 2248 [τάλαντά
949 2165 1022 2231 ἐσθ’
1039 2165 1268 2249 ηπρόσοδος]·

259 2272 342 2338 ὥστε
364 2275 400 2337 τί
419 2273 621 2355 βουλόμενος
644 2272 743 2357 μικρὰ
767 2272 948 2355 λαμβάνειν
969 2269 1025 2338 καὶ
1046 2278 1201 2354 πολεμεῖν
1224 2269 1267 2336 άν

259 2377 379 2462 ἕλοιτο,
402 2377 477 2456 ἐξὸν
499 2379 539 2443 τά
560 2381 662 2442 πλείω
685 2375 739 2444 καὶ
762 2379 858 2460 φίλος
882 2373 978 2460 εἶναι,
1000 2379 1183 2462 θαυμάζειν
1203 2381 1267 2462 φή-

211 2503 245 2542 111
260 2501 387 2552 σουσιν.
433 2484 497 2565 ἐγὼ
525 2480 554 2548 δ’
582 2482 644 2548 οὐκ
671 2481 783 2568 ἀπορῶ
809 2478 869 2565 μὲν
892 2486 996 2549 εἰπεῖν
1018 2484 1139 2567 πολλά,
1167 2484 1188 2549 ά
1210 2507 1267 2567 μοι

260 2591 354 2656 δοκεῖ
373 2594 500 2674 μᾶλλον
523 2591 565 2654 άν
586 2612 636 2665 τις
659 2589 742 2653 ίδδιν
764 2588 913 2653 άπιστεῖν
932 2592 1075 2670 εἰκότως,
1098 2588 1118 2673 ἦ
1137 2591 1266 2666 τούτοις

259 2697 424 2761 πιστεύων
451 2694 580 2760 ἐκεῖνον
607 2694 665 2760 ἐάν
693 2692 796 2779 μέγαν
823 2697 1011 2778 γίγνεσθαι·
1039 2696 1080 2761 ού
1103 2697 1169 2780 μὴν
1192 2695 1261 2760 ἀλλ’

252 2799 278 2866 ’δ
302 2802 442 2885 μάλιστα
464 2802 642 2886 πρόχειρον
665 2803 739 2884 ἔχω,
761 2797 850 2866 τοῦτ’
872 2801 946 2886 ἐρῶ.
981 2807 1049 2866 ῖστε
1073 2804 1182 2886 δήπου
1208 2806 1266 2866 Φί-

260 2911 382 2972 λιππον
414 2906 534 2989 άνδρες
558 2904 731 2990 Ἀθηναῖοι
762 2906 896 2972 τουτονὶ
924 2909 984 2984 τδυ
1011 2911 1207 2992 Μακεδόνα,
1239 2900 1265 2997 ᾧ

259 3015 345 3078 πολὺ
374 3012 481 3094 δήπου
510 3017 636 3097 μᾶλλον
663 3011 842 3078 ἐλυσιτέλει
867 3014 926 3090 τάς
951 3013 983 3092 ἐξ
1007 3012 1134 3097 άπάσης
1158 3017 1266 3080 Μακε-

259 3121 375 3196 δονίας
397 3120 584 3202 προσόδους
607 3116 712 3194 άδεῶς
734 3119 930 3202 λαμβάνειν,
953 3117 974 3202 ἢ
997 3120 1077 3202 μετδι
1100 3121 1265 3186 κινδύνων

252 3225 317 3301 ’τὰς
344 3223 378 3304 ἐξ
402 3220 641 3308 Ἀμφιπόλεως,
668 3222 724 3288 καὶ
749 3229 894 3308 χρῆσθαι
917 3227 1028 3306 φίλοις
1051 3226 1266 3311 αίρετύτερον

258 3325 302 3414 ἦν
334 3329 423 3416 αύτῷ
455 3340 525 3406 τοῖς
556 3341 726 3414 πατρικοῖς
757 3328 837 3412 ὑμῖν
868 3327 889 3412 ἢ
918 3333 1107 3413 Θετταλοῖς,
1140 3335 1175 3397 οἳ
1207 3335 1266 3397 τὸν

209 3453 246 3494 11²
259 3432 371 3520 πατέρ’
394 3435 499 3500 αὐτοῦ
521 3432 593 3501 ποτ’
616 3433 778 3517 ἐξέβαλον,
811 3435 893 3500 ἄνευ
915 3435 978 3518 γάρ
997 3436 1117 3501 τούτου
1135 3435 1265 3502 κάκεῖνο

262 3543 350 3602 ἔστιν
380 3542 478 3608 ἰδεῖν·
508 3541 603 3627 ὑμεῖς
633 3538 694 3627 μὲν
722 3537 747 3608 ὦ
776 3544 895 3627 ἄνδρες
918 3540 1107 3625 Ἀθηναῖοι,
1145 3541 1264 3608 οὐδένα
