2590 3900
156 172 221 238 296
465 173 548 226 XXV.
571 169 850 226 ΔΗΜΟΣΘΕΝΟΤΣ

154 333 303 416 σχεύητε,
325 331 408 398 ἀλλά
430 331 643 415 τούναντίον,
667 327 712 396 ἵν’
739 330 910 415 ἀνείργητε
932 329 988 398 καὶ
1009 333 1164 412 κολάζητε

154 436 210 505 καί
232 435 347 522 μηδεὶς
370 441 464 522 ζηλοῖ
483 434 560 522 μηδ’
587 436 733 522 ἐπιθυμῇ
755 440 878 514 κακίας.

113 561 141 602 ⁴⁹
243 544 550 610 Δυσκατάπαυστον
583 542 623 608 δέ
650 565 682 608 τι
709 544 899 609 κινδυνεύει
925 541 1048 629 πρᾶγμ’
1079 539 1165 610 εἶναι

154 653 306 735 πονηρία.
353 651 439 716 ὅπου
465 652 528 736 γὰρ
553 647 801 734 Ἀριστογείτων
829 646 881 714 ἐπὶ
904 660 974 727 τοῖς
996 651 1165 736 ὡμολογη·

155 754 267 840 μένοις
290 755 468 840 ἀδικήμασι
490 759 635 841 κρίνεται
658 752 713 820 καὶ
736 754 798 820 οὐκ
820 753 970 821 ἀπόλωλε
992 756 1108 840 πάλαι,
1133 759 1169 821 τί

154 863 215 947 χρή
239 872 347 928 ποιεῖν
370 860 390 945 ή
414 860 536 945 λέγειν;
559 861 596 938 ὃς
614 862 661 938 είς
679 854 776 927 τοῦθ’
797 860 868 943 ήκει
889 863 1060 946 πονηρίας,
1084 858 1160 927 ὥστ’

155 966 402 1052 ἐνδεδειγμένος
433 969 497 1052 ήδη
525 970 630 1051 βοῶν,
663 977 899 1050 συκοφαντῶν,
932 964 1077 1034 ἀπειλῶν
1103 967 1166 1034 οὐκ
1241 1013 1246 1024 ·

155 1072 304 1155 ἐπαύετο,
328 1064 378 1150 οἷς
401 1070 462 1158 μὲν
484 1073 577 1158 ὑμεῖς
596 1073 636 1137 τά
654 1069 777 1156 μέγιστ’
802 1071 1008 1158 ἐνεχειρίζετε
1027 1090 1165 1158 στρατη-

155 1190 242 1263 γοῖς,
272 1179 336 1260 [ὅτι
359 1179 447 1266 αὐτῷ
471 1178 632 1265 ἀργύριον
656 1180 805 1244 αίτούντι
828 1177 889 1244 ούκ
912 1179 1062 1262 ἐδοσαν,]
1086 1176 1166 1246 ούδέ

115 1296 222 1352 ὁντῶν
253 1286 435 1371 κοπρώνων
468 1283 510 1350 ἀν
543 1284 715 1362 ἐπιστάτας
746 1281 882 1350 ἑλέσθαι
914 1284 1067 1369 φάσκων,
1103 1285 1166 1351 οὐκ

156 1390 302 1468 ἐκείνους
329 1390 487 1477 ὑβρίζων,
515 1391 557 1456 ού
586 1388 737 1474 (ἐκείνοις
764 1387 825 1474 μὲν
852 1391 916 1474 γάρ
943 1390 1020 1476 ἐξήν
1046 1393 1166 1475 μικρὸν

156 1496 316 1582 ἀργύριον
343 1498 441 1562 δοῦσι
468 1497 574 1584 τούτφ
602 1497 646 1582 μή
674 1495 808 1562 ἀκούειν
836 1494 969 1581 ταῦτα),
996 1496 1080 1562 ἀλλὰ
1104 1498 1167 1581 τήν

155 1601 317 1688 ὑμετέραν
339 1605 547 1688 χειροτονίαν
567 1604 819 1688 προπηλακίζων
836 1599 892 1668 καὶ
909 1611 966 1685 της
984 1602 1089 1668 αὑτοῦ
1106 1623 1166 1669 πο-

156 1712 273 1794 νηρίας
300 1708 457 1788 ἐπίδειξιν
484 1710 698 1793 ποιούμενος,
725 1709 783 1786 τάς
811 1704 849 1775 δὲ
873 1710 1042 1793 κληρωτάς
1064 1708 1167 1794 ἀρχάς

157 1814 361 1898 σπαράττων,
385 1817 499 1898 αίτῶν,
522 1815 726 1901 εἰσπράττων
750 1814 922 1898 ἀργύριον,
945 1817 981 1880 τί
995 1825 1106 1881 κακῶν
1125 1815 1167 1882 ού

155 1919 321 2006 παρέχωνς
350 1922 391 1986 τά
417 1926 587 1987 τελευταῖα
616 1916 654 1986 δὲ
681 1919 776 1986 ταυτὶ
803 1920 928 1997 πάντας
951 1921 997 1997 είς
1019 1922 1167 2006 ταραχήν

154 2024 211 2092 καὶ
230 2027 345 2092 στάσιν
364 2026 518 2112 ἐμβαλεῖν
539 2029 686 2112 ζητήσας,
705 2020 868 2111 γράμματ’
887 2025 1028 2104 ἐκτιθεὶς
1046 2029 1165 2112 ψευδῆ,

157 2134 241 2211 ὅλως
263 2127 294 2197 δ’
320 2130 374 2199 ἐπὶ
396 2142 442 2221 τῷ
465 2132 598 2198 πάντων
620 2140 708 2220 κακῷ
732 2132 897 2215 πεφυκώς,
921 2129 976 2198 καὶ
998 2135 1167 2218 πρόδηλος

117 2253 143 2294 ⁵1
158 2239 205 2305 ὢν
238 2239 287 2304 ὅτι
319 2241 469 2316 τοιοῦτός
500 2237 569 2303 ἐστι
596 2246 641 2326 τῷ
668 2241 739 2326 βίφ.
786 2247 935 2304 σκοπεῖτε
961 2238 1034 2324 γάρ.
1080 2238 1167 2304 είσίν

158 2346 242 2431 ὁμοῦ
264 2345 434 2430 δισμύριοι
455 2346 576 2422 πάντες
594 2338 776 2428 Ἀθηναῖοι.
818 2344 948 2410 τούτων
970 2343 1105 2422 ἕκαστος
1128 2345 1166 2412 ἕν

157 2450 197 2536 γέ
216 2475 248 2517 τι
270 2452 424 2537 πράττων
445 2451 529 2515 κατά
549 2451 612 2534 τήν
636 2449 762 2534 ἀγορὰν
783 2448 1003 2536 περιέρχεται,
1026 2451 1100 2533 ήτοι
1122 2452 1165 2536 νή

157 2559 215 2624 τὸν
242 2555 406 2641 Ἡρακλέα
436 2567 504 2621 τῶν
535 2566 657 2620 κοινῶν
689 2554 710 2639 ή
741 2566 809 2620 τῶν
842 2557 946 2622 ίδίων.
996 2553 1068 2622 ἀλλ’
1103 2557 1165 2641 ούχ

158 2657 256 2740 οὗτος
278 2659 390 2745 οὐδὲν,
414 2659 487 2726 οὐδ’
513 2659 556 2727 ἀν
579 2663 648 2745 ἐχοι
671 2660 791 2745 δεῖξαι,
816 2662 898 2746 πρὸς
921 2663 984 2750 ὅτφ
1007 2663 1067 2729 τὸν
1088 2665 1167 2746 βίον

158 2767 226 2835 ἐστὶ
249 2779 315 2833 τῶν
339 2770 480 2852 μετρίων
502 2767 523 2851 ή
546 2772 665 2832 καλῶν.
703 2765 778 2851 οὐχὶ
800 2778 868 2833 τῶν
890 2773 1068 2834 πολιτικῶν
1087 2768 1166 2852 ἀγα-

157 2882 232 2941 θῶν
255 2870 304 2939 ἐπ’
327 2873 440 2939 οὐδενί
461 2881 501 2960 τῇ
524 2882 612 2959 ψυχή
637 2874 810 2957 διατρίβει·
835 2873 876 2939 ού
894 2871 1020 2959 τέχνης,
1043 2874 1085 2940 ού
1103 2898 1155 2959 γε·
1168 2884 1219 2936 786

159 2983 295 3064 ωργίας,
323 2979 385 3044 οὐκ
409 2981 510 3064 άλλης
533 2979 686 3062 ἐργασίας
710 2977 866 3062 οὐδεμιᾶς
888 2978 1097 3064 ἐπιμελεῖται·
1124 2978 1166 3045 ού

158 3087 424 3172 φιλανθρωπίας,
448 3085 509 3169 οὐχ
532 3083 660 3169 ὁμιλίας
684 3083 840 3168 οὐδεμιᾶς
863 3083 977 3151 οὐδενί
996 3095 1166 3153 κοινωνεῖ·

117 3209 144 3249 ω
159 3191 241 3256 ἀλλά
267 3191 442 3272 πορεύεται
470 3191 525 3256 διὰ
551 3199 609 3274 τῆς
635 3190 773 3276 ἀγορᾶς,
801 3190 910 3275 ὥσπερ
936 3194 1003 3277 ἔχις
1025 3190 1046 3276 ή
1069 3208 1166 3278 σκορ-

158 3300 232 3372 πίος
255 3296 363 3378 ήρκῶς
384 3297 421 3361 τὸ
444 3294 593 3380 κέντρον,
616 3293 724 3382 ᾄττων
747 3297 847 3382 δεῦρο
868 3295 1008 3379 κάκεῖσε,
1033 3307 1167 3362 σκοπῶν

159 3402 225 3464 τίνι
252 3401 430 3484 συμφοράν
455 3400 476 3484 ἢ
503 3403 718 3486 βλασφημίαν
741 3401 762 3485 ἢ
785 3403 888 3467 κακόν
910 3423 943 3466 τι
963 3402 1166 3486 προστριψά-

160 3526 257 3584 μενος
283 3501 338 3569 καὶ
364 3508 568 3589 καταστήσας
595 3508 642 3583 είς
667 3509 791 3592 φόβον,
819 3505 979 3591 ἀργύριον
1000 3505 1166 3592 πράξεται.
