2616 3910
166 161 232 228 438
459 167 582 218 xxxvl.
605 163 884 218 ΔΗΜΟΣΘΕΝΟΤΣ

573 377 764 430 ΜΔΡΓΤΡΙΑ.

127 499 152 540 ¹⁴
257 485 516 570 Μεμαρτύρηται
543 479 604 568 μὲν
630 485 746 550 τοίνυν
773 483 854 568 ύμίν
881 477 907 548 ὦ
936 483 1056 566 ἄνδρες
1079 478 1184 566 Ἀθη-

166 598 270 672 ναίοι,
299 589 349 656 ὅτι
375 588 432 656 καὶ
458 589 588 668 τούτοις
616 588 807 674 ἐμίσθωσαν
834 586 890 654 καὶ
918 589 959 654 οὐ
981 587 1183 672 παρέδωκαν

168 695 258 760 ίδίαν
285 695 441 780 ἀφορμὴν
468 695 644 779 οὐδεμίαν,
671 693 726 760 καί
754 693 954 778 ἐλευθέρους
980 691 1009 758 τ’
1036 693 1185 777 ἀφεῖσαν

167 800 212 877 ὡς
229 795 343 886 μεγάλ’
360 795 398 867 εὖ
416 803 630 883 πεπονθότες,
649 798 703 865 καὶ
723 799 784 866 οὐκ
803 793 982 878 ἐδικάζοντ’
1004 796 1074 864 οὔτ’
1098 797 1182 864 ίκεί-

166 928 239 984 νοις
261 904 327 972 τότ’
350 907 426 972 οὔτε
449 906 564 994 τούτφ.
601 904 641 971 ὃν
664 901 725 990 μὲν
746 907 864 971 τοίνυν
886 907 1009 991 χρόνον
1032 904 1182 990 ἡμητηρ

166 1013 235 1096 ἔζη,
262 1012 283 1096 ἡ
311 1005 405 1078 πάντ’
432 1011 574 1097 ἀκριβῶς
601 1013 725 1094 είδυία,
753 1006 854 1076 οὐδὲν
882 1013 1027 1096 ἔγκλημα
1049 1005 1178 1076 πώποτ’

167 1117 343 1201 ἐποιήσατο
370 1118 452 1203 πρὸς
478 1115 613 1183 τουτονί
641 1113 808 1202 Φορμίων’
836 1111 1096 1201 Ἀπολλόδωρος·Ι
1124 1117 1238 1194 ὡς949

168 1221 198 1288 δ’
225 1222 434 1306 ἐτελεύτησεν
462 1221 585 1306 ἐκείνη,
613 1225 793 1308 τρισχιλίας
816 1221 992 1305 ἐγκαλέσας
1015 1221 1182 1307 ἀργυρίου

168 1329 314 1414 δραχμὰς
336 1329 420 1413 πρὸς
438 1321 490 1405 αἷς
509 1329 631 1394 ἔδωκεν
649 1327 756 1412 ἐκείνη
776 1329 952 1413 δισχιλίαις
969 1338 1039 1404 τοῖς
1055 1328 1181 1394 τούτου

103 1433 107 1439 ’
167 1435 323 1517 παιδίοις,
346 1432 402 1500 καὶ
423 1436 621 1519 χιτωνίσκον
643 1435 718 1499 τινδι
740 1432 795 1500 καί
817 1433 1039 1518 θεράπαιναν,
1062 1433 1180 1501 ἐσυκο-

128 1554 154 1596 15
168 1539 293 1624 φάντει.
330 1538 385 1605 καὶ
408 1535 481 1605 οὐδ’
504 1538 650 1604 ἐνταῦθα
668 1539 796 1604 τούτων
816 1536 917 1607 οὐδὲν
934 1534 983 1606 ὧν
1000 1549 1064 1606 νῦν
1083 1539 1181 1622 ε’γκα·

167 1651 220 1711 λεί
240 1645 346 1729 λέγων
369 1651 562 1731 φανήσεται.
599 1643 773 1729 ἐπιτρέψας
796 1643 833 1710 δὲ
854 1654 900 1733 τῷ
925 1669 959 1711 τε
981 1655 1038 1729 τῆς
1056 1643 1179 1713 ἑαυτοῦ

166 1752 325 1837 γυναικὸς
346 1750 445 1837 πατρὶ
468 1749 523 1817 καί
545 1760 590 1840 τῷ
614 1753 818 1835 συγκηδεστῇ
840 1759 886 1838 τῷ
910 1752 1015 1817 αὑτοῦ
1034 1749 1090 1816 καὶ
1107 1757 1179 1816 Λυ-

167 1861 250 1947 σίνφ
281 1855 338 1923 καὶ
364 1854 591 1942 Ἀνδρομένει,
623 1858 810 1923 πεισάντων
838 1857 966 1922 τούτων
996 1861 1178 1942 Φορμίωνα

166 1961 299 2030 τουτονὶ
323 1965 441 2028 δοῦναι
465 1963 608 2048 δωρειάν
629 1963 686 2039 τὰς
708 1966 890 2048 τρισχιλίας
907 1959 963 2028 καὶ
980 1963 1017 2026 τὸ
1036 1967 1176 2049 προσόν,

166 2068 222 2136 καὶ
254 2072 355 2154 φίλον
387 2072 512 2154 μᾶλλον
540 2071 626 2153 ἔχειν
653 2077 773 2134 τοῦτον
799 2068 819 2152 ἢ
847 2069 904 2133 διὰ
929 2062 1020 2133 ταῦτ’
1051 2069 1177 2153 ἐχθρὸν

99 2198 111 2212 ·
167 2169 268 2256 εἶναι,
297 2175 409 2259 λαβὼν
437 2175 474 2239 τὸ
502 2175 635 2258 σύμπαν
658 2176 936 2259 πεντακισχιλίας,
963 2171 1019 2239 καὶ
1041 2175 1177 2242 πάντων

167 2278 263 2364 ἀφεὶς
289 2291 356 2346 τῶν
384 2279 598 2370 ἐγκλημάτων
625 2281 662 2345 τὸ
690 2280 847 2365 δεύτερον
874 2281 922 2357 είς
943 2280 982 2344 τὸ
1005 2281 1095 2366 ίερὸν
1118 2291 1177 2366 τῆς

127 2401 153 2440 1⁶
163 2380 307 2470 Ἀθηνᾶς
330 2385 451 2468 ἐλθών,
474 2387 584 2468 πάλιν,
609 2386 653 2462 ὡς
675 2384 782 2470 ὁρᾶτε,
806 2386 980 2470 δικάζεται,
1001 2385 1108 2462 πάσας
1126 2389 1176 2453 αί-

165 2496 238 2569 τίας
264 2493 458 2576 συμπλάσας
485 2489 540 2557 καὶ
568 2490 740 2575 ἐγκλήματ’
767 2491 803 2557 ἐκ
824 2493 946 2570 παντὸς
967 2500 1028 2558 τοῦ
1049 2495 1175 2576 χρόνου

166 2607 227 2666 τοῦ
253 2600 316 2683 πρὸ
343 2598 465 2664 τούτου
494 2595 607 2683 (τοῦτο
634 2598 697 2682 γάρ
726 2597 794 2663 ἐστι
816 2596 972 2681 μέγιστον
994 2595 1174 2685 ἁπάντων),

166 2703 188 2770 δ
211 2701 414 2770 οὐδεπώποτ’
436 2697 603 2788 ᾐτιάσατο.
640 2703 686 2780 ὡς
702 2706 819 2768 τοίνυν
837 2701 927 2768 ταῦτ’
949 2702 1059 2787 ἀληθῆ
1078 2702 1173 2789 λε’γω,

166 2809 248 2894 λαβέ
269 2834 325 2894 μοι
347 2811 409 2894 τὴν
429 2821 555 2892 γνῶσιν
572 2811 634 2892 τὴν
652 2808 836 2894 γενομένην
854 2809 891 2875 ἐν
909 2808 1094 2894 ἀκροπόλει,
1118 2809 1174 2877 καί

166 2917 228 3000 τὴν
250 2917 434 3002 μαρτυρίαν
456 2926 523 2981 τῶν
546 2915 835 3000 παραγενομένων,
860 2910 907 2981 ὅτ’
927 2915 1020 3000 ἠφίει
1037 2927 1104 2981 τῶν
1123 2917 1174 3000 ἐγ-

165 3023 340 3107 κλημάτων
362 3021 518 3087 άπάντων
537 3018 795 3106 Ἀπολλόδωρος,
819 3023 998 3106 λαμβάνων
1020 3031 1118 3088 τοῦτο
1136 3025 1173 3088 τὸ

167 3127 336 3213 ἀργύριον.

483 3277 628 3338 mmm
665 3285 853 3338 ΜΑΡΓΤΡΙΔ.

126 3409 152 3450 ιι
251 3387 400 3458 Ἀκούετε
416 3400 475 3476 τῆς
492 3393 647 3476 γνώσεως
664 3387 689 3458 ὦ
709 3393 828 3479 ἀνδρες
846 3393 1007 3478 δικασταί,
1026 3393 1069 3477 ἣν
1087 3396 1172 3478 ἔγνω

166 3500 317 3578 Δεινίας,
345 3491 386 3562 οὗ
412 3498 475 3581 τὴν
501 3497 659 3583 θυγατέρ’
691 3493 789 3576 οὗτος
817 3500 897 3584 ἔχει,
924 3497 980 3565 καὶ
1006 3501 1128 3580 Νικίας
1154 3500 1172 3565 ὁ
