2614 3904
176 175 242 245 368
487 183 570 234 xxx.
593 179 874 234 ιιιιιοεοωαονε

584 393 774 445 ΜΔΡΤΤΡΙΑ.

136 505 162 547 1⁸
261 487 449 576 ’Λυάγνωδι
473 488 510 558 δέ
532 489 587 557 καὶ
609 491 733 576 ταύτην
755 491 817 574 την
840 493 1032 576 μαρτυρίαν.

583 666 774 720 ΜΑΡΓΤΡῙΔ.

266 770 382 849 Δῆλον
409 759 469 851 μὲν
496 769 613 831 τοίνυν
640 763 695 830 καὶ
723 763 759 831 ἐκ
786 775 853 831 τῶν
876 761 1196 849 μεμαρτυρημένων,

176 869 227 935 ὅτι
257 870 320 954 τὴν
350 866 462 954 προῖκ’
499 871 539 936 οὐ
573 872 703 954 δόντες,
743 865 816 936 ἀλλ’
852 868 905 936 ἐπὶ
936 879 981 959 τῷ
1015 866 1195 954 διασῴζειν

172 972 304 1063 Ἀφόβιμ
331 977 392 1059 τὴν
421 975 539 1042 οὐσίαν
565 985 668 1042 ταῦτα
694 982 838 1062 τολμῶσι
861 976 1023 1060 πράττειν.
1070 977 1107 1039 οἳ
1125 975 1193 1057 γὰρ

176 1079 213 1145 έν
243 1081 391 1171 τοσούτῳ
418 1085 527 1171 χρόνῳ
555 1079 610 1147 καὶ
638 1082 813 1167 ὀφειλῆσαι
839 1080 894 1147 καὶ
922 1081 1107 1147 ἀποδοῦναι
1134 1077 1193 1146 καὶ

176 1187 237 1270 την
263 1181 393 1270 γυναῖκ’
421 1187 594 1253 ἀπολιπεῖν
621 1186 676 1253 καὶ
699 1187 741 1254 οὐ
763 1191 967 1273 κομίσασθαι
989 1183 1044 1252 καὶ
1067 1187 1104 1251 τὸ
1126 1205 1192 1270 χω-

176 1295 252 1375 ρίον
280 1292 552 1376 ἀποτιμήσασθαί
571 1310 669 1378 φασι,
697 1305 767 1371 πῶς
790 1293 831 1359 οὐ
854 1293 1003 1377 φανερὸν
1027 1291 1077 1356 ότι
1099 1313 1183 1374 προ·
1193 1305 1246 1356 869

177 1398 311 1476 στάντες
333 1407 393 1464 τοῦ
417 1401 617 1484 πράγματος,
640 1400 681 1464 τά
699 1395 892 1483 γνωσθένθ’
914 1395 974 1482 ὑφ’
996 1397 1091 1483 ὑμῶν
1110 1397 1192 1462 ἀπο-

136 1521 163 1562 19
177 1507 336 1588 στερησαί
360 1528 399 1589 με
428 1507 596 1588 ζητοῦσινς
626 1505 670 1583 ίις
699 1501 735 1571 δὲ
762 1503 816 1570 καὶ
842 1504 875 1582 ἐξ
899 1497 947 1569 ὧν
970 1497 1192 1580 αὐτόςοῦτος

176 1607 231 1675 καὶ
255 1611 458 1695 Τιμοκράτης
480 1609 535 1676 καὶ
550 1609 698 1695 ’Ἄφοβος
721 1611 951 1695 ἀπεκρίναντο,
977 1607 1037 1692 οὐχ
1061 1599 1135 1674 οἷόν
1158 1606 1186 1672 τ’

176 1714 403 1782 ἀποδεδόσθαι
425 1716 487 1800 τὴν
510 1728 645 1801 προίκα,
668 1714 759 1782 ταῦτ’
786 1717 849 1800 ἤδη
873 1715 1072 1799 πειράσομαι
1096 1715 1190 1780 διδά-

177 1838 269 1887 σκειν
292 1821 383 1907 ὑμᾶς.
424 1821 488 1905 ἐγὼ
510 1823 574 1908 γάρ
599 1818 624 1888 ὦ
647 1824 768 1908 ἄνδρες
791 1818 942 1888 δικασταὶ
964 1821 1093 1886 τούτων
1116 1819 1190 1884 ἔκα-

177 1944 257 1993 στον
275 1927 404 2013 ἠρόμην
421 1933 555 1994 πολλῶν
574 1927 726 1994 ἐναντίον
745 1929 933 2013 μαρτύρων,
953 1923 1112 2010 Ὀνήτορα
1127 1920 1190 2011 μέν

175 2031 231 2099 καὶ
258 2035 480 2119 Τιμοκράτην,
509 2041 542 2100 εί
565 2058 652 2111 τινες
678 2030 747 2099 εἷεν
774 2035 937 2118 μάρτυρες
964 2026 1012 2096 ὧν
1035 2031 1190 2097 ἐναντίον

176 2141 238 2222 τὴν
260 2136 368 2225 προῖκ’
396 2140 579 2222 ἀπέδοσαν,
602 2139 706 2206 αὐτὸν
729 2137 760 2204 δ’
779 2138 941 2224 Ἄφοβον,
965 2143 999 2204 εί
1017 2159 1106 2214 τινες
1127 2159 1188 2202 πα-

136 2264 163 2304 20
176 2254 283 2331 ρῆσαν
311 2241 358 2310 ὅτ’
385 2244 623 2331 ἀπελάμβανεν.
668 2247 727 2311 καί
748 2269 805 2330 μοι
827 2245 947 2321 πάντες
969 2243 1188 2325 ἀπεκρίναντο

175 2345 254 2417 καθ’
280 2351 429 2434 ἕκαστον,
453 2352 504 2417 ότι
527 2350 638 2430 οὐδεὶς
661 2353 785 2436 μάρτυς
807 2353 938 2436 παρείη,
961 2353 1125 2435 κομίζοιτο
1151 2346 1189 2415 δὲ

175 2458 354 2541 λαμβάνων
376 2452 454 2523 καθ’
477 2457 666 2524 ὁποσονοῦν
684 2451 784 2523 δέοιτ’
802 2455 950 2540 ’Ἄφοβος
968 2451 1045 2539 παρ’
1068 2453 1189 2521 αὐτῶν.

174 2567 282 2629 καίτοι
299 2572 345 2650 τῷ
363 2561 460 2629 τοῦθ’
478 2564 572 2646 ὑμῶν
591 2566 720 2646 πιστόν,
739 2563 784 2640 ὡς
802 2562 965 2628 ταλάντου
979 2569 1038 2643 τῆς
1051 2561 1189 2644 προικὸς

175 2671 278 2754 οὔσης
296 2669 377 2735 άνευ
395 2671 571 2754 μαρτύρων
591 2663 736 2754 Ὀνήτωρ
754 2665 809 2734 καὶ
833 2667 1037 2751 Τιμοκράτης
1056 2659 1188 2754 Ἀφόβῳ

175 2785 337 2843 τοσοῦτον
360 2775 520 2860 ἀργύριον
545 2774 763 2859 ἐνεχείρισαν;
793 2765 820 2864 ᾧ
844 2774 887 2859 μὴ
912 2773 962 2837 ὅτι
984 2779 1105 2837 τοῦτον
1127 2773 1188 2837 τὸν

175 2884 314 2968 τρόπον,
343 2879 413 2946 ἀλλ’
441 2876 520 2946 οὐδὲ
545 2881 625 2965 μετά
648 2884 782 2946 πολλῶν
805 2880 982 2965 μαρτύρων
1005 2877 1188 2954 ἀποδιδοὺς

175 2991 247 3072 εἰκῇ
274 3011 323 3064 τις
351 2986 392 3052 διν
420 2986 626 3070 ἐπίστευσεν,
655 2983 699 3050 ἵν’
732 2992 765 3052 εί
783 3010 833 3064 τις
857 2987 1005 3068 γίγνοιτο
1030 2983 1187 3067 διαφορά,

135 3111 160 3151 21
175 3097 378 3179 κομίσασθαι
411 3093 533 3179 ῥηιδίως
562 3090 639 3177 παρ’
671 3091 751 3176 ὑμίν
779 3093 926 3174 δύνηται.
972 3091 1015 3175 μὴ
1044 3089 1107 3174 γάρ
1136 3090 1187 3155 ὅτι

175 3201 256 3286 πρὸς
274 3209 395 3266 τοῦτον
412 3208 567 3264 τοιοῦτον
585 3201 685 3282 ὄντα,
700 3193 772 3264 ἀλλ’
790 3195 868 3264 οὐδὲ
886 3197 968 3283 πρὸς
987 3196 1089 3262 ἀλλον
1107 3193 1180 3260 οὐδ’

175 3305 217 3370 άν
233 3298 280 3382 εἷς
299 3302 379 3372 οὐδὲ
398 3303 456 3371 ἕνα
474 3313 627 3370 τοιοῦτον
642 3305 857 3387 συνάλλαγμα
870 3304 1069 3387 ποιούμενος
1084 3301 1186 3386 ἀμαρ-

175 3412 282 3494 τύρως
305 3410 520 3496 ἀνάπραξιν·
551 3410 634 3477 ἀλλὰ
656 3421 724 3476 τῶν
746 3410 908 3475 τοιούτων
930 3407 1026 3474 ἕνεκα
1049 3404 1105 3472 καὶ
1128 3407 1187 3491 γά-

175 3537 259 3593 μους
277 3525 437 3600 ποιοῦμεν
455 3515 510 3581 καὶ
528 3520 606 3594 τοὺς
626 3517 904 3600 ἀναγκαιοτάτους
918 3519 1186 3599 παρακαλοῦμεν,
