2590 3900
405 197 501 247 RATA
519 195 786 248 ΤιαοιιΡεΤονΣ,
1035 191 1098 255 271

92 354 127 420 έκ
149 355 273 421 τούτου
296 355 335 420 τά
359 349 518 420 δεινότατ’
541 355 583 420 ἀν
605 378 655 432 τις
673 356 741 420 ι’δοι
759 351 958 438 πεπραγμέν’
981 353 1101 430 αὐτοῖς.

91 462 151 544 τήν
183 458 247 546 μὲν
274 461 338 545 γάρ
365 463 447 526 θεὸν
477 463 555 538 τοὺς
582 461 767 546 στεφάνους
794 462 1004 544 σεσυλήκαστ
1036 468 1155 542 τηςιστ

92 568 218 644 πόλεως
242 563 279 632 δέ
302 568 361 632 τὸν
384 570 481 650 ζήλου
499 566 679 650 ἠφανίκασι
697 567 756 631 τὸν
774 565 810 630 έκ
827 576 895 630 τῶν
913 567 1031 647 ἔργων,
1055 559 1103 629 ὧν

92 671 259 758 ὑπόμνημ’
286 669 372 756 ήσαν
395 675 488 749 ὄντες
512 672 547 738 οί
567 671 740 757 στέφανοι·
763 673 841 748 τοὺς
864 667 894 735 δ’
918 669 1104 748 ἀναθέντας

94 778 193 856 δόξαν
218 779 260 844 οὐ
283 779 404 863 μικράν
427 775 625 864 ἀφῄρηνται,
650 779 688 843 τὸ
712 779 823 842 δοκεῖν
846 771 895 842 ὧν
917 775 960 841 ἀν
983 770 1021 842 εὖ
1043 777 1104 841 πά-

93 882 176 949 θωσ’
199 883 332 950 ἐθέλειν
355 890 551 968 μεμνήσθαι.
588 881 643 949 καὶ
665 892 802 949 τοιαῦτα
824 880 879 949 καὶ
902 891 1045 948 τοσαῦτα
1065 884 1103 948 τὸ

93 994 221 1073 πλῆθος
248 988 320 1056 κάκ’
352 989 576 1075 εἰργασμένοι,
608 991 655 1066 εἰς
681 983 771 1055 τοῦτ’
802 989 1023 1073 ἀναισθησίας
1049 986 1104 1054 καὶ

93 1098 214 1180 τόλμης
236 1097 518 1180 προεληλύθασιν,
542 1089 626 1161 ὥσθ’
652 1094 671 1161 δ
694 1092 755 1179 μέν
778 1101 881 1160 οίεται
904 1091 948 1160 δι’
976 1095 1104 1160 ἐκείνου

41 1196 150 1284 ὑφ’
167 1201 264 1286 ὑμῶν
283 1204 510 1285 σωθήσεσθαι,
533 1197 608 1267 δδδ
626 1202 858 1285 παρακάθηται
875 1198 930 1266 καὶ
949 1200 990 1267 οὐ
1007 1224 1100 1265 κατα-

47 1324 81 1365 ιιι
94 1306 206 1373 δύεται
229 1317 300 1384 τοῖς
322 1305 572 1391 πεπραγμένοις.
610 1301 751 1372 ούτωδ’
773 1305 815 1372 οὐ
838 1309 943 1389 μόνον
962 1308 1104 1390 εί·ςχρή

95 1407 177 1494 ματ’
193 1413 346 1496 ἀναιδής,
376 1409 536 1478 ἀλλὰκαὶ
560 1414 672 1488 σκαιόςΙ
696 1409 900 1494 έστιν,”ωστ’
928 1411 989 1477 οὐκ
1013 1405 1104 1476 οἶδεν

95 1517 214 1602 έκεῖνο,
244 1520 295 1584 ότι
319 1516 477 1603 στέφανοι
501 1517 561 1602 μέν
584 1512 645 1582 εέσ’
672 1517 787 1602 ἀρετῆς
810 1528 963 1602 σημεῖον,
987 1517 1105 1601 φιάλαι

96 1619 131 1688 δὲ
157 1623 212 1692 καὶ
240 1625 280 1690 τά
307 1633 443 1689 τοιαῦτα
471 1624 633 1712 πλούτου,
662 1621 717 1688 καὶ
740 1622 903 1708 στέφανος
925 1619 986 1707 μὲν
1009 1622 1104 1704 ἅπας,

95 1726 155 1794 κάν
182 1731 298 1815 μικρὸς
325 1721 361 1816 η’,
389 1731 451 1814 τήν
479 1735 556 1812 ίσην
584 1731 776 1814 φιλοτιμίαν
803 1731 868 1814 ἔχει
892 1737 937 1818 τςό
962 1729 1104 1816 μεγάλω,

95 1831 266 1920 ἐκπώματα
297 1831 327 1900 δ’
360 1833 380 1918 ή
408 1837 612 1919 θυμιατήρια
642 1834 675 1918 [ή
703 1837 743 1899 τά
770 1843 905 1900 τοιαῦτα
933 1835 1105 1919 κτήματα],

96 1937 152 2005 ἐὰν
179 1938 240 2025 μὲν
267 1941 457 2026 ὑπερβάλλῃ
485 1949 530 2030 τῷ
558 1943 696 2025 πλήθει,
727 1943 874 2007 πλούτου
901 1942 976 2006 τινὰ
1004 1941 1105 2020 δόξαν

95 2049 335 2129 προσετρίψατο
357 2057 428 2124 τοῖς
450 2045 672 2131 κεκτημένοις,
696 2045 754 2111 ἐὰν
777 2040 807 2111 δ’
829 2045 882 2112 ἐπὶ
905 2056 1034 2132 μικροῖς
1052 2062 1104 2111 σε·

97 2152 260 2235 μνάνηταί
274 2175 334 2234 τις,
353 2150 484 2218 τοσοῦτ’
502 2151 613 2238 ἀπέχει
632 2161 691 2218 τοῦ
710 2161 804 2236 τιμῆς
822 2153 912 2229 τινὸς
931 2152 986 2216 διὰ
1001 2160 1105 2218 ταῦτα

96 2269 217 2341 τυχεῖν,
240 2255 316 2322 ὥστ’
340 2256 556 2343 ἀπειρόκαλος
578 2259 660 2342 πρὸς
683 2253 768 2336 ἔδοξ’
791 2253 885 2324 εἶναι.
922 2251 1019 2334 οὗτος
1037 2260 1104 2322 τοί-

96 2382 158 2426 νυν
185 2364 314 2429 ἀνελὼν
341 2365 381 2428 τά
408 2373 465 2447 τῆς
488 2363 600 2447 δόξης,
628 2367 773 2447 κτήματα
797 2373 857 2429 τοῦ
880 2363 1027 2429 πλοάτου
1049 2385 1104 2429 πε-

51 2482 86 2524 184
97 2471 229 2552 ποόηται
258 2469 358 2552 μικρά
384 2465 510 2547 κάνάξί
542 2469 644 2554 ὑμῶν.
689 2467 744 2534 καὶ
772 2463 845 2534 οὐδ’
875 2466 972 2534 ἐκεῖν’
1004 2465 1105 2554 εἶδεν,

98 2569 147 2638 ότι
173 2576 256 2659 πρὸς
282 2571 343 2659 μὲν
370 2575 545 2660 χρημάτων
572 2583 688 2658 κτήσιν
717 2571 927 2640 οὐδεπώποθ’
954 2573 973 2640 ὁ
1002 2576 1106 2660 δῆμος

98 2675 300 2762 ἐσπούδασε,
312 2680 394 2761 πρὸς
414 2676 450 2744 δὲ
469 2678 567 2762 δόξης
585 2679 629 2756 ὡς
648 2675 727 2744 οὐδὲ
745 2681 827 2764 πρὸς
845 2680 882 2745 ἓν
900 2690 967 2745 τῶν
985 2681 1103 2748 ἀλλων.

97 2788 271 2870 τεκμήριον
294 2784 343 2850 δέ·
366 2787 514 2871 χρήματα
538 2782 598 2870 μέν
616 2786 679 2869 γάρ
698 2790 833 2850 πλεῖστα
851 2795 919 2850 τῶν
937 2782 1105 2870 Ἑλλήνων

98 2887 174 2956 ποτδ
202 2892 305 2976 σχών,
334 2888 457 2956 ἅπανθ’
484 2886 567 2975 ὑπὲρ
596 2894 784 2975 φιλοτιμίας
807 2889 994 2975 ἀνήλωσεν,
1021 2888 1104 2978 ὑπὲρ

99 2989 134 3058 δὲ
161 2997 258 3080 δόξης
282 2994 447 3081 εἰσφέρων
470 2996 595 3061 ἐκτῶν
620 2998 715 3062 ἰδίων
739 2995 860 3062 οὐδένα
883 2997 1013 3062 πώποτε
1034 3001 1104 3062 κίν-

100 3098 202 3168 δυνον
220 3101 340 3185 έξέστη.
378 3099 434 3186 ἀφ’
458 3095 506 3168 διν
523 3099 657 3187 κτήματ’
680 3097 819 3167 ἀθάνατ’
841 3101 929 3191 αὐτῷ
948 3105 1104 3186 περίεστι,

99 3205 137 3269 τά
163 3205 223 3293 μέν
250 3218 316 3273 τῶν
341 3210 449 3293 ἔργων
471 3207 491 3291 ή
515 3211 641 3292 μνήμη,
668 3210 708 3273 τά
732 3205 768 3273 δὲ
792 3219 858 3272 τῶν
881 3207 1105 3292 ἀναθημάτων

99 3321 164 3379 τῶν
195 3311 243 3380 ἐπ’
279 3313 417 3391 έκείυοις
449 3312 640 3379 σταθέντων
670 3314 708 3378 τὸ
740 3313 874 3397 κάλλος,
906 3315 1095 3398 προπύλαια
1105 3327 1157 3378 7⁶8
1283 3385 1284 3406 1

99 3415 209 3504 ταῦθ’,
232 3420 250 3487 ό
273 3421 463 3506 παρθευδνν,
487 3417 592 3502 στοαὶ,
614 3420 798 3502 νεώσοικοι,
822 3419 883 3484 οὐκ
902 3419 1103 3504 ἀμφορίσκοι

101 3521 153 3588 δύ’
184 3523 263 3593 οὐδὲ
294 3527 448 3611 χρυσίδες
480 3525 628 3610 τέτταρες
655 3523 675 3610 ή
703 3536 804 3609 τρεῖς,
837 3519 952 3608 ἀγουσ’
984 3523 1101 3600 ἑκάστη
