2614 3904
148 133 217 202 388
431 135 557 188 xxxm.
581 130 885 203 [Δεωοτοεαονε]

582 413 733 480 XXXIII.

220 574 361 650 ΠΡΟΣ
388 573 729 650 ΑΠΑΤΟΥΡΙΟΝ
756 571 1089 649 ΠΑΡΑΓΡΑΦΗ.

556 743 756 797 ΤΠΟΘΕΣΙΣ.

236 853 268 919 Ὁ
290 853 555 936 παραγραφύμενος
577 854 633 935 τήν
652 855 741 935 δίκην
759 855 823 939 ίδία
841 853 896 936 μέν
914 877 981 916 τινα
999 853 1175 935 συμβόλαια

151 951 225 1034 πρὸς
250 948 444 1031 Ἀπατούριον
471 948 544 1030 έχων
569 947 678 1028 άφεσιν
700 945 748 1011 ἐπ’
774 950 899 1024 ἐκείνοις
921 950 972 1013 καλ
993 949 1173 1033 ἀπαλλαγήν
1238 943 1240 950 “

151 1049 322 1129 ἐποιήσατο,
350 1057 409 1110 νύν
434 1041 462 1110 δ’
487 1044 562 1128 ὑπὲρ
585 1045 797 1127 Παρμένοντος
819 1047 983 1130 ἐγκαλεῖται
1004 1047 1055 1109 καλ
1077 1047 1172 1110 ἀπαι·

151 1151 239 1207 νεῖται
260 1145 400 1226 χρήματα.
444 1139 460 1206 δ
483 1143 539 1225 γὰρ
562 1141 731 1224 Παρμένων
754 1147 875 1225 πολίτης
899 1142 953 1226 μέν
976 1137 1015 1226 ήν
1038 1155 1091 1208 τοῦ
1116 1145 1171 1225 έμ-

152 1241 247 1322 πύρου
270 1251 323 1306 τοῦ
343 1235 542 1322 Ἀπατουρίου,
555 1241 728 1320 Βυζάντιος,
751 1241 854 1323 φυγήν
878 1237 906 1303 δ’
931 1241 1039 1322 ἕκτης
1062 1243 1170 1323 πατρί-

153 1340 206 1414 δος
222 1339 453 1402 κατεδεδίκαστο.
489 1338 566 1423 φίλῳ
586 1335 617 1398 δέ
636 1332 700 1398 κατ’
721 1336 812 1419 ἀρχὰς
829 1343 870 1424 τῷ
891 1333 1073 1424 Ἀπατουρίῳ
1091 1339 1169 1420 χρά-

151 1458 252 1517 μενος,
274 1437 397 1516 ὕστερον
419 1435 626 1516 προσκρούσας
649 1434 691 1507 είς
714 1435 798 1508 δίκας
816 1427 902 1516 ήλθε,
925 1434 975 1497 καλ
992 1435 1096 1498 ἐδίωκε
1114 1436 1169 1498 τὸν

149 1527 343 1615 Ἀπατούριον
361 1537 482 1614 πληγῶν
500 1553 530 1594 τε
547 1529 598 1592 καί
615 1530 740 1611 βλάβης,
758 1530 896 1606 κάκεῖνος
914 1524 1007 1606 αὖθις
1025 1540 1065 1619 τῷ
1083 1537 1169 1616 Παρ-

126 1629 272 1712 τμένοντι
295 1629 382 1709 δίκην
405 1627 569 1709 ἀντέλαχεν.
611 1623 628 1688 δ
652 1625 706 1708 μὲν
729 1620 784 1692 ούν
805 1623 998 1711 Ἀπατούριος
1021 1630 1067 1693 ένλ
1090 1631 1169 1692 διαι·

152 1736 224 1813 τητη
256 1725 287 1788 τδ
316 1720 427 1808 πρᾶγμ’
457 1725 654 1806 ἐπιτραπῆναί
683 1744 778 1806 φησιν
807 1721 997 1808 Ἀριστοκλεῖ,
1029 1727 1169 1793 κάκεῖνον

152 1833 338 1905 καταγνῶναι
364 1833 417 1886 τοῦ
440 1822 664 1904 Παρμένοντος·
693 1821 793 1904 διόπερ
821 1822 870 1885 έπλ
897 1835 1003 1887 τοῦτον
1027 1826 1092 1906 ήκει
1115 1827 1168 1890 τὸν

152 1931 211 1984 νῦν
233 1919 502 2003 παραγραφύμενον
519 1919 575 1999 τήν
598 1920 696 1999 δίκην,
718 1919 864 2002 ἐγγυητήν
883 1931 936 1984 τοῦ
954 1923 1168 2004 Παρμένοντος

152 2025 330 2102 γεγενῆσθαι
361 2018 493 2096 φάσκων.
538 2014 555 2079 δ
587 2011 616 2080 δ’
647 2013 736 2079 οὐδέν
768 2019 882 2080 τούτων
912 2016 1062 2102 ὁμολογεῖ,
1094 2021 1169 2083 ἀλλὰ

152 2126 270 2198 πρῶτον
298 2114 353 2195 μέν
380 2132 455 2193 φησι
481 2112 575 2196 τρισίν
599 2113 709 2188 αύτούς
731 2112 886 2196 ἐπιτρέψαι
910 2116 1086 2198 διαιτηταῖς,
1114 2118 1169 2200 ούχ

151 2212 198 2277 ένλ
215 2219 255 2298 τῷ
270 2208 455 2292 Ἀριστοκλεῖ,
473 2206 561 2272 ἔπειτ’
582 2210 728 2292 ἐγγυητήν
746 2221 799 2276 τοῦ
817 2211 1033 2294 Παρμένοντος
1051 2215 1085 2278 έν
1103 2223 1168 2290 ταῖς

152 2311 320 2390 συνθήκαις
335 2307 499 2390 ’Ἀρχιππον
512 2315 674 2389 γραφῆναι,
692 2307 834 2384 κάκείνας
848 2305 877 2372 δ’
893 2309 1103 2393 ἀφανισθῆναι
1116 2314 1168 2388 τὰς

152 2407 308 2486 συνθήκας
335 2405 497 2490 κακουργίᾳ
518 2414 572 2466 τού
597 2399 807 2487 Ἀπατουρίου,
836 2409 993 2482 πείσαντος
1015 2409 1068 2472 τὸν
1091 2406 1169 2492 Ἀρι-

152 2503 273 2570 στοκλέα
289 2503 341 2566 τὸν
359 2497 452 2585 ἔχοντ’
473 2501 564 2575 αὐτὰς
583 2500 623 2582 μή
642 2503 772 2582 κομίζειν
792 2506 834 2578 εἰς
853 2504 955 2585 μέσον,
972 2505 1045 2570 ἀλλά
1064 2507 1158 2589 λέγειν
1169 2529 1216 2580 892

128 2601 194 2676 εὼς
217 2599 380 2664 ἀπολώλεκε
402 2598 435 2663 τδ
457 2607 655 2682 γραμματεῖον
677 2603 839 2665 καθεύδων
863 2600 879 2664 δ
902 2610 987 2678 παῖς·
1015 2605 1114 2686 ἑτέρας
1137 2602 1167 2667 δ’

154 2699 252 2764 ούκέτι
282 2707 435 2782 γραφῆναι
464 2697 635 2776 συνθήκας,
668 2692 734 2759 οὐδ’
764 2699 961 2782 ἐπιτραπῆναι
989 2701 1021 2764 τδ
1049 2713 1169 2785 πρᾶγμα

154 2799 266 2883 διαίτη,
294 2806 345 2876 τῆς
373 2793 427 2875 μὲν
454 2793 595 2876 πρότερον
623 2791 832 2875 ἀναιρεθείσης
861 2806 896 2883 τη
922 2807 981 2859 τῶν
1004 2807 1168 2879 συνθηκῶν

154 2894 297 2979 ἀπωλείᾳ,
329 2892 465 2974 δευτέρας
493 2886 521 2953 δ’
552 2889 650 2953 ούκέτι
678 2893 882 2973 συμβαθείσης
910 2894 1026 2969 αὐτοῖς·
1057 2896 1109 2958 τὸν
1137 2892 1165 2959 δ’

151 2988 334 3074 Ἀριστοκλέα
360 2989 440 3070 παρὰ
467 2990 564 3050 πάντα
591 2987 626 3049 τδι
654 2989 754 3048 δίκαια
782 2989 855 3050 κατὰ
880 3001 933 3052 τού
957 2991 1167 3073 Παρμένοντος

154 3087 372 3166 ἀποφήνασθαι
394 3080 491 3149 οὐκέτ’
517 3081 589 3146 ὄντα
613 3084 776 3163 διαιτητήν,
798 3085 848 3147 καλ
870 3082 952 3149 ταῦτ’
975 3087 1167 3168 ἀποδημοῦν-

154 3184 204 3258 τύς
226 3207 256 3246 τε
278 3194 330 3246 τοῦ
350 3182 561 3266 Παρμένοντος
586 3179 660 3242 κατὰ
683 3182 842 3263 συμφορὰν
863 3186 1003 3266 μεγάλην,
1025 3185 1074 3247 καί
1092 3185 1168 3265 ἀπη-

155 3281 328 3364 γορευκότος
355 3279 435 3363 αύτῷ
463 3279 505 3360 μή
535 3280 659 3340 διαιτᾶν.
704 3281 796 3341 ταῦτά
822 3276 848 3342 τ’
874 3273 930 3344 ούν
958 3279 975 3343 δ
1002 3281 1058 3361 τήν
1081 3284 1168 3363 δίκην

156 3379 275 3457 φεύγων
296 3376 479 3456 προτείνεται
497 3375 531 3436 τδι
551 3376 661 3455 δίκαια,
682 3375 733 3437 καί
751 3379 972 3460 παραγράφεται
989 3377 1041 3441 τὸν
1059 3379 1168 3462 ἀγῶνα,

156 3471 250 3549 λέγων
273 3471 320 3533 ἕπλ
344 3469 397 3550 μέν
420 3477 481 3545 τοῖς
504 3471 674 3552 γενομένοις
693 3473 772 3558 αύτῷ
791 3474 864 3552 πρὸς
884 3469 1077 3554 Ἀπατούριον
1095 3494 1167 3556 συμ-
