2590 3900
154 135 220 201 250
456 139 553 192 mv.
578 138 858 192 οειιιοεοειιουε

198 326 226 364 τι
252 301 306 384 χρὴ
334 307 446 364 παθεῖν
468 301 561 365 αὑτὸν
582 300 603 382 ἢ
626 300 784 365 ίατοτεῖσαι.
829 300 882 365 έδιν
905 295 934 364 δ’
959 300 1103 384 ἀργυρίου
1125 325 1170 366 τι·

199 405 301 485 μηθῇ,
324 397 456 462 δεδέσθω
478 397 549 473 τέως
571 395 610 460 διν
632 397 753 486 ἐκτείση.

102 530 141 571 ιοε
234 507 367 593 Ὅμοιός
393 507 439 594 γ’,
467 510 508 577 οὑ
536 513 613 597 γάρ;
648 507 674 577 ὦ
702 513 822 598 ἀνδρες
846 509 1019 595 Ἀθηναῖοι
1046 513 1169 576 Σόλων

153 613 340 699 νομοθέτης
361 614 417 682 καὶ
444 617 656 701 Τιμοκράτης.
703 616 721 684 δ
745 616 806 703 μέν
828 641 865 702 γε
888 616 944 683 καί
966 620 1046 694 τοὺς
1067 617 1169 694 ὄντας

154 722 305 802 βελτίους
331 731 422 787 ποιεί
445 720 500 788 καὶ
527 725 607 800 τοὺς
629 721 809 807 μέλλοντας
831 725 982 789 ἔσεσθαι·
1010 722 1028 788 ό
1052 717 1088 788 δέ
1110 719 1168 788 καί

154 835 224 902 τοῖς
249 824 481 909 γεγενημένοις
503 838 677 911 πονηροῖς,
706 827 796 905 ὅπως
817 828 863 914 μη
887 829 1034 895 δώσουσι
1056 829 1167 912 δίκην,

154 929 236 996 ὁδὸν
263 931 426 1015 δείκνυσι,
454 930 607 1010 καὶτοῖς
634 928 732 1000 οὖσιν
759 934 848 1011 ὅπως
875 934 970 1000 άδεια
992 936 1168 1018 γενήσεται

152 1047 352 1119 κακουργεῖν
375 1036 531 1122 εὑρίσκει,
555 1036 611 1104 καί
633 1049 703 1116 τοῖς
721 1037 900 1124 μέλλουσιν
918 1042 1065 1122 ἔσεσθαι,
1087 1042 1169 1116 τοὺς

154 1140 188 1220 ἐξ
210 1140 366 1209 ἁπάντων
387 1153 455 1208 τῶν
473 1145 605 1229 χρόνων
623 1148 802 1231 πονηρούς,
825 1146 915 1223 ὅπως
932 1149 1063 1216 ἔσονται
1082 1154 1167 1234 σῷοι

102 1270 142 1311 ιω
155 1245 211 1313 καί
236 1243 341 1333 μηδὲν
367 1251 553 1333 πείσονται,
585 1251 850 1336 παρασκευάζων.
895 1255 1002 1318 καίτοι
1027 1249 1090 1318 τίν’
1123 1249 1167 1317 ἀν

153 1353 248 1434 ἀξίαν
270 1355 313 1420 σὺ
337 1355 430 1438 δοίης
454 1355 565 1439 δίκην,
594 1355 615 1440 ἢ
638 1359 673 1421 τί
693 1357 813 1422 παθὼν
836 1355 879 1423 ἀν
900 1359 941 1422 τδι
962 1359 1161 1441 προσήκοντ’

153 1466 223 1542 είης
240 1461 427 1542 πεπονθώς,
446 1459 493 1543 ὃς,
511 1457 631 1546 τὰμὲν
650 1459 722 1526 ἀλλ’
744 1461 798 1546 ἐῶ,
817 1461 901 1528 ἀλλά
920 1465 998 1540 τοὺς
1015 1472 1061 1552 τῷ
1078 1467 1166 1550 γήρα

152 1568 303 1650 βοηθοὺς
334 1569 502 1650 λυμαίνει,
534 1569 571 1632 οἳ
594 1564 649 1632 καὶ
678 1570 799 1647 ζῶντας
827 1567 1046 1650 ἀναγκάζουσι
1074 1571 1165 1650 [τοὺς

152 1672 286 1753 παῖδας]
306 1674 384 1748 τοὺς
401 1670 521 1755 γονέας
538 1671 685 1756 τρέφειν,
708 1670 763 1738 καὶ
783 1672 917 1738 ἐπειδάν
935 1672 1164 1757 ἀποθάνωσιν,

153 1777 242 1854 ὅπως
271 1788 339 1844 τῶν
366 1776 592 1862 νομιζομένων
620 1777 760 1862 τύχωσι,
790 1779 1109 1866 παρασκευάζουσινς
1141 1777 1163 1864 ἣ

151 1895 221 1960 πῶς
246 1882 287 1949 ού
308 1883 462 1960 κάκιστος
485 1882 639 1950 ἁπάντων
662 1882 853 1969 ἀνθρώπων
877 1886 1011 1961 δικαίως
1033 1881 1076 1949 διν
1097 1907 1153 1950 νο-
1165 1897 1217 1949 ’134

152 1986 264 2074 μίζοί,
292 1988 396 2072 ὅστις,
426 1982 452 2053 ἀ
479 1990 656 2075 κατάρατε,
684 1988 759 2075 περὶ
782 1993 935 2066 πλείονος
957 1993 1062 2075 φαίνη
1084 1993 1164 2068 τοὺς

152 2094 291 2172 κλέπτας
316 2093 372 2161 καὶ
399 2097 478 2171 τοὺς
504 2095 712 2179 κακούργους
739 2093 794 2160 καὶ
821 2098 900 2173 τοὺς
925 2094 1164 2180 ἀστρατεύτους

152 2212 209 2287 τῆς
231 2201 390 2285 πατρίδος
412 2201 621 2283 ποιούμενος,
648 2197 703 2265 καὶ
727 2200 782 2265 διὰ
804 2201 944 2277 τούτους
965 2195 1043 2266 καθ’
1068 2201 1163 2286 ἡμῶν

151 2311 257 2392 νόμον
279 2309 389 2390 τίθης;

98 2433 138 2475 ιω
240 2413 411 2497 Βούλομαι
431 2414 549 2478 τοίνυν
571 2411 662 2496 ὑμίν,
685 2409 707 2476 ἀ
728 2410 921 2497 ὑπεσχόμην
943 2411 980 2476 έν
1000 2411 1083 2497 ἀρχῇ
1101 2422 1162 2478 τοῦ

28 2542 31 2548 ·
151 2522 266 2603 λόγου,
288 2517 555 2601 ἀπολογίσασθαι
577 2515 766 2601 πεποιηκότ’
794 2517 945 2601 ἐμαυτόν.
989 2521 1075 2603 ἔφην
1097 2520 1161 2605 γάρ

151 2626 254 2693 αὐτὸν
281 2623 458 2707 ἐξελέγξειν
485 2625 567 2690 κατδι
594 2617 689 2689 πάντ’
715 2625 835 2708 ἔνοχον
863 2624 943 2689 όντα
970 2633 1010 2709 τῇ
1037 2634 1160 2710 γραφῇ,

150 2742 283 2817 πρῶτον
302 2727 363 2815 μέν
380 2731 470 2814 παρδι
487 2733 565 2807 τοὺς
582 2732 707 2814 νόμους
723 2738 984 2814 νομοθετοῦντα,
1004 2728 1161 2816 δεύτερον

151 2833 182 2903 δ’
208 2838 389 2904 ὑπεναντία
415 2848 485 2914 τοῖς
513 2830 589 2901 οὖσι
615 2838 733 2919 νόμοις
757 2838 961 2921 γεγραφότα,
988 2837 1100 2922 τρίτον
1123 2833 1161 2903 δέ

150 2953 286 3009 τοιαῦτα
315 2937 359 3008 δι’
385 2937 433 3008 ὧν
455 2945 592 3027 βλάπτει
614 2942 675 3026 τὴν
699 2944 805 3007 πόλιν.
851 2941 976 3008 οὐκοῦν
998 2941 1160 3025 ἠκούσατε

150 3061 218 3116 τῶν
248 3051 377 3135 νόμων,
410 3047 431 3114 ἀ
462 3049 635 3115 κελεύουσι
666 3058 775 3113 ποιεῖν
805 3048 866 3112 τὸν
891 3044 1028 3113 τιθέντα
1053 3050 1160 3132 νόμον

150 3158 280 3222 καινόν·
303 3154 358 3222 καὶ
380 3156 481 3221 πάλιν
503 3155 589 3239 ὑμᾶς
612 3152 757 3237 ἐδίδαξα,
781 3153 831 3218 ὅτι
851 3153 979 3219 τούτων
998 3150 1071 3219 οὐδ’
1094 3153 1161 3218 ὁτι-

97 3279 137 3319 100
151 3270 214 3327 οῦν
241 3261 394 3346 ἐποίησεν
421 3255 526 3338 οὗτος.
572 3257 627 3325 καὶ
655 3260 721 3343 μην
747 3258 909 3325 κάκείνων
934 3257 1069 3341 ἠκούετε
1092 3269 1160 3324 τῶν

151 3368 279 3449 νόμων,
307 3358 357 3443 οἷς
380 3365 530 3442 ἐναντίος
553 3365 600 3431 ὢν
623 3360 776 3449 ἐφαίνεθ’
802 3363 820 3430 ὁ
843 3364 977 3430 τούτου·
1006 3361 1062 3429 καί
1083 3365 1160 3428 τού-

151 3491 229 3543 τους
256 3471 306 3534 ότι
333 3470 412 3555 πρὶν
437 3476 536 3538 λῦσαι
557 3472 655 3537 τόνδε
678 3469 819 3554 τέθηκεν
841 3468 1028 3534 ἐπίστασθε.
1074 3467 1158 3534 ἀλλὰ
