2622 3938
357 783 733 859 COMMENTARIUS
761 781 986 858 ORITIOUS.

270 1065 328 1115 XX.
361 1064 449 1114 ΠΕΡΙ
467 1065 542 1114 ΤΗΣ
561 1063 742 1113 mmmm
762 1063 859 1114 ΠΡΟΣ
878 1063 1078 1114 ΛΕΠΤΙΝΗΝ.

239 1167 438 1220 ΤΠΟΘΕΣΙΣ.
467 1171 483 1233 g
498 1173 512 1220 1
528 1163 610 1235 (μηδὲ
626 1165 658 1221 τὸ
672 1165 725 1221 Dd.
741 1163 803 1220 coll.
814 1163 1056 1234 Georg.Diaerete
1069 1163 1114 1220 W.
1124 1165 1178 1220 Rh.

168 1245 214 1313 vl,
235 1252 298 1299 537:
328 1245 395 1315 μήτε
414 1245 464 1312 τὸ.)
492 1275 528 1286 -
555 1244 717 1315 Μαίσχρὸν
735 1243 847 1298 Hwolf.
866 1243 932 1299 Dd.:
961 1247 1079 1314 αἴσχιον,
1102 1245 1179 1312 quod

168 1323 255 1378 ebiem
266 1323 365 1392 Georg.
376 1323 467 1393 legit.)
475 1355 510 1364 -
524 1327 658 1377 ΑΛΛΩΣ,
676 1329 691 1390 ξ
702 1331 717 1378 1
728 1321 856 1394 (γράφων
866 1319 980 1392 Teyler:
994 1323 1133 1393 γράφειν.)
1145 1355 1179 1365 -

168 1402 264 1466 ἄλλαις
282 1423 314 1462 τε,
329 1403 411 1457 Vem:
439 1402 565 1472 μάλιστα.
585 1434 619 1444 -
643 1409 658 1456 2
677 1405 743 1472 post
761 1401 811 1456 καὶ
829 1400 922 1456 οίκίυιν
941 1404 1006 1458 edd.
1025 1402 1074 1456 καὶ
1092 1405 1180 1472 δημο-

168 1485 233 1537 σίαν
247 1483 299 1551 τὴν
314 1484 413 1538 οὐσίαν
427 1483 597 1536 Herwerden
610 1485 645 1549 (v.
663 1488 678 1548 ξ
693 1486 768 1550 156);
787 1497 838 1550 pro
852 1481 900 1534 ναί
918 1481 1011 1536 σίκίσιν
1025 1483 1095 1536 haec
1114 1483 1180 1536 sub-

168 1559 312 1614 stituenda
327 1561 359 1615 ei.
375 1561 451 1616 Weil
470 1564 512 1630 (et
525 1579 550 1616 v.
566 1561 637 1629 XIX,
653 1565 706 1630 01).
728 1593 757 1600 -
779 1567 794 1612 3
814 1563 965 1629 (Λεπτίνην
978 1579 1034 1631 mg.
1048 1561 1179 1616 Lambini

168 1639 231 1693 Ald.
246 1639 397 1695 Voemelii:
416 1641 558 1710 Λεπτίνῃ.)
580 1672 611 1682 -
632 1640 715 1709 (κατὰ
734 1648 789 1694 τῶν
808 1639 901 1709 νόμων
919 1640 998 1694 Bodl.
1018 1657 1063 1710 ep.
1078 1641 1179 1710 Taylo-

169 1737 242 1772 rum:
270 1720 343 1774 κατὰ
361 1720 410 1774 τὸν
430 1719 536 1788 νόμον.)
561 1752 592 1760 -
618 1718 769 1789 (Ἀφεψίων
788 1737 827 1785 ις
850 1718 882 1773 it.
902 1723 938 1790 7.)
959 1751 990 1760 -
1015 1721 1102 1775 40οκ
1121 1718 1179 1775 ἔστι

169 1800 281 1853 δίκαιον
299 1798 362 1852 Ald.
381 1798 532 1853 Voemelii:
559 1800 610 1853 οὐκ
630 1797 687 1853 ἔστι
706 1817 731 1853 v.
750 1798 808 1866 Dd„
827 1797 922 1853 δεινόν
942 1795 999 1853 ἔστι
1017 1799 1113 1853 Morel.
1133 1803 1180 1867 (ex

169 1880 239 1947 ςί).
265 1910 289 1916 -
323 1886 338 1932 0
363 1875 393 1932 δὲ
417 1881 483 1947 pose
502 1873 614 1946 ἐποίησε
638 1877 745 1932 addidi.
766 1891 798 1918 ‘-
821 1883 859 1949 τῷ
878 1877 954 1951 νόμῳ
974 1922 996 1934 .,
1016 1881 1179 1943 κελεύοντος

169 1954 279 2012 ἐκείνου
301 1956 446 2010 Ρειίεἰιιεε
465 1957 622 2027 exemplum
641 1957 808 2011 Thiersehii:
828 1966 883 2012 τῶν
903 1957 1035 2027 νόμων..
1050 1957 1180 2012 κελευόν-

168 2058 223 2091 των
238 2033 363 2091 ἐκείνων.
380 2069 410 2076 -
432 2044 448 2091 6
467 2036 626 2108 ἀμοιβῶνῦ
645 2037 694 2092 eL:
714 2039 835 2105 δωρεῶν.
852 2069 880 2075 -
899 2033 960 2107 (ἐὰν
974 2039 1038 2099 τοὺς
1053 2081 1075 2092 ..
1090 2039 1181 2106 ἀφαι-

169 2121 257 2185 ρῆσθε
274 2115 371 2170 Wolf:
392 2111 508 2177 ἑαυτοὺς
529 2160 552 2171 ..
572 2117 778 2184 ἀφαιρεῖσθαι.)
799 2147 832 2156 -
853 2124 868 2170 8
888 2119 1055 2184 καθίστησιν
1074 2117 1179 2172 αὐτόν

168 2195 254 2250 Wolf.
275 2227 306 2235 -
328 2196 376 2249 τὸν
390 2195 487 2265 νόμον,
506 2195 557 2263 τὴν
577 2196 708 2250 σύστασιν
723 2191 754 2249 ἐν
768 2195 831 2250 Ald.
847 2195 996 2249 Voemelii:
1016 2205 1070 2250 τῶν
1085 2195 1181 2265 νόμων

167 2276 219 2344 τὴν
238 2276 381 2340 σύστασιν,
403 2273 441 2328 εἰι.
466 2306 499 2315 -
529 2283 543 2328 9
564 2277 593 2328 τί
608 2275 673 2344 γάρς
700 2273 824 2329 αἰτιᾶται
843 2275 985 2343 FAWolf.,
1007 2277 1037 2329 τί
1052 2275 1104 2345 γὰρ
1124 2275 1179 2332 υιίτ,

169 2354 281 2426 scripsi:
303 2354 343 2410 ἔτι
356 2355 409 2424 γὰρ
424 2353 477 2409 αίτ.
496 2387 509 2392 —
546 2355 595 2409 τὸν
613 2358 679 2423 post
692 2353 780 2423 νόμον
794 2354 900 2410 addidi.
917 2387 948 2394 -
968 2355 1016 2408 καί
1035 2355 1083 2409 διὰ
1096 2364 1180 2411 τοῦτο

168 2435 296 2490 πάντων
311 2435 383 2502 Ald.‚
398 2435 471 2486 unde
487 2434 630 2489 καὶτοῦτο
645 2433 694 2488 διὰ
707 2433 822 2488 πάντων
837 2433 947 2488 HWolf.
963 2466 996 2474 —
1013 2435 1108 2489 1οτον
1123 2435 1179 2490 del.

169 2515 235 2570 mal.
246 2515 365 2584 Sauppe.
383 2547 415 2553 —
432 2520 463 2566 11
476 2513 621 2583 εὐφήμους
634 2513 717 2568 vind.
729 2521 757 2567 7:
773 2512 912 2583 εὐφήμως.
975 2516 1066 2580 0251
1083 2517 1180 2569 είνεκοι

169 2593 248 2663 prius
263 2594 317 2648 del.
333 2593 366 2646 ei.
377 2593 554 2662 Herwerden,
572 2609 628 2662 que
642 2596 750 2647 ratione
764 2593 873 2647 numeri
888 2592 974 2646 etiem
988 2593 1180 2648 concinnioren

168 2673 244 2727 fient.
258 2705 289 2711 —
305 2675 371 2741 post
381 2671 533 2741 συμφέρειν
543 2689 597 2728 οιιι.
607 2680 640 2744 τῇ
651 2671 731 2728 πόλει
745 2690 807 2726 eum
818 2671 934 2727 Aristid.
944 2691 970 2740 p.
982 2679 1034 2727 404
1042 2672 1096 2740 W.,
1110 2673 1179 2726 Her-

168 2751 295 2821 mogenis
305 2752 381 2804 Perr.
395 2751 469 2805 Mon.
480 2769 506 2820 p.
524 2760 556 2806 70
567 2770 608 2820 sq.
623 2756 700 2822 (post
713 2754 847 2806 λελύσθαι
863 2752 928 2805 add.
943 2751 1063 2805 Perisini
1072 2752 1102 2804 in
1111 2756 1179 2821 μρ.);

169 2832 200 2886 it.
218 2849 245 2900 p.
261 2837 321 2899 268,
341 2829 390 2884 ubi
409 2847 462 2884 om.
477 2830 597 2884 Parisini
615 2831 698 2886 vind.
714 2831 787 2886 Mon.
803 2832 924 2886 Tzetzes.
941 2834 972 2886 V.
987 2831 1073 2885 etiam
1092 2830 1178 2887 schol.

169 2912 263 2965 Herm.
277 2909 323 2977 Vl,
340 2915 400 2978 347,
417 2915 461 2974 15;
482 2915 541 2978 509,
558 2918 572 2964 5
587 2910 630 2965 W.
662 2912 763 2966 Exstat
776 2920 809 2982 τῇ
824 2931 852 2965 π.
868 2914 943 2981 (post
957 2909 1119 2980 συμφέρειν)
1133 2927 1178 2981 ep.

169 2991 291 3044 Demetr.
315 3010 344 3042 π.
365 2984 424 3058 ἕρμ.
448 2995 481 3054 ιε
501 2996 542 3042 10.
566 2997 613 3054 203
638 2991 672 3044 of.
698 2990 784 3045 etiam
808 2990 923 3045 Aristid.
942 2991 981 3057 ΙΙ,
1000 2996 1050 3043 611
1066 3008 1106 3058 sq.
1125 2990 1178 3046 Dd.

169 3072 256 3124 Ante
276 3068 428 3138 συμφέρειν
450 3067 541 3122 estin
554 3072 650 3124 nosssro
664 3070 691 3125 k.
713 3103 741 3109 —
764 3073 936 3139 (συναιρειν
949 3087 990 3138 pr.
1006 3069 1045 3139 S.)
1063 3101 1095 3109 —
1115 3074 1181 3138 post

170 3145 233 3219 ἐρεῖ
251 3165 306 3205 om.
328 3148 393 3217 περὶ
417 3149 503 3203 αὐτοῦ
528 3165 590 3202 eum
613 3148 710 3219 Apsin.
729 3168 756 3219 p.
772 3157 823 3205 506
842 3149 900 3218 W„
923 3151 1053 3218 Hermog.
1077 3169 1103 3218 p.
1119 3157 1179 3217 292,

170 3230 219 3298 qui
238 3228 273 3282 de
293 3226 420 3282 clausula
438 3227 543 3282 diserte
561 3231 692 3298 testetur,
716 3228 802 3283 schol.
819 3230 913 3283 Herm.
931 3228 1058 3296 V1,347;
1085 3237 1180 3283 temen

170 3307 373 3378 interpolatum
392 3310 436 3362 εεί
454 3324 498 3376 ap.
514 3308 633 3362 eundem
651 3308 854 3377 Hermogenem
872 3327 899 3376 p.
915 3313 975 3362 109.
994 3314 1053 3362 289.
1073 3315 1132 3363 428.
1147 3341 1178 3348 -

169 3391 236 3458 post
252 3387 332 3450 τινὰς
347 3404 400 3441 om.
415 3387 586 3455 ἀνθρώπους
604 3404 668 3441 eum
681 3385 816 3440 Parisinis
831 3391 860 3440 et
872 3387 980 3441 Monac.
996 3387 1180 3457 Hermogenis

171 3487 198 3538 p.
212 3473 265 3522 428
285 3469 394 3536 (contre
413 3465 469 3522 ibd.
489 3471 540 3520 289
561 3467 644 3536 ἀνθρ.
666 3469 770 3533 exstet,
794 3466 872 3528 τινὰς
890 3465 920 3520 in
935 3466 1077 3534 plerisque
1096 3468 1179 3517 omis-
