2612 3918
176 166 224 232 80
497 171 568 222 XXI.
591 167 871 222 ΔΗΜΟΣΘΕΝΟΤΣ

176 326 277 411 λέγω,
300 329 391 394 κάλει
414 351 471 413 μοι
492 329 622 395 τούτων
641 330 720 405 τοὺς
738 327 917 412 μάρτυρας,
939 323 985 392 ἵν’
1007 322 1118 408 εἰδῆθ’
1141 325 1192 390 ὅτι

175 433 261 519 πρίν
282 436 363 501 κατδι
385 437 464 512 τοὺς
485 437 610 520 νόμους
630 435 728 517 δίκην
747 429 795 500 ὧν
814 435 1004 520 [πρότερον]
1022 432 1193 516 ἠδικήθην

176 543 310 625 λαβεῖν,
333 542 433 606 πάλιν
456 533 588 606 τοιαῦθ’
614 530 660 606 οἷ’
687 537 848 624 ἀκηκόαθ’
874 539 1042 624 ὕβρισμαι.

588 752 781 805 ΜΔΡΤΤΡῙΔ.

272 869 492 950 [Καλλισθένης
514 870 681 951 Σφήττιος,
703 870 867 952 Διόγνητος
892 869 1046 950 Θορίκιος,
1069 868 1192 946 Μνησί-

224 975 297 1041 θεος
317 963 538 1047 Ἀλωπεκῆθεν,
561 967 683 1048 οἴδαμεν
706 965 904 1048 Δημοσθένη,
927 953 951 1054 ᾧ
975 975 1192 1048 μαρτυροῦμεν,

224 1065 322 1147 κρίσιν
345 1064 496 1146 λελογχότα
514 1065 630 1149 Μειδία
651 1063 785 1144 ἐξούλης,
807 1070 847 1150 τῷ
869 1063 920 1127 καί
942 1073 1001 1126 νῶν
1024 1058 1076 1125 ὑπ’
1097 1061 1191 1125 αὐτοῦ

225 1159 390 1247 κρινομίνφ
413 1161 551 1246 δημοσία,
573 1160 623 1223 καί
643 1159 703 1241 ἤδη
721 1169 756 1246 τη
775 1161 867 1242 κρίσει
884 1159 983 1245 ἐκείνη
1002 1159 1191 1241 διαγεγονότα

224 1258 275 1338 ἔτη
306 1256 396 1337 ὀκτώ,
427 1257 477 1319 καί
508 1267 561 1320 τοῦ
593 1259 701 1339 χρόνον
731 1256 927 1340 γεγενημένον
957 1255 1068 1329 παντὸς
1095 1256 1191 1318 αίτιον

226 1354 360 1416 Μειδίαν
383 1351 428 1416 ἀεί
450 1355 706 1436 προφασιζόμενον
729 1354 779 1416 καί
801 1351 1063 1435 ἀναβαλλόμενον]

135 1507 166 1548 ⁸³
261 1489 303 1558 Ὃ
323 1495 441 1558 τοίνυν
462 1495 641 1575 πεποίηκεν
664 1487 690 1556 ὦ
713 1491 833 1576 ἀνδρες
851 1488 1023 1574 Ἀθηναῖοι
1041 1488 1116 1575 περὶ
1134 1500 1192 1575 τῆς

180 1599 289 1682 δίκης,
313 1597 485 1681 ἀκούσατε,
508 1594 563 1664 καί
585 1591 738 1681 θεωρείτ’
764 1594 817 1681 ἐφ’
843 1595 985 1663 ἑκάστου
1006 1597 1069 1680 τὴν
1091 1596 1192 1681 ὕβριν

179 1702 235 1770 καί
261 1703 323 1787 τὴν
350 1703 583 1788 ὑπερηφανίαν
606 1702 718 1768 αὐτοῦ.
763 1710 820 1785 τῆς
842 1702 905 1785 γάρ
929 1702 1024 1785 δίκης
1044 1696 1084 1784 ἧς
1105 1701 1190 1785 λέγω

179 1811 300 1893 ταύτης
320 1807 363 1892 ἣν
386 1800 477 1874 εἷλον
500 1808 618 1892 αὐτόν,
641 1811 793 1893 γίγνεταί
813 1831 869 1892 μοι
892 1808 1061 1892 διαιτητὴς
1082 1810 1192 1892 Στρά-

179 1939 246 1980 των
264 1916 447 1998 Φαληρεύς,
465 1914 646 1997 ἄνθρωπος
664 1911 765 1998 πίνης
783 1911 844 1997 μέν
862 1933 912 1990 τις
928 1911 983 1978 καί
997 1913 1190 1997 ἀπράγμων,

178 2022 286 2098 άλλως
308 2018 339 2086 δ’
366 2019 407 2086 οὐ
433 2022 594 2104 πονηρός,
622 2019 705 2085 ἀλλὰ
732 2017 787 2085 καί
809 2020 897 2084 πάνυ
919 2020 1071 2103 χρηστός·
1109 2020 1189 2101 ὅπερ

178 2127 239 2192 τὸν
268 2129 478 2211 ταλαίπωρον
508 2124 570 2191 οὐκ
598 2125 710 2210 ὀρθῶς
737 2122 816 2190 οὐδὲ
845 2126 993 2206 δικαίως,
1026 2124 1108 2190 ἀλλά
1134 2125 1189 2192 καί

136 2248 166 2288 04
179 2233 268 2298 πάνυ
286 2235 427 2316 αἰσχρῶς
445 2231 662 2297 ἀπολώλεκεν.
693 2225 791 2307 οὗτος
806 2231 942 2296 διαιτῶν
955 2229 1035 2314 ἡμῖν
1049 2231 1067 2296 ὁ
1082 2233 1190 2316 Στρά-

178 2362 261 2422 των,
290 2337 402 2419 ἐπειδή
429 2334 509 2401 ποθ’
535 2331 616 2420 ἧκεν
643 2336 663 2420 ἡ
690 2341 804 2422 κυρία,
832 2337 939 2401 πάντα
962 2331 992 2401 δ’
1017 2337 1082 2420 ἤδη
1106 2339 1190 2418 διεξ-

179 2446 336 2529 εληλύθει
358 2451 461 2508 ταῦτα
483 2441 544 2508 τάκ
566 2453 634 2507 τῶν
655 2443 783 2526 νόμων,
805 2440 994 2525 ὑπωμοσίαι
1012 2440 1069 2508 καὶ
1086 2433 1190 2529 παρά-

178 2554 320 2635 γραφαί,
347 2547 402 2614 καί
425 2546 526 2615 οὐδὲν
549 2545 593 2613 ἔτ’
619 2542 663 2631 ἦν
685 2547 884 2630 ὑπόλοιπον,
913 2548 951 2614 τὸ
974 2543 1035 2633 μὲν
1057 2560 1190 2633 πρῶτον

179 2657 325 2741 ἐπισχεῖν
348 2655 453 2720 ἐδεῖτό
476 2677 542 2738 μου
564 2654 626 2737 τὴν
648 2654 794 2735 δίαιταν,
818 2651 918 2718 ἔπειτ’
945 2656 993 2732 είς
1013 2655 1075 2738 τὴν
1096 2655 1189 2720 ὑστε-

179 2767 279 2847 ραίαν
306 2745 544 2844 ἀναβαλέσθαι·
577 2765 738 2825 τελευτῶν
766 2757 811 2838 δ’,
840 2759 884 2838 ὡς
911 2755 980 2826 οὔτ’
1007 2761 1071 2845 ἐγὼ
1094 2780 1189 2828 συνε-

178 2869 311 2954 χώρουν
335 2863 411 2932 οὔθ’
434 2861 531 2943 οὗτος
554 2866 693 2949 ἀπήντα,
716 2875 774 2949 τῆς
797 2860 828 2931 δ’
850 2867 938 2950 ὥρας
956 2865 1093 2950 ἐγίγνετ’
1116 2867 1188 2952 ὀψέ,

137 2991 166 3031 ⁸⁶
179 2971 421 3061 κατεδιῄτησεν.
457 2973 521 3056 ἤδη
546 2969 577 3037 δ’
600 2970 737 3057 ἑσπέρας
760 2971 862 3056 οὔσης
881 2970 936 3038 καί
955 2975 1104 3056 σκότους,
1127 2977 1240 3059 ἔρ-σεε

180 3105 270 3166 χεται
294 3081 437 3155 Μειδίας
463 3076 578 3144 οὑτοσί
605 3080 688 3162 πρὸς
713 3079 751 3144 τὸ
774 3089 841 3144 τῶν
865 3077 1035 3163 ἀρχόντων
1058 3085 1188 3164 οίκημα,

180 3185 236 3253 καί
253 3185 494 3270 καταλαμβάνει
513 3187 591 3260 τοὺς
607 3184 768 3268 άρχοντας
782 3183 928 3261 ἐξιόντας
940 3182 994 3250 καί
1008 3186 1068 3251 τὸν
1080 3188 1189 3270 Στρά-

179 3290 257 3357 των’
284 3288 412 3357 ἀπιόντ’
438 3291 514 3374 ἤδη,
537 3289 598 3372 τὴν
622 3293 746 3373 ἔρημον
769 3291 945 3373 δεδωκότα,
969 3289 1013 3366 ὡς
1035 3289 1098 3373 ἐγὼ
1120 3304 1189 3358 τῶν

180 3395 459 3484 παραγενομένων
481 3395 572 3470 τινὸς
594 3393 842 3480 ἐπυνθανόμην.
877 3397 915 3462 τὸ
938 3391 999 3481 μὲν
1020 3391 1083 3461 οὖν
1100 3409 1188 3483 πρῶ-

178 3526 241 3566 τον
264 3494 334 3578 οἷος
355 3497 398 3583 ἦν
421 3504 552 3566 πείθειν
570 3500 684 3584 αὐτόν,
707 3500 750 3585 ἣν
768 3503 1040 3587 κατεδεδιῃτήκει,
1063 3503 1188 3587 ταύτην
