2590 3900
434 162 529 212 xm
547 161 812 216 ΤιιιοΚΡΑΤουΣ.
1062 159 1135 224 249

119 322 407 404 προστιμημάτων,
425 332 494 398 τοῖς
512 322 666 387 ἀδικοῦσι
682 323 722 386 τὰ
738 323 834 387 κοινὰ
849 323 987 388 δίδωσιν
1001 321 1127 403 άδειαν,

119 425 178 500 τάς
200 422 283 509 ὑπὲρ
306 435 364 509 της
385 431 511 504 πόλεως
534 430 703 512 στρατείας
726 430 934 511 λυμαίνεται,
960 427 1021 509 την
1046 427 1127 491 διοί-

81 529 82 532 ’
119 547 217 613 κησιν
248 534 417 616 καταλύει,
450 533 533 599 ἀλλὰ
563 532 619 599 καλ
650 545 719 610 τοῖς
750 535 946 619 κακούργοις
977 531 1031 598 καὶ
1058 542 1128 608 τοῖς
1184 557 1186 562 ’

118 641 334 719 πατραλοίαις
359 637 414 704 καὶ
442 635 511 717 τοῖς
539 639 768 723 ἀστρατεύτοις
794 642 986 723 βοηθοῦντα
1008 635 1127 721 τέθηκε

118 745 179 810 τὸν
206 745 324 829 νόμον·
353 746 411 822 τάς
437 746 501 830 γδιρ
528 745 741 831 ὑπαρχούσας
767 744 803 811 έκ
827 756 893 810 τῶν
915 753 980 809 νῦν
1002 746 1128 827 κυρίων

64 870 105 909 ιω
119 852 235 933 νόμων
261 854 419 936 τιμωρίας
443 853 605 917 καταλύει.
651 855 816 934 λεγόντων
839 853 903 935 γάρ
925 861 992 914 τῶν
1013 852 1127 934 νόμων

119 954 179 1032 οὓς
202 959 301 1039 ἔθηκε
320 960 451 1039 Σόλων,
474 953 575 1023 οὐδὲν
598 956 711 1040 δμοιος
735 956 782 1022 ἀν
804 958 910 1044 τούτω
930 953 1127 1040 νομοθέτης,

119 1060 162 1127 ἀν
183 1085 233 1140 τις
252 1061 321 1150 ἁλῷ
339 1067 462 1145 κλοπῆς
480 1061 534 1128 καὶ
553 1062 597 1146 μὴ
616 1069 740 1148 τιμηθῇ
758 1063 920 1144 θανάτου,
942 1069 1129 1144 προστιμᾶν

119 1167 209 1255 αὐτῷ
228 1168 362 1252 δεσμόν,
384 1169 447 1234 κάν
465 1191 514 1245 τις
531 1167 632 1246 ἁλοὺς
649 1177 707 1251 της
724 1169 897 1245 κακώσεως
913 1179 981 1232 των
999 1165 1126 1250 γονέων

119 1276 167 1351 είς
189 1275 250 1357 τὴν
273 1274 398 1358 ἀγοράν
421 1273 560 1359 έμβάλη,
583 1274 757 1358 δεδέσθαι,
780 1272 842 1339 κάν
864 1274 1055 1359 ἀστρατείας
1077 1295 1127 1349 τις

118 1382 207 1465 δφλη
225 1384 283 1446 καί
298 1403 329 1444 τι
347 1391 415 1446 τῶν
433 1380 542 1445 αὐτῶν
560 1391 630 1457 τοῖς
648 1379 807 1464 ἐπιτίμοις
824 1389 914 1464 ποιῇ,
934 1377 989 1444 καὶ
1006 1386 1126 1444 τοῦτον

119 1485 293 1570 δεδέσθαι,
320 1487 523 1572 Τιμοκράτης
546 1487 647 1551 ἅπασι
669 1487 799 1562 τούτοις
821 1487 936 1552 ἀδειαν
959 1493 1061 1567 ποιεῖ,
1086 1493 1125 1570 τῇ

62 1611 103 1652 ιοι
118 1593 314 1658 καταστάσει
337 1603 403 1658 τῶν
425 1592 595 1676 ἐγγυητῶν
617 1593 676 1656 τὸν
700 1593 822 1677 δεσμὸν
845 1591 1006 1677 ἀφαιρῶν.
1045 1587 1122 1655 ὥστ’

118 1700 229 1781 ἔμοιγε
260 1699 353 1764 δοκεῖ
378 1696 446 1782 (καὶ
473 1699 536 1783 γὰρ
564 1700 595 1763 εί
621 1697 864 1782 φορτικώτερον
891 1692 977 1762 εἶναι
1004 1697 1040 1762 τὸ
1069 1695 1126 1781 δη

117 1805 310 1888 θησόμενον
341 1803 443 1886 δόξει,
476 1802 557 1884 λέξω
589 1801 644 1868 καὶ
677 1803 738 1868 οὐκ
770 1800 1017 1888 ἀποκρύψομαι)
1044 1802 1126 1867 κατὰ

117 1912 216 1974 τοῦτό
247 1906 278 1993 γ’
312 1904 384 1975 αὕτ’
414 1908 509 1987 ἀξιον
540 1908 642 1975 αὐτὸν
674 1903 759 1974 εἶναι
790 1910 924 1997 θανάτῳ
957 1910 1124 1993 ζημιῶσαι,

118 2013 163 2081 ἵν’
196 2015 233 2081 ἐν
256 2013 373 2082 ’Ἅιδου
404 2027 475 2091 τοῖς
506 2013 658 2098 ἀσεβέσιν
688 2021 736 2099 θη
767 2024 888 2080 τοῦτον
919 2016 978 2080 τὸν
1009 2017 1125 2097 νόμον,

117 2119 201 2205 ἡμᾶς
229 2118 265 2186 δὲ
292 2124 370 2198 τοὺς
398 2124 520 2201 ζῶντας
546 2121 658 2190 τοῖσδε,
684 2132 754 2197 τοῖς
781 2121 885 2198 ὁσίοις
906 2119 962 2185 καὶ
986 2121 1127 2198 δικαίοις

119 2226 157 2312 έᾷ
174 2227 212 2300 τὸ
231 2227 349 2297 λοιπὸν
371 2230 525 2309 χρῆσθαι.
562 2225 735 2308 ἀνάγνωθι
753 2221 790 2290 δὲ
808 2224 863 2291 καὶ
881 2226 1020 2303 τούτους
1037 2229 1116 2304 τοὺς
1126 2241 1176 2290 73³

117 2335 249 2416 νόμους.

141 2516 261 2570 αοιιοι
278 2515 448 2582 nomm,
467 2515 665 2567 κεκαεεαπ
683 2515 845 2580 Pomm,
863 2491 1097 2572 mmm.

63 2642 102 2682 τοι
198 2623 234 2689 Ὅ
257 2650 284 2688 τι
306 2624 345 2688 άν
366 2649 410 2698 τις
433 2623 572 2711 ἀπολέσῃ,
594 2623 646 2686 ἐὰν
670 2622 723 2705 μέν
746 2624 817 2687 αύτδ
839 2627 925 2713 λάβη,
947 2627 1002 2707 τὴν
1021 2629 1139 2711 δρπλα-.

162 2725 230 2786 σίαν
251 2724 465 2801 καταδικάζειν,
488 2721 540 2783 ἐὰν
560 2720 661 2803 δὲμὴ,
683 2722 737 2802 την
757 2724 954 2787 δεκαπλασίαν
971 2725 1045 2806 πρὸς
1063 2733 1124 2800 τοῖς

161 2821 310 2895 ἐπαιτίοις.
347 2819 486 2882 δεδέσθαι
509 2814 536 2880 δ’
557 2818 590 2881 ἐν
612 2829 647 2905 τῇ
670 2821 841 2907 ποδοκάκκη
864 2821 916 2884 τὸν
936 2823 1015 2885 πόδα
1032 2819 1139 2898 πένθ’1

159 2915 270 2999 ἡμέρας
287 2917 337 2980 καὶ
355 2918 465 2991 νύκτας
483 2915 558 2995 ἴσας,
581 2915 633 2978 ἐὰν
651 2918 833 3003 προστιμήση
851 2915 871 2996 ἡ
889 2916 998 3000 ἡλιαία.
1033 2939 1123 3003 προσ-

160 3021 304 3096 τιμᾶσθαι
330 3011 441 3092 δέτδν
467 3013 665 3094 βουλόμενον,
693 3013 763 3075 όταν
790 3014 856 3096 περὶ
882 3025 935 3077 τοῦ
963 3016 1123 3096 τιμήματος

160 3101 189 3199 ᾖ.
207 3145 251 3155 -
272 3107 344 3173 Ἐδιν
372 3109 403 3172 δέ
427 3135 470 3184 τις
494 3109 630 3196 ἀπαχθῇ,
657 3118 715 3172 τῶν
736 3110 849 3193 γονέων
871 3112 1025 3185 κακώσεως
1047 3110 1123 3191 ἡλω-

159 3209 234 3288 κώς,
261 3206 281 3288 δ’]
309 3207 490 3289 ἀστρατείας,
516 3205 537 3288 ἢ
563 3207 777 3290 προειρημένον
805 3207 884 3294 αύτῷ
907 3218 965 3270 τῶν
988 3211 1123 3292 νομίμων

159 3306 323 3389 εἴργεσθαι,
351 3305 450 3368 εἰσιὼν
477 3305 546 3367 δποι
573 3304 613 3385 μὴ
636 3306 705 3386 χρή,
733 3307 887 3386 δησάντων
910 3306 1001 3369 αὐτὸν
1024 3309 1056 3369 οἱ
1076 3307 1124 3370 ἕν-

160 3404 232 3464 δεκα
258 3402 308 3464 καλ
334 3401 510 3484 εἰσαγόντων
533 3403 575 3475 εἰς
597 3401 652 3481 την
673 3399 807 3482 ἡλιαίαν,
834 3403 1028 3484 κατηγορείτω
1051 3401 1083 3465 δὲ
1107 3401 1123 3464 δ

159 3498 340 3580 βουλόμενος
364 3493 408 3572 οἷς
432 3497 547 3574 ἔξεστιν.
588 3498 641 3561 έάν
664 3494 693 3561 δ’
717 3496 789 3585 ἁλῷ,
812 3499 919 3580 τιμάτω
941 3497 961 3580 ἡ
983 3497 1083 3580 ἡλιαία
1107 3501 1123 3558 δ
