2590 3900
165 204 233 269 294
477 209 559 259 xxv.
583 207 862 261 επυοεοειιονε

166 365 269 431 αὐτὸν
296 367 420 455 σςόζειν.
466 364 538 433 ἀλλ’
565 362 613 434 ὧν
636 371 721 456 ἐργφ
744 379 863 454 πεῖραν
886 363 1035 452 εἰλήφατ’
1062 364 1088 434 ὦ
1111 369 1230 433 biv-⁷83

166 471 242 553 δρες
266 469 455 556 Ἀθηναῖοι,
483 467 640 557 μηδέποτ’
666 472 701 538 ἐκ
729 476 831 557 λόγου
858 483 961 540 ταῦτα
989 481 1177 541 σκοπεῖσθε.

166 571 264 656 οὗτος
291 579 372 663 ὑμῖν
399 577 473 663 οὐχὶ
500 584 671 664 προσῆλθε
698 575 791 645 πέντ’
821 578 919 663 ἐτῶν,
949 573 997 645 ὧν
1024 578 1178 664 ἐτίμησεν

166 684 210 768 μη
238 682 347 767 λέγειν
370 684 467 772 αὑτῷ.
512 687 562 762 τίς
585 679 707 751 οὖνέν
730 686 835 774 τούτῳ
854 693 899 773 τῷ
922 687 1032 774 χρόνφ
1055 695 1177 750 τοῦτον

166 787 320 868 ἐπόθεσε;
345 792 380 854 τί
399 801 467 856 τῶν
484 799 542 874 τῆς
563 794 690 867 πόλεως
713 787 890 874 ἐλλειφθὲν
913 792 970 856 διδ
991 791 1053 873 τὴν
1075 790 1175 855 ἀπου-

167 896 244 961 σίαν
280 889 348 961 εἶδε
384 897 446 980 την
480 897 616 976 τούτους
658 899 694 961 τί
727 891 771 979 δ’,
809 894 867 982 ἀφ’
904 890 946 962 οὗ
981 905 1046 962 νῦν
1078 894 1177 980 λέγει,

166 998 298 1084 βέλτιον
332 1004 486 1084 γεγονός;
528 1000 600 1086 ἐμοὶ
637 998 699 1087 μὶν
734 1005 798 1086 γὰρ
835 1004 931 1068 δοκεῖ
962 1001 1179 1087 τούναντίον,

166 1103 207 1171 δν
239 1102 300 1190 μὲν
331 1107 373 1172 οῦ
402 1106 541 1194 προσῄει
569 1110 707 1193 χρόνον,
740 1109 1001 1174 ἀναπαύσασθαι
1026 1119 1094 1174 τῶν
1121 1131 1178 1173 κα-

166 1222 236 1277 κῶν
262 1212 283 1296 ἡ
310 1215 420 1296 πόλις,
449 1208 496 1280 ὧν
524 1213 646 1279 ἅπασιν
673 1208 771 1292 οὗτος
793 1224 964 1298 παρεῖχεν,
991 1207 1049 1298 ἀφ’
1076 1207 1117 1280 οὗ
1141 1210 1177 1279 δὲ

166 1317 268 1382 πάλιν
300 1320 496 1403 δημηγορεῖ,
533 1323 800 1404 πολιορκεῖσθαι,
833 1323 953 1403 λόγους
985 1320 1180 1397 στασιώδεις

167 1419 222 1488 καὶ
245 1424 446 1508 ταραχώδεις
468 1423 505 1490 ἐν
527 1423 670 1502 ἀπάσαις
692 1423 743 1490 ἀεὶ
765 1434 840 1502 ταῖς
860 1423 1046 1508 ἐκκλησίαις
1064 1425 1179 1507 λε’γον-

168 1551 225 1605 τος
246 1525 377 1595 τοῦτον.

128 1651 155 1692 «⁸
257 1635 427 1721 Βούλομαι
439 1639 557 1701 τοίνυν
570 1633 625 1701 καὶ
638 1638 981 1724 παρακινδυνευτικοῦ
994 1637 1084 1714 τινὸς
1096 1637 1179 1713 ἀψα-

168 1746 250 1806 σθαι
273 1744 386 1824 λόγου,
409 1741 464 1808 καὶ
488 1743 705 1826 διαλεχθῆναι
726 1755 797 1820 τοῖς
820 1743 876 1809 διά
898 1752 1001 1808 ταῦτα
1020 1747 1179 1826 φιλοῦσιν

169 1847 284 1912 αὐτόν·
309 1847 367 1924 οὓς
386 1847 522 1925 ὁποίους
540 1844 601 1931 μέν
618 1871 712 1926 τινας
729 1850 791 1934 χρὴ
810 1852 968 1933 νομίζειν,
989 1847 1084 1914 αὐτοὶ
1103 1865 1180 1913 σκο·

168 1959 299 2036 κεῖσθε,
323 1952 386 2035 ἐγὼ
411 1950 441 2017 δ’
468 1949 568 2019 οὐδὲν
590 1952 633 2019 ἀν
656 1960 790 2038 εἴποιμι,
813 1955 900 2037 πλὴν
924 1955 975 2020 ότι
997 1949 1029 2037 γ’
1052 1954 1093 2019 οὐ
1116 1973 1179 2019 σοι·

169 2068 334 2145 φρονοῦσι
363 2059 605 2143 προσνέμοντες
632 2059 754 2137 αὑτοὺς
781 2061 896 2149 τοότφ.
941 2071 1009 2124 τῶν
1033 2055 1094 2143 μὲν
1117 2054 1179 2125 οὖν

170 2165 207 2231 ἐν
230 2174 276 2254 τῷ
299 2165 498 2254 δικαστηρίῳ
521 2174 587 2230 νῦν
610 2166 718 2230 όντων
739 2166 844 2250 ὑμῶν,
869 2163 979 2232 οὐδέν’
1006 2161 1091 2231 εἶναι
1113 2188 1180 2230 τοι·

171 2280 271 2336 οῦτον
297 2274 443 2354 τίθεμαι·
479 2266 535 2335 καὶ
562 2269 625 2354 γάρ
654 2270 784 2335 δίκαιον
812 2265 838 2336 ὦ
865 2271 984 2355 ἀνδρες
1007 2269 1180 2355 Ἀθηναῖοι

170 2374 226 2442 καὶ
256 2377 359 2443 καλὸν
390 2372 445 2441 καὶ
477 2372 664 2461 συμφέρον,
698 2374 784 2440 οὕτω
816 2372 871 2440 καὶ
903 2375 1012 2459 λέγειν
1042 2373 1097 2461 ἐμὲ
1124 2375 1179 2442 καὶ

131 2501 158 2540 ⁴⁴
172 2492 312 2568 φρονεῖν
338 2478 413 2566 περὶ
439 2480 542 2565 ὑμῶν.
588 2479 624 2546 ἐκ
652 2477 689 2547 δὲ
714 2492 781 2546 τῶν
810 2483 920 2546 ἀλλων
945 2488 1104 2567 πολιτῶν,
1132 2478 1176 2549 ἵν’

172 2590 217 2666 ὡς
240 2590 287 2666 είς
309 2587 499 2672 ἐλαχίστους
520 2588 582 2671 την
603 2590 818 2671 βλασφημίαν
840 2587 968 2673 ἀγάγω,
992 2589 1051 2654 τὸν
1073 2598 1180 2675 μαθη-

171 2697 244 2780 τὴν,
268 2697 299 2760 εί
320 2689 357 2759 δέ
379 2693 555 2775 βούλεσθε,
577 2691 636 2757 τὸν
657 2693 859 2759 διδάσκαλον
878 2694 993 2778 αὐτοῦ,
1019 2698 1180 2781 Φιλοκρά-

171 2825 234 2885 την
250 2801 309 2866 τὸν
325 2795 539 2879 Ἐλευσίνιον,
558 2799 663 2882 μόνον
682 2793 939 2864 εἶναιτοιοῦτον
957 2803 1100 2885 τιθεμαι,
1119 2803 1179 2886 οῦχ

172 2910 218 2984 ὡς
249 2903 324 2990 οὐχὶ
355 2906 521 2971 πλειόνων
552 2905 659 2968 όντων
692 2904 814 2990 (ὤφελε
844 2905 908 2990 γάρ
941 2905 1055 2990 μηδεὶς
1081 2909 1180 2984 ἀλλος

170 3011 425 3098 Ἀριστογείτονι
446 3011 600 3095 χαίρειν),
624 3003 695 3073 ἀλλ’
721 3007 740 3074 δ
763 3007 841 3075 καθ’
868 3011 962 3095 ὑμῶν
984 3014 1029 3088 ὡς
1051 3014 1180 3090 όνειδος

174 3120 262 3185 ὀκνῶ
294 3117 418 3200 λέγειν,
451 3111 530 3181 οὐδὲ
559 3126 626 3180 τῶν
653 3115 763 3180 ἀλλων
789 3121 934 3182 πολιτῶν
961 3120 1088 3195 δίκαιός
1114 3121 1180 3203 είμι

175 3224 318 3308 δημοσίᾳ
340 3230 549 3305 κατηγορεῖν·
579 3215 648 3286 εἶτα
671 3219 726 3286 καὶ
748 3221 847 3286 ταύτὸ
870 3227 1000 3306 ποιησει
1022 3221 1076 3289 καὶ
1099 3226 1182 3310 πρὸς

135 3344 162 3384 ⁴⁵
177 3327 236 3392 ἕνα
263 3323 379 3411 ῥηθεὶς
405 3325 423 3390 ὁ
451 3328 558 3409 λόγος.
601 3328 638 3392 τὸ
666 3323 727 3412 μὲν
754 3321 816 3392 οῦν
843 3327 1000 3406 ἐξετάζειν
1027 3327 1180 3412 ἀκριβῶς,

177 3423 250 3496 οἷον
277 3430 403 3514 ἀνάγκη
430 3432 490 3514 την
520 3433 624 3516 φύσιν
649 3427 734 3496 εἶναι
756 3433 815 3496 τὸν
834 3429 1087 3517 Ἀριστογείτονι
1111 3438 1176 3518 χαί·

179 3556 295 3617 ροντα,
324 3535 423 3617 ἐάσω,
451 3537 507 3600 ἵνα
529 3537 573 3620 μὴ
595 3538 701 3602 πολλά
723 3535 778 3601 καὶ
800 3534 968 3621 βλάσφημ’
994 3535 1141 3621 ἀναγκάζ
1167 3579 1180 3588 -
