2614 3904
500 155 600 206 ΠΡΟΣ
619 154 777 206 ΔΦΟΒΟΝ.
1073 149 1138 216 355

88 331 114 370 τι
130 312 239 396 δήπου
265 313 320 379 διὰ
342 315 440 379 τοῦτό
463 335 501 397 γε
524 313 659 392 δόξειεν.
705 303 919 394 ἀλλὰ,’πόθεν
942 307 1029 377 τοῦτ’
1057 309 1140 376 ἐδεί·

128 424 210 503 ηθη;
239 430 372 503 πρῶτον
398 414 460 503 μέν
484 420 693 504 Θηριππίδης
716 419 763 484 ὢν
788 419 876 507 αὐτῷ
901 420 1141 502 συνεπίτροπος

128 525 393 610 κατεμαρτύρησε
417 525 550 589 δοῦναι·
583 524 742 607 δεύτερον
765 521 802 590 δὲ
825 527 952 608 Δήμων
974 529 1070 598 θεῖος
1092 520 1141 585 ὢν

128 628 184 695 καλ
215 641 283 696 τῶν
315 631 425 695 άλλων
454 628 489 694 ολ
513 631 673 714 παρόντες
700 629 947 716 ἐμαρτύρησαν,
980 637 1073 693 σῖτον
1099 633 1141 712 τῇ

128 734 227 821 μητρὶ
251 736 372 801 δώσειν
394 734 569 819 ὁμολογεῖν
592 744 713 800 τοῦτον
735 735 780 812 όις
798 737 914 820 ἔχοντα
932 733 993 816 τήν
1011 742 1140 816 προῖκα.

127 840 184 908 καὶ
220 843 350 918 τούτοις
382 840 444 906 οὐκ
477 840 698 925 ἐπεσκήψατο,
736 841 892 925 δηλονότι
923 839 1052 923 τάληθή
1084 861 1141 922 με·

128 950 379 1034 μαρτυρηκότας
419 947 525 1022 εἰδώς.
579 948 627 1011 ἔτι
668 950 785 1013 τοίνυν
824 945 845 1029 ἡ
886 948 992 1030 μήτηρ
1028 947 1169 1010 πίστιν,

128 1052 267 1138 ήθέληά
299 1053 465 1118 ἐπιθεῖναι
491 1049 562 1117 κατ’
590 1051 672 1136 ἐμοῦ
699 1051 753 1118 καὶ
780 1061 838 1136 τῆς
865 1050 1010 1135 ἀδελφῆς
1035 1073 1141 1133 παρα·

130 1159 329 1244 στησαμένη,
351 1160 467 1240 λαβεῖν
488 1158 550 1241 τήν
568 1170 689 1243 προῖκα
700 1169 827 1224 ’τοῦτον
845 1159 906 1242 τήν
925 1156 1041 1241 ἑαυτῆς
1058 1157 1141 1223 κατὰ

87 1286 115 1325 ιι
128 1267 190 1350 τήν
221 1261 281 1332 τοῦ
313 1265 436 1350 πατρὸς
469 1265 644 1349 διαθήκην.
694 1266 815 1342 ταύτας
845 1264 904 1344 τὰς
935 1263 1141 1348 ὀγδοήκοντα

128 1381 213 1456 μνᾶς
244 1368 354 1456 πότερ’
386 1369 490 1435 αὐτὸν
519 1373 607 1454 ἐχειν
634 1380 750 1455 φῶμεν
777 1370 797 1453 ή
825 1373 884 1454 μή;
917 1368 972 1435 καὶ
999 1372 1142 1453 πότερον

131 1478 186 1543 διά
213 1474 326 1542 τούσδ’
354 1475 472 1560 ὀφλεῖν
499 1480 577 1554 τοὺς
600 1478 768 1562 μάρτυρας
790 1476 810 1560 ἦ
835 1477 890 1540 διὰ
912 1476 1045 1553 τούσδε;
1076 1474 1139 1558 ἐγὼ

130 1580 277 1667 μὲνγὰρ
301 1577 393 1665 οἶμαι
416 1583 471 1646 διά
493 1583 555 1666 τήν
578 1581 747 1665 ἀλήθειαν.
788 1583 908 1659 ταύτας
930 1585 1046 1646 τοίνυν
1069 1576 1136 1646 δέκ’

129 1691 185 1772 ἐτη
213 1685 479 1773 κεκαρπωμένος,
508 1687 562 1753 καὶ
590 1685 672 1753 ούδέ
698 1689 794 1773 δίκην
818 1687 933 1772 ὀφλὼν
956 1687 1141 1753 ἀποδοῦναι

128 1795 349 1879 τετολμηκώς,
382 1794 476 1859 δεινὰ
507 1793 712 1860 πεπονθέναι
744 1792 827 1879 φησὶ
856 1791 910 1858 καὶ
939 1795 994 1858 διά
1020 1793 1139 1858 τούσδε

128 1906 206 1980 τοὺς
238 1901 406 1987 μάρτυρας
433 1898 632 1984 ὠφληκέναι.
678 1903 785 1966 καίτοι
811 1900 939 1965 τούτων
966 1895 997 1983 y’
1029 1896 1140 1977 οὐδελς

130 2010 232 2074 αὐτὸν
255 2011 341 2093 ἐχειν
363 2007 488 2090 ταύτην
511 2006 744 2091 ἐμαρτύρησεν.
872 2017 882 2044 ·

88 2131 116 2172 ιε
220 2112 305 2198 Περὶ
323 2117 439 2179 τοίνυν
457 2121 515 2197 τῆς
533 2113 694 2191 ἐκδόσεως
712 2111 852 2179 καὶτῶν
869 2118 1070 2180 κλινοποιῶν
1085 2111 1140 2180 καλ

129 2229 189 2285 τοῦ
216 2218 496 2304 καταλειφθέντος
522 2217 601 2305 ήμῖν
629 2218 807 2304 ἐλέφαντος
833 2218 888 2285 καλ
915 2228 975 2285 τοῦ
998 2220 1139 2305 σιδήρου

129 2323 184 2391 καὶ
216 2334 273 2409 της
302 2327 437 2410 προικὸς
463 2333 521 2408 τῆς
547 2324 708 2409 ἀδελφῆς,
740 2325 783 2409 ἣν
811 2319 909 2402 οὗτος
935 2332 1141 2410 καθυφεῖκεν

128 2428 213 2516 ὑπὲρ
244 2441 305 2497 τοῦ
335 2428 391 2496 καλ
423 2430 522 2506 αὐτὸς
552 2433 639 2515 ἔχειν
666 2431 728 2497 ὅσα
756 2432 911 2514 βούλοιτο
938 2443 1005 2497 τῶν
1033 2432 1193 2517 &mmuh

130 2537 308 2619 ἀκούσατε,
340 2533 394 2601 καλ
427 2530 579 2601 σκοπεῖθ’
610 2535 654 2612 ὡς
684 2537 819 2613 δικαίως
844 2533 873 2600 τ’
906 2537 1053 2622 όιφληκε,
1086 2536 1141 2604 καλ

91 2663 119 2703 ιο
133 2642 235 2709 οὐδέν
257 2638 300 2727 ἦν
318 2641 456 2707 Μιλύαν
479 2638 554 2726 περὶ
576 2641 704 2707 τούτων
722 2642 950 2726 βασανιστέον.
987 2641 1061 2728 περὶ
1079 2640 1141 2729 μὲν

129 2751 193 2834 γάρ
217 2744 265 2815 ὧν
287 2755 506 2832 καθυφεῖκας,
527 2750 630 2831 νόμος
653 2750 733 2832 ἔστι,
757 2750 941 2834 διαρρήδην
962 2748 999 2826 ὃς
1015 2750 1142 2816 κελεύει

130 2853 161 2922 σ’
185 2855 306 2940 ὁμοίως
329 2853 555 2938 ὀφλισκάνειν,
579 2853 688 2940 ὥσπερ
712 2853 754 2920 δν
778 2855 876 2933 αὐτὸς
896 2859 983 2941 ἐχης·
1009 2857 1091 2922 ὥστε
1109 2859 1146 2922 τί

130 2969 176 3049 τῷ
193 2963 284 3048 νόμω
303 2957 358 3026 καλ
376 2968 415 3045 τῇ
434 2959 582 3047 βασάνιμς
603 2959 678 3046 περὶ
698 2957 729 3026 δ’
747 2956 790 3027 αὖ
808 2971 866 3046 τῆς
884 2961 1054 3045 ἐκδόσεως,
1074 2961 1141 3028 ἐπι-

131 3061 393 3149 κοινωνήσαντες
419 3075 464 3154 τῷ
489 3064 611 3154 Ξούθῳ
639 3064 695 3132 καὶ
723 3067 970 3153 διανειμάμενοι
998 3069 1037 3132 τά
1063 3071 1142 3153 χρή-

131 3196 217 3257 ματα
239 3170 294 3237 καλ
314 3175 372 3249 τὰς
391 3172 588 3256 συγγραφάς
606 3172 789 3257 ἀνελόντες,
812 3170 986 3240 καὶπάνθ’
1010 3173 1051 3239 δν
1067 3177 1142 3258 τρό-

131 3300 197 3344 πον
214 3278 402 3361 ήβούλεσθε
421 3279 733 3361 κατασκευάσαντες,
754 3278 809 3345 καὶ
829 3281 1084 3365 διαφθείραντες
1101 3282 1143 3344 τά

132 3381 317 3468 γράμμαθ’,
344 3383 389 3460 ὡς
415 3383 510 3466 ὑμῶν
538 3383 556 3448 ὁ
579 3387 706 3468 Δήμων
729 3386 979 3470 κατεμαρτύρει,
1008 3386 1140 3468 φενακί

91 3508 118 3547 ³³
135 3493 201 3568 ζετε
219 3487 274 3555 καὶ
292 3488 448 3556 τουτουσὶ
465 3492 763 3576 παρακρούσασθαι
783 3494 910 3575 ζητεῖτε.
937 3488 1012 3574 περὶ
1026 3492 1141 3552 τοίνυν

929 3592 983 3644 23*
