2616 3910
464 183 563 234 mm>
582 180 805 236 οοεειιιεειοε.
1073 178 1137 242 451

89 360 117 400 εν
132 333 158 430 ᾧ
171 364 237 408 τινι
252 346 377 426 μᾶλλον
393 341 435 406 άν
449 339 631 425 βοηθήσειέ
641 364 691 417 τις
704 339 802 428 αὐτῷ.
830 340 869 404 τὰ
883 335 943 423 μέν
962 333 1024 406 οὖν
1042 336 1135 404 πόλλ’

132 441 180 512 ὧν
199 445 447 531 Ἀπολλόδωρος
469 447 547 532 ἐρεῖ,
570 443 708 530 νομίζετ’
732 440 817 510 εἶναι
840 448 941 527 λόγον
964 443 1019 510 καὶ
1042 461 1139 510 συκο-

132 556 288 636 φαντίας,
315 553 463 617 κελεύετε
490 549 521 616 δ’
548 551 651 617 αὐτὸν
678 552 759 636 ὑμῖν
786 549 959 632 ἐπιδείξαι,
986 550 1007 633 ἢ
1031 551 1075 626 ὡς
1098 549 1140 615 οὐ

132 656 263 723 διέθετο
285 651 384 721 ταῦθ’
411 656 429 723 δ
451 659 573 740 πατήρ,
596 656 617 740 ἣ
641 656 685 733 ὡς
708 659 777 721 ἐστι
799 678 848 732 τις
871 657 953 739 άλλη
976 657 1140 739 μίσθωσις

131 764 218 845 πλὴν
240 757 280 847 ἧς
299 763 392 848 ἡμεῖς
411 765 596 847 δείκνυμεν,
620 762 640 846 ἢ
660 763 703 839 ὡς
722 763 783 827 οὐκ
802 761 929 845 ἐφῆκεν
947 761 1050 827 αὐτὸν
1070 764 1140 827 δια-

132 869 348 952 λογισάμενος
374 879 441 933 τῶν
469 869 679 952 ἐγκλημάτων
708 866 878 951 ἁπάντων,
906 865 927 932 ἃ
949 869 1035 950 ἔγνω
1057 863 1093 931 θ’
1121 866 1140 933 ὁ

131 974 292 1058 κηδεστὴς
310 974 329 1040 ὁ
346 975 468 1040 τούτου
486 971 540 1038 καὶ
559 968 656 1050 οὗτος
675 974 775 1050 αὐτὸς
793 974 1035 1058 συνεχώρησεν,
1056 973 1077 1056 ἣ
1096 974 1140 1051 ὡς

80 1119 82 1126 -
132 1080 285 1144 διδόασιν
314 1078 350 1143 οί
373 1081 470 1162 νόμοι
498 1080 689 1158 δικάζεσθαι
711 1089 779 1143 τῶν
802 1077 888 1144 οὕτω
911 1077 1138 1165 πραχθέντων,

88 1183 153 1267 ειῆ
180 1195 247 1249 τῶν
274 1184 435 1250 τοιούτων
460 1207 492 1248 τι
515 1185 693 1250 δεικνύναι.
739 1182 797 1249 ἐὰν
820 1182 849 1248 δ’
877 1183 1012 1268 ἀπορῶν
1035 1188 1140 1263 αίτίας

130 1287 185 1355 καὶ
208 1292 419 1374 βλασφημίας
442 1288 520 1376 λέγη
543 1287 598 1354 καὶ
616 1295 792 1374 κακολογῇ,
815 1291 859 1374 μὴ
878 1289 1052 1376 προσέχετε
1071 1293 1130 1357 τὸν
1140 1301 1192 1351 9⁸8

15 1407 18 1412 '
131 1404 226 1476 νοῦν,
250 1390 326 1480 μηδ’
348 1395 432 1478 ὑμᾶς
453 1395 474 1478 ἡ
497 1395 619 1460 τούτου
641 1397 768 1480 κραυγὴ
788 1393 844 1460 καὶ
862 1394 999 1460 ἀναίδει’
1023 1396 1139 1476 ἐξαπα-

131 1502 230 1586 τήση,
261 1501 344 1566 άλλδι
377 1502 555 1585 φυλάττετε
587 1499 643 1566 καὶ
674 1495 838 1585 μέμνησθ’
865 1499 915 1566 ὅσ’
941 1502 1035 1586 ἡμῶν
1062 1502 1139 1588 άκη-

131 1608 245 1672 κόατε.·
286 1605 349 1672 κάν
380 1617 483 1673 ταῦτα
513 1615 644 1690 ποιῆτε,
676 1606 773 1671 αὐτοί
801 1604 830 1670 τ’
861 1605 1053 1693 εὐορκήσετε
1084 1608 1138 1674 καὶ

131 1710 264 1777 τουτονὶ
293 1713 427 1788 δικαίως
454 1713 591 1795 σώσετε,
619 1711 712 1790 ἄξιον
740 1713 820 1777 ὄντα
846 1712 889 1795 νὴ
911 1713 971 1776 τὸν
994 1717 1062 1778 Δία
1084 1711 1139 1779 καὶ

130 1821 236 1894 θεοὺς
258 1817 412 1895 ἅπαντας.

88 1947 116 1986 ει
216 1918 404 2005 Ἀνάγνωθι
427 1924 539 2007 λαβὼν
562 1923 674 1999 αὐτοῖς
696 1924 755 1988 τὸν
777 1925 884 2006 νόμον
906 1921 961 1988 καὶ
983 1925 1040 2002 τὰς
1058 1948 1140 2009 μαρ-

130 2031 246 2113 τυρίας
266 2029 372 2094 τασδί.

444 2205 580 2258 ΝΟΜΟΣ.
616 2203 821 2257 MAPPTPIAL

223 2301 292 2365 Οὐκ
316 2297 379 2366 οἶδ’
407 2303 425 2367 δ
447 2325 480 2366 τι
502 2305 556 2368 δεῖ
575 2304 677 2368 πλείω
701 2301 817 2385 λέγειν.
856 2297 946 2387 οἶμαι
969 2303 1032 2387 γὰρ
1054 2303 1139 2388 ὑμᾶς

131 2404 232 2472 οὐδὲν
255 2406 392 2489 ἀγνοεῖν
414 2419 481 2473 τῶν
505 2407 694 2492 εἰρημένων.
740 2406 832 2493 ἐξέρα
854 2409 892 2472 τὸ
915 2407 1015 2493 ὕδωρ.

552 2783 721 2851 XXXVII.

177 2941 499 3019 ΠΑΡΑΓΡΑΦΗ
523 2941 666 3020 ΠΡΟΣ
691 2942 1084 3024 ΠΑΝΤΑΙΝΕΤΟΝ.

532 3113 732 3167 ΤΠΟΘΕΣΙΣ.

218 3228 420 3298 Πανταίνετος
442 3223 522 3307 παρὰ
541 3225 711 3305 Τηλεμάχου
729 3225 809 3300 τινδς
827 3225 1016 3309 ἐργαστήριον
1035 3234 1136 3308 μεταλ·
1301 3229 1302 3318 X

128 3320 212 3384 λικδν
235 3321 267 3382 ἐν
286 3323 451 3408 Μαρωνείᾳ
475 3317 578 3405 (τόπος
601 3317 630 3382 δ’
651 3315 736 3394 οὗτος
759 3332 812 3403 τῆς
831 3319 974 3404 Ἀττικῆς)
997 3323 1047 3385 καί
1065 3325 1136 3404 μετὰ
1301 3339 1302 3412 X

127 3429 182 3482 τοῦ
205 3418 396 3501 ἐργαστηρίου
418 3420 573 3501 τριάκοντα
595 3418 648 3481 τδν
670 3417 801 3502 ἀριθμὸν
824 3420 937 3495 οἰκέτας
955 3417 1136 3501 δινούμενος,
1301 3417 1302 3500 X

129 3516 290 3586 δανείζεται
307 3514 388 3593 παρά
407 3513 461 3594 μὲν
481 3514 690 3595 Μνησικλέους
707 3517 861 3597 τάλαντον,
878 3517 958 3600 παρὰ
977 3515 1008 3578 δὲ
1027 3515 1135 3579 Φιλέον

920 3622 953 3670 29
960 3617 974 3647 *
