2614 3904
474 231 573 283 111202
591 231 791 284 Φοεκιυειι.
1073 227 1137 290 401

101 387 148 468 ’ᾗ
180 388 234 470 μὲν
266 384 322 454 οὖν
353 403 405 454 τοῦ
433 394 591 473 Λάμπιδος
622 403 698 466 ναῦς
730 391 893 475 ἀνοιχθεῖσα
923 393 1138 474 διαφθείρεται,

129 487 179 548 καί
202 484 261 567 μετ’
287 489 393 572 ὀλίγων
413 488 429 551 6
448 491 570 571 Λάμπις
587 490 621 552 ἐν
639 497 678 578 τῷ
697 490 793 576 λέμβῳ
813 487 942 577 σῴζεται,
964 490 1014 552 καί
1033 489 1139 568 ἀφικό·

129 607 218 664 μενος
238 580 383 664 Ἀθήναζε
404 588 512 666 μηνύει
533 589 698 674 Χρυσίππῳ
721 588 753 650 τὸ
777 581 927 668 εύτύχημα
947 598 1002 651 τοῦ
1026 589 1139 668 Φορμί-

129 705 221 760 ιονος,
248 680 289 754 ὡς
316 682 482 762 ἀπελείφθη
510 677 535 744 τ’
562 684 595 745 ἐν
619 690 660 770 τῷ
682 685 824 770 Βοσπόρῳ
847 684 897 746 καλ
919 686 961 759 είς
983 684 1038 764 τὴν
1061 695 1139 747 ναῦν

129 777 219 842 ούδέν
241 777 369 842 ἐνέθετο.
405 778 422 842 6
445 777 478 842 δέ
498 783 649 861 Φορμίων,
671 784 871 856 καταπλεύσας
893 781 1089 864 ὀστερονκαλ
1105 781 1139 844 τό

129 875 271 958 ἀργύριον
294 874 519 956 ἀπαιτούμενος,
541 877 573 938 τὸ
595 875 649 954 μὲν
666 888 794 959 πρῶτον,
816 876 857 953 ὡς
875 877 933 960 ἔφη
952 881 1139 962 Χρύσιππος,

128 973 178 1035 καί
201 971 330 1051 ὀφείλειν
353 971 494 1056 ὡμολόγει
515 973 565 1036 καλ
587 973 752 1038 ἀποδώσειν
774 975 952 1058 ὑπισχνεῖτο,
977 974 1073 1040 ἔπειθ’
1098 975 1139 1052 ἀς

129 1068 324 1160 ἀποδεδωκὼς
346 1071 484 1150 Λάμπιδι
510 1069 604 1151 μηδὲν
631 1069 760 1152 ὀφείλειν
787 1072 876 1156 ἐλεγε·
903 1074 958 1154 τὴν
983 1074 1040 1157 γάρ
1068 1092 1138 1156 συγ-

128 1167 249 1250 γραφὴν
266 1167 395 1229 κελεύειν
413 1169 573 1246 παθούσης
591 1192 618 1229 τι
636 1167 709 1231 κατὰ
728 1169 878 1232 θάλατταν
891 1180 943 1252 τῆς
957 1169 1031 1245 νεὼς
1045 1169 1138 1250 ἀπηλ-

102 1265 237 1345 8λάχθαι
267 1273 321 1326 τού
348 1262 518 1346 ὀφλήματος
544 1265 596 1327 τὸν
625 1267 794 1347 Φορμίωνα.
839 1265 938 1347 ἔλαχεν
966 1257 1023 1328 σύν
1050 1268 1138 1346 δίκην

129 1361 210 1447 αύτῷ
233 1359 461 1442 ὀΧρύσιππος·
494 1359 510 1423 6
534 1359 566 1423 δὲ
587 1362 811 1444 παρεγράψατο,
833 1363 883 1426 καί
905 1364 1028 1443 Λάμπις
1050 1363 1137 1444 ἐμαρ-

128 1460 235 1540 τύρησε
256 1457 337 1539 παρὰ
359 1464 399 1542 τῷ
422 1458 570 1544 διαιτητῇ,
597 1457 638 1531 ὡς
661 1457 830 1538 ἀπειληφὼς
852 1460 898 1538 εἴη
919 1459 999 1541 παρὰ
1024 1462 1137 1542 Φορμί·

129 1579 207 1628 τινος
238 1555 271 1617 ἐν
297 1555 440 1642 Βοσπόρῳ
471 1555 506 1616 τά
535 1555 667 1636 χρήματα
688 1555 738 1617 καλ
764 1555 953 1629 ἀπολωλεκὼς
981 1556 1051 1637 μετὰ
1077 1567 1137 1619 τῶν

129 1651 225 1716 ἀλλων
247 1652 281 1714 ἐν
304 1662 340 1736 τῇ
362 1653 498 1736 ναυαγίᾳ.
533 1653 676 1734 πρότερον
699 1651 732 1714 δὲ
754 1652 895 1716 τάναντία
916 1653 1029 1716 τούτων
1049 1654 1191 1734 elmi-90⁶

129 1773 174 1812 κει
199 1750 273 1832 πρὸς
296 1750 489 1830 Χρύσιππον,
515 1747 556 1822 ὡς
583 1747 673 1812 οὐδὲν
701 1748 717 1811 ό
744 1751 885 1832 Φορμίων
912 1751 955 1824 εἰς
981 1750 1037 1830 τὴν
1059 1762 1137 1814 ναῦν

128 1846 301 1910 ἐντέθεικεν.
346 1846 530 1928 ἐλεγχόμενος
558 1842 586 1906 δ’
613 1846 662 1908 ἐπὶ
688 1849 803 1921 τούτοις
831 1844 847 1910 6
874 1848 997 1927 Λάμπις
1024 1847 1137 1927 ἐξεστη-

129 1945 212 2007 κέναι
238 1939 297 2007 τότ’
322 1942 449 2023 έφησεν,
476 1938 519 2006 ὅτ’
544 1943 643 2006 ἐκεῖνα
669 1943 743 2028 πρὸς
769 1944 822 2006 τόν
845 1945 1024 2026 Χρύσιππον
1051 1943 1136 2028 ἔλεγε.

129 2044 242 2105 τούτων
269 2040 398 2114 ἀκούσας
425 2037 441 2102 6
470 2041 618 2120 διαιτητὴς
644 2042 695 2104 καὶ
721 2039 814 2121 μηδὲν
841 2041 1072 2124 ἀποφηνάμενος
1095 2044 1137 2118 εἰς

103 2139 162 2201 4τό
190 2139 377 2220 δικαστήριον
403 2137 435 2200 τό
463 2148 582 2219 πρᾶγμα
608 2137 754 2219 πέπομφε.
799 2138 849 2200 καί
872 2135 888 2201 6
912 2137 992 2221 ἀγδον
1015 2137 1137 2220 ὀνόματι

130 2235 185 2316 μέν
206 2235 266 2299 ἐστι
288 2235 522 2318 παραγραφικός,
544 2241 584 2321 τῷ
608 2231 636 2296 δ’
658 2235 768 2316 ἀληθεῖ
781 2235 836 2314 τὴν
855 2235 977 2298 εύθεῖαν
994 2238 1136 2319 γίγνεται·

129 2324 164 2394 εύ
195 2333 251 2415 γὰρ
280 2332 330 2394 καλ
357 2329 373 2393 6
405 2332 500 2412 ῥήτωρ
531 2327 595 2392 κατ’
624 2331 713 2413 ἀρχὰς
744 2332 979 2414 ἐπισημαίνεται,
1010 2331 1050 2407 ὡς
1082 2335 1138 2397 οὐκ

129 2429 208 2492 ἔστιν
235 2431 309 2503 ὅλως
335 2428 515 2510 παραγραφὴ
542 2429 575 2490 τὸ
602 2427 695 2511 λέγειν
722 2427 914 2508 πεποιηκέναι
940 2431 1037 2492 πάντα
1064 2430 1137 2493 κατὰ

128 2524 165 2589 τά
187 2527 372 2608 συγκείμενα,
394 2523 572 2587 ἀποδιδόναι
592 2523 628 2585 τδι
649 2525 782 2607 χρήματα
801 2527 939 2606 Λάμπιδι
960 2530 1137 2608 κελευούσης

131 2622 244 2701 [τοῦτο]
276 2631 330 2701 τῆς
361 2630 533 2702 συγγραφῆς
565 2619 615 2682 καί
645 2619 782 2700 ἀφιείσης
812 2622 860 2684 ἐπὶ
891 2625 1014 2712 τοιούτῳ
1044 2626 1137 2688 πάθει

128 2719 162 2782 τό
190 2718 323 2799 ὄφλημα·
349 2728 440 2780 ταῦτα
465 2719 521 2800 γάρ
546 2715 607 2780 ἐστι
632 2717 687 2795 τὴν
715 2717 893 2782 εὐθυδικίαν
920 2720 1137 2803 ἀγωνιζομένου

129 2815 180 2878 καί
210 2821 272 2888 τοῖς
300 2813 524 2896 ἐπιφερομένοις
550 2814 727 2896 ἐγκλήμασιν
754 2813 957 2898 ἀπαντῶντος,
988 2815 1052 2880 ἀλλ’
1081 2819 1138 2884 οάκ

129 2911 325 2992 ἀναιροῦντος
360 2911 413 2974 τόν
447 2910 514 2993 περὶ
545 2911 644 2973 αὐτῶν
675 2911 776 2993 ἀγῶνα
806 2913 856 2975 καί
887 2914 942 2994 τὴν
973 2917 1137 3000 εἰσαγωγὴν

129 3019 182 3092 τῆς
210 3010 308 3090 δίκης·
339 3008 539 3092 παραγραφὴν
566 3006 613 3088 δέ,
644 3008 753 3090 φησίν,
780 3008 797 3071 6
824 3011 916 3091 νόμος
943 3012 1047 3075 δίδωσι
1072 3013 1139 3096 περλ

128 3117 188 3172 τῶν
215 3106 256 3188 μὴ
282 3104 449 3189 γενομένων
477 3105 551 3180 ὅλως
576 3101 721 3186 Ἀθήνησι
749 3102 819 3201 μηδ’
844 3109 886 3181 είς
910 3102 1041 3187 Ἀθήνας
1064 3128 1139 3191 συμ-

129 3205 267 3288 βολαίων.

100 3317 114 3359 ι
219 3302 380 3384 Τετήρηται
397 3295 426 3365 δ’
442 3299 475 3363 ἐν
493 3305 533 3386 τῷ
552 3302 627 3387 λόγῳ
645 3301 752 3364 ταάτὸν
771 3299 842 3382 ὅπερ
856 3300 907 3362 καί
920 3300 987 3383 περί
1000 3302 1051 3364 τὸν
1064 3301 1141 3366 κατά

130 3401 271 3481 Νεαίρας,
294 3399 339 3460 ότι
362 3393 403 3477 μὴ
426 3391 483 3476 ὑφ’
503 3395 569 3471 ἕνός
590 3399 700 3480 εἴρηται
718 3397 887 3479 προσώπου.
924 3393 986 3459 ἀλλ’
1007 3397 1071 3459 ἐκεῖ
1084 3397 1138 3478 μὲν

128 3493 266 3576 ἑκατέρου
288 3493 426 3573 διαστολὴ
445 3495 569 3576 φανερά,
592 3495 724 3558 ἐνταῦθα
742 3491 774 3556 δὲ
792 3491 971 3575 συγκέχυται.
1010 3494 1094 3554 δοκεῖ
1108 3487 1136 3554 δ’

128 3587 220 3672 ἔμοιγ’
246 3587 430 3652 ἐντεύθενό
459 3589 593 3672 δεύτερος
620 3591 713 3674 λέγειν
740 3589 896 3671 ,ἀκούσας
922 3590 1025 3649 τοίνυν
1052 3585 1139 3666 ’ἡμῶν

183 3699 308 3742 λλιιτοευι.
324 3700 421 3740 v01.11.
943 3683 976 3731 ²⁶
