2590 3900
452 170 547 222 xm
564 169 832 222 τιυοκεετουτ.
1083 165 1146 229 251

136 330 203 414 μήν
225 330 277 395 ὅτι
299 326 330 412 γ’
357 329 419 396 οὑκ
443 329 636 413 ἐπιτήδειος,
660 328 834 413 ἀκηκόατε·
858 330 932 415 ἀρτι
954 329 1019 413 γάρ
1042 325 1149 411 λέγων

135 435 340 521 ἐπαυσάμην.
387 435 512 501 οὑκοῦν
539 437 620 500 κατὰ
647 430 743 500 πάντ’
769 434 879 500 ἀδικεῖ
900 446 1066 520 φανερῶς,
1094 430 1149 498 καὶ

136 537 238 606 οὐδὲν
270 537 344 607 ἔσθ’
375 542 395 607 ὑ
426 563 458 606 τι
489 543 672 624 φροντίσας
704 535 779 606 οὐδ’
809 539 1007 625 εὐλαβηθεὶς
1033 543 1148 625 φαίνε-

135 670 204 729 ται,
233 644 304 712 ἀλλ’
332 649 442 731 ἔμοιγε
471 647 577 728 δοκεῖ,
605 644 667 711 κάν
694 647 726 711 εί
751 648 834 731 πρὸς
860 648 990 725 τούτοις
1013 648 1093 712 ἄλλο
1116 669 1148 712 τι

136 752 180 836 μή
208 763 317 818 ποιεῖν
344 747 515 836 ἐγέγραπτ’
542 750 579 817 έν
606 762 676 828 τοῖς
704 745 779 817 οὖσι
806 753 937 836 νόμοις,
964 751 1027 818 κάν
1048 760 1148 818 τοῦτο

136 866 280 942 ποιήσαι.

82 980 123 1019 11⁰
227 965 448 1048 Πανταχόθεν
457 960 519 1048 μὲν
528 968 645 1031 τοίνυν
659 965 760 1047 δήλός
775 960 847 1029 ἐσθ’
862 963 912 1029 ὅτι
925 957 1016 1029 ταῦτ’
1028 957 1145 1049 ἔγραψ’

136 1069 384 1153 ἐπιβουλεύσας,
407 1067 464 1134 καὶ
483 1071 564 1155 μετά
582 1079 643 1137 τοῦ
661 1069 912 1153 βουλεύσασθαι
928 1066 1019 1135 ταῦτ’
1042 1069 1152 1136 ἀδικεῖ

135 1173 191 1241 καὶ
219 1174 261 1240 ού
287 1175 402 1260 γνώμη
430 1176 636 1260 διαμαρτών,
665 1176 805 1261 μάλιστα
833 1172 865 1240 δ’
891 1174 927 1240 ἐκ
953 1184 1014 1241 τοῦ
1041 1176 1148 1242 πάντα

136 1282 196 1346 τὸν
218 1282 323 1365 νόμον
344 1278 439 1364 μέχρι
455 1289 514 1364 της
530 1279 673 1365 ὑστάτης
691 1283 860 1364 συλλαβῆς
877 1290 1031 1348 τοιοῦτον
1050 1277 1149 1348 εἶναι·

136 1383 217 1453 οὐδὲ
243 1387 307 1472 γὰρ
336 1383 409 1452 οὐδ’
436 1387 527 1453 ἀκων
549 1383 650 1453 οὐδὲν
672 1388 799 1470 έθηκεν
817 1385 928 1470 ὀρθῶς
951 1389 1043 1472 ἔχον,
1071 1381 1145 1454 οὐδ’

136 1492 181 1569 ὡς
204 1491 286 1576 ὑμῖν
308 1493 421 1577 ἔμελλε
444 1494 681 1576 λυσιτελήσειν.
727 1503 796 1568 πῶς
818 1485 881 1558 οὑν
904 1492 965 1559 οὑκ
988 1494 1075 1571 εἰκὸς
1097 1519 1148 1579 με

36 1646 39 1652 .
136 1608 209 1663 σεῖν
240 1594 296 1662 καλ
325 1603 543 1681 τιμωρεῖσθαι
574 1606 709 1680 τοῦτον,
742 1597 832 1674 ὅστις
862 1607 924 1663 τοῦ
951 1594 1012 1681 μέν
1040 1601 1149 1686 δήμου

135 1701 339 1786 ἠδικημένου
372 1700 550 1786 ἠμέλησεν,
581 1698 665 1785 ὑπὲρ
698 1700 735 1768 δὲ
766 1713 834 1768 τῶν
860 1703 1067 1788 ἠδικηκότων
1092 1703 1147 1771 καὶ

80 1825 122 1865 111
136 1807 278 1891 ὑστερον
305 1806 534 1889 ἀδικησόντων
560 1809 639 1883 τοὺς
665 1810 791 1890 νόμους
818 1809 955 1891 έθηκενς
987 1811 1147 1894 θαυμάζω

137 1906 168 1979 δ’
194 1908 220 1978 ὦ
248 1913 368 1997 ἄνδρες
394 1910 546 1978 δικασταὶ
570 1922 627 1997 τῆς
650 1912 819 1990 ἀναιδείας
840 1913 961 1997 αὑτοῦ,
989 1916 1025 1980 τὸ
1049 1915 1147 1998 ήνίκα

137 2014 199 2103 μὲν
219 2013 320 2102 ήρχεν
343 2016 441 2094 αὑτὸς
463 2015 531 2102 μετ’
554 2016 804 2102 Ἀνδροτίωνος,
827 2019 887 2085 τὸν
910 2022 1004 2086 ἔλεον
1026 2030 1147 2087 τοῦτον

137 2123 191 2191 έπλ
212 2132 258 2212 τῷ
279 2126 402 2208 πλήθει
423 2132 470 2212 τῷ
493 2123 639 2210 ὑμετέρῳ
662 2124 706 2209 μή
729 2127 949 2208 ποιήσασθαι,
977 2136 1024 2215 τῷ
1047 2126 1137 2192 άπει-
1148 2133 1199 2184 ‘1³⁶

137 2232 252 2315 ρηκότι
278 2230 318 2294 τὰ
346 2228 466 2296 ἑαυτοῦ
489 2227 625 2315 χρήματ’
652 2229 856 2315 εἰσφέροντι,
885 2231 997 2316 ἐπειδή
1021 2227 1052 2298 δ’
1076 2229 1148 2298 Ἀν-

137 2336 302 2420 δροτίωνα
330 2336 397 2400 ἔδει
425 2333 447 2399 ἀ
473 2335 574 2400 πάλαι
595 2333 748 2422 ὑφήρητο
771 2345 828 2420 τῆς
850 2339 977 2414 πόλεως
999 2340 1148 2422 χρήματα

137 2447 347 2523 καταθεῖναι,
370 2441 410 2506 τά
432 2436 494 2524 μὲν
517 2440 605 2523 ἱερά,
628 2442 668 2506 τὰ
691 2435 723 2506 δ’
748 2441 834 2524 ὅσια,
857 2444 930 2507 τότε
952 2449 1065 2508 θεῖναι
1087 2445 1147 2509 τὸν

136 2548 253 2631 νόμον,
277 2542 327 2612 ἐπ’
349 2545 566 2629 ἀποστερήσει
588 2557 655 2611 τῶν
677 2543 738 2631 μέν
761 2547 863 2613 ὁσίων
885 2556 942 2630 τῆς
961 2548 1145 2632 διπλασίας,

135 2663 204 2718 τῶν
236 2651 334 2737 ἱερῶν
367 2647 404 2716 δὲ
435 2660 493 2735 τῆς
525 2652 751 2730 δεκαπλασίας.
800 2651 856 2719 καὶ
884 2652 971 2719 οὑτω
999 2655 1081 2740 πρὸς
1107 2656 1146 2721 τὸ

136 2762 266 2841 πλῆθος
292 2759 329 2823 τὸ
357 2755 517 2842 ὑμέτερον
539 2760 797 2840 προσενήνεκται
820 2757 838 2823 ὑ
862 2757 978 2825 αὐτίκα
1002 2760 1042 2843 δή
1067 2758 1142 2844 μάλ’

81 2882 123 2924 112
136 2859 220 2949 ὑπὲρ
243 2871 303 2928 τοῦ
327 2864 436 2948 δήμου
458 2865 578 2948 φήσων
600 2863 659 2927 τὸν
678 2864 784 2947 νόμον
801 2872 921 2930 τοῦτον
938 2871 1060 2931 θεῖναι.
1098 2867 1147 2932 δι·

135 2972 237 3046 καίως
255 2963 286 3034 δ’
303 2969 346 3035 ἄν
364 2992 421 3053 μοι
440 2970 534 3034 δοκεῖ
547 2974 671 3034 παθεῖν
690 2967 814 3051 ὁτιοῦν,
833 2970 923 3047 ὅστις
942 2976 1045 3036 οῖεται
1065 2972 1147 3056 δεῖν,

136 3075 168 3140 εί
193 3073 255 3159 μέν
280 3097 331 3152 τις
358 3074 565 3160 ἀγορανόμος
591 3073 612 3158 ή
637 3073 823 3159 ἀστυνόμος
845 3075 865 3160 ή
890 3076 1044 3159 δικαστής
1066 3078 1148 3142 κατὰ

137 3181 264 3265 δήμους
291 3181 469 3265 γενόμενος
495 3185 618 3262 κλοπῆς
645 3177 682 3246 όν
709 3191 780 3257 ταῖς
808 3182 970 3258 εὐθύναις
992 3179 1146 3263 ἑάλωκεν,

137 3287 317 3370 ἀνθρωπος
342 3285 443 3370 πένης
468 3284 524 3352 καλ
547 3287 680 3369 ἰδιώτης
702 3284 757 3351 καὶ
779 3291 912 3353 πολλῶν
935 3288 1069 3374 ἄπειρος
1091 3287 1146 3354 καὶ

135 3393 310 3476 κληρωτήν
337 3391 442 3476 ἀρχὴν
469 3390 583 3476 άρξας,
614 3392 720 3479 τούτῳ
747 3388 807 3476 μὲν
833 3395 895 3477 τήν
923 3394 1146 3458 δεκαπλασίαν

135 3493 237 3581 εἶναι,
265 3496 320 3564 καὶ
346 3500 454 3582 νόμον
481 3497 603 3564 οὐδένα
628 3507 697 3574 τοῖς
719 3499 882 3576 τοιούτοις
905 3497 1146 3581 ἐπικουροῦντα
