2614 3904
460 157 561 212 ΠΡΟΣ
579 158 778 214 <hommum
1059 157 1125 222 409

59 367 61 372 .
114 316 209 390 τόκος
240 313 260 380 δ
292 317 419 398 ἔγγειος
445 315 464 384 ὁ
491 319 628 401 ἔφεκτος
654 329 720 384 τῶν
747 319 924 402 τριάκοντα
951 328 1044 402 μνῶν
1070 315 1126 386 καὶ

113 429 215 502 τριῶν
238 418 293 486 καὶ
315 420 471 506 ἑξήκοντα
489 426 702 490 πεντακόσιαι
720 421 863 509 δραχμαὶ
880 421 936 490 καὶ
954 422 1125 507 ἑξήκοντα·

113 526 150 590 τὸ
183 522 220 590 δε
252 527 386 610 σύμπαν
416 529 600 612 κεφάλαιον
632 532 780 612 γήινεται
804 531 906 596 τόσον
934 527 988 595 καὶ
1016 531 1125 594 τόσον.

74 647 99 688 υ
113 633 204 696 ἔστιν
236 626 299 698 οὖν
331 627 357 698 ὦ
389 634 509 719 ἀνδρες
539 633 693 702 δικασταὶ
723 629 821 712 οὗτος
851 634 869 701 ὁ
898 636 1077 719 ἄνθρωπος
1103 632 1125 718 ή

113 739 290 820 γενήσεταί
307 759 398 822 ποτε,
422 738 459 817 ὃς
481 737 556 806 ἀντὶ
577 742 750 826 δισχιλίων
769 739 949 820 ἑξακοσίων
968 742 1126 825 δραχμῶν

112 843 290 923 τριάκοντα
313 852 397 928 μνᾶς
419 843 476 912 καὶ
497 849 686 933 τριακοσίας
703 844 760 912 καί
779 845 937 930 ἑξήκοντα
956 844 1126 910 ἀποτίνειν

112 945 273 1030 προείλετ’
296 950 351 1034 ἀν,
373 949 429 1018 καὶ
450 953 551 1018 τόκον
572 955 789 1030 πεντακοσίας
812 953 959 1037 δραχμὰς
973 947 1032 1016 »καὶ
1055 948 1126 1032 ἑξή-

112 1078 215 1120 κοντα
237 1056 488 1142 δανεισάμενος,
510 1057 550 1135 ἀς
572 1074 677 1142 φησιν
698 1056 947 1124 ἀποδεδωκέναι
967 1058 1127 1141 Φορμίων

112 1160 277 1244 Λάμπιδι,
305 1165 488 1248 τρισχιλίας
515 1161 689 1239 ἐνακοσίας
710 1168 851 1240 είκοσιν;
880 1160 955 1239 ἐξὸν
978 1158 1009 1226 δ’
1036 1158 1126 1247 αὐτῷ

113 1265 390 1351 ἀμφοτερόπλουν
411 1265 594 1352 Ἀθήνησιν
617 1265 803 1334 ἀποδοῦναι
826 1269 864 1334 τδ
887 1265 1064 1351 ἀργύριον,
1088 1264 1126 1332 έν

71 1390 98 1431 τι
112 1374 276 1459 Βοσπόρῳ
304 1370 466 1456 ἀπέδωκε,
494 1372 582 1459 τρισὶ
608 1371 665 1439 καὶ
692 1371 772 1438 δέκα
799 1383 897 1458 μναῖς
923 1372 1039 1450 πλέους
1071 1367 1127 1438 καὶ

111 1489 183 1556 τοῖς
209 1475 270 1563 μὲν
297 1479 338 1544 τὰ
366 1477 544 1564 ἑτερόπλοα
572 1481 744 1545 δανείσασι
768 1481 863 1563 μόλις
884 1478 1023 1563 τάρχαῖα
1046 1476 1126 1543 ἀπο-

114 1583 271 1667 δέδωκας,
294 1587 330 1650 ot
350 1583 579 1650 συνέπλευσάν
602 1599 655 1650 σοι
678 1581 734 1649 καὶ
751 1585 996 1668 προσήδρευον·
1018 1583 1126 1670 τούτῳ

113 1686 150 1755 δὲ
177 1699 222 1778 τῳ
246 1690 291 1774 μή
313 1691 455 1772 παρόντι
477 1689 518 1755 οὐ
541 1691 646 1773 μόνον
668 1688 806 1774 τάρχαῖα
829 1687 885 1755 καῖ
907 1691 985 1766 τοὺς
1007 1690 1127 1765 τόκους

112 1795 300 1878 ἀπεδίδους,
325 1793 408 1862 ἀλλὰ
430 1793 486 1860 καὶ
508 1796 548 1863 τά
569 1794 713 1880 έπιτίμια
731 1794 772 1860 τὰ
789 1792 826 1860 έκ
843 1801 902 1878 τής
920 1802 1115 1878 συγγραφῆς
1126 1809 1179 1860 οιῖ

70 1920 98 1961 ¹⁷
114 1901 274 1984 ἀπέτινες,
297 1898 454 1985 οὐδεμιᾶς
477 1918 532 1967 σοι
554 1899 699 1984 ἀνάγκης
722 1900 838 1985 οὔσήςς
869 1900 1043 1978 κάκείνους
1064 1895 1126 1983 μὲν

113 2007 175 2072 οὐκ
193 2006 343 2089 ἐδεδίεις,
360 1997 413 2082 οἷς
430 2005 468 2074 αί
482 2003 676 2089 συγγραφαί
693 2003 731 2072 ἀν
747 2008 909 2094 Βοσπόρῳ
928 2006 989 2088 τήν
1007 2005 1126 2087 πρᾶξιν

113 2111 286 2178 ἐδίδοσαν·
322 2112 445 2179 τούτου
476 2109 514 2178 δε
546 2111 613 2198 φής
644 2112 850 2195 φροντίζειν,
887 2110 927 2176 ὃν
959 2109 993 2191 ἐξ
1024 2111 1127 2196 ἀρχής

112 2218 218 2295 εὐθὺς
241 2217 365 2301 ἠδίκεις
388 2216 450 2284 οὐκ
473 2215 653 2301 ἐνθέμενος
674 2217 715 2281 τά
736 2213 871 2302 χρήματ’
894 2217 941 2293 είς
959 2217 1021 2300 τήν
1039 2225 1126 2282 ναῦν

112 2324 195 2390 κατὰ
222 2323 283 2406 τήν
311 2324 510 2407 συγγραφήν
535 2319 740 2406 ’Λθήυήθενς
768 2319 825 2388 καὶ
849 2330 912 2388 νῦν
935 2317 996 2406 μέν
1019 2323 1066 2399 είς
1087 2321 1126 2386 τὸ

113 2430 273 2516 ἐμπόριον
295 2427 397 2511 ήκων,
421 2422 462 2493 οὗ
486 2429 522 2493 τὸ
545 2430 752 2526 συμήόλαιου
774 2425 914 2511 ἐγένετο,
938 2428 999 2495 οὐκ
1018 2427 1127 2506 ὀκνεῖς

113 2535 308 2615 ἀποστερεῖν
330 2533 390 2598 τὸν
409 2529 627 2600 δανείσανταῖ
645 2533 682 2599 έν
700 2535 862 2621 Βοσπόρῳ
883 2529 921 2598 δὲ
937 2536 1039 2602 πλείω
1057 2545 1125 2599 τῶν

71 2660 99 2702 ετ
113 2642 252 2707 δικαίων
275 2634 342 2724 φής
361 2648 480 2720 ποιεῖν,
504 2634 546 2704 οὗ
564 2640 661 2723 δίκην
681 2639 743 2704 οὐκ
761 2641 892 2724 ἔμελλες
910 2640 1046 2719 δώσεινς
1069 2638 1126 2706 καί

113 2747 150 2812 οἱ
168 2741 230 2828 μὲν
253 2729 348 2810 ἀλλοι
365 2743 486 2820 πάντες
504 2745 540 2810 οί
554 2745 595 2810 τὰ
613 2745 868 2828 ἀμφοτερόπλοα
886 2746 1124 2830 δανειζόμενοι,

113 2851 194 2916 ὅταν
216 2849 481 2918 ἀποστέλλωνται
504 2848 629 2917 ἐκτῶν
653 2849 835 2935 ἐμπορίων,
863 2854 1008 2929 πολλοὺς
1028 2857 1124 2937 παρί-

111 2976 264 3039 στανται,
293 2957 599 3041 ἐπιμαρτυρόμενοιΙ
618 2956 669 3022 ὅτι
690 2955 731 3022 τά
752 2959 901 3042 χρήματα
923 2958 987 3040 ήδη
1010 2960 1124 3024 κινδυ-

110 3064 244 3129 νεύεται
274 3070 319 3150 τῷ
352 3062 556 3135 δανείσαντι·
590 3065 634 3128 σὺ
666 3059 696 3126 δ’
733 3059 785 3127 ἑνὶ
816 3065 950 3145 σκήπτει
981 3063 1125 3156 μάρτυρι

111 3170 201 3258 αὐτῷ
225 3176 270 3257 τῷ
293 3170 541 3251 συναδικοῦντι,
563 3166 620 3236 καὶ
641 3169 718 3233 οὔτε
735 3168 795 3236 τὸν
812 3171 916 3235 παῖδα
934 3170 993 3233 τὸν
1010 3168 1124 3253 ήμέτε-

111 3299 175 3358 ρον
200 3272 382 3359 παρέλαβες
409 3273 446 3340 έν
468 3276 630 3362 Βοσπόρῳ
660 3276 740 3340 όντα
768 3274 844 3340 οὔτε
866 3275 925 3342 τὸν
947 3279 1122 3358 κοινωνόν,

111 3378 192 3448 οὐδὲ
215 3382 273 3457 τὰς
295 3380 468 3456 έπιστολάς
491 3378 661 3456 ἀπέδωκας
683 3379 807 3462 αὐτοῖς,
831 3378 869 3457 ἀς
891 3379 984 3469 ἡμεῖς
1004 3379 1123 3462 ἐπεθή-

109 3510 229 3568 καμεν,
262 3486 299 3551 έν
330 3477 384 3564 αἷς
415 3483 594 3572 ἐγέγραπτο
626 3489 895 3566 παρακολουθεῖν
922 3502 976 3550 σοι
1003 3475 1054 3559 οἱς
1080 3481 1124 3550 ἀν
