2590 3900
143 155 208 221 248
445 157 541 211 XXIV.
564 155 843 209 ΔΗΜΟΣΘΕΝΟΤΣ

142 326 181 402 τη
206 318 377 401 διοικήσει,
399 315 471 382 ἀλλ’
494 314 590 401 ἐνδέη
613 320 756 398 πολλῶν,
778 313 834 381 καὶ
856 311 939 400 μηδὲ
960 312 1053 381 ταῦτ’
1075 312 1148 380 ἀλλ’

142 421 162 506 ή
189 421 266 507 περὶ
292 426 435 507 λήγοντα
461 424 522 489 τὸν
549 421 702 488 ἐνιαυτὸν
725 413 746 507 ᾖ
770 423 898 505 λαβεῖν,
924 422 966 486 τά
988 418 1026 487 δὲ
1048 439 1152 506 προσ-

142 532 373 614 καταβλήματα
404 531 482 606 τοὺς
513 529 558 611 μή
589 525 743 604 τιθέντας
774 527 818 611 μὴ
850 517 872 612 ᾖ
903 529 1002 612 κυρία
1029 527 1101 592 δεῖν
1128 527 1151 611 ή

142 635 248 718 βουλή
272 632 368 719 [μηδὲ
389 635 430 700 τά
453 635 677 718 δικαστήρια],
700 633 784 698 άλλά
805 638 1009 698 καθιστῶσιν
1032 632 1152 716 ἐγγυη-

102 757 128 797 ω
141 741 199 817 τὰς
221 741 297 825 ἄχρι
319 750 377 825 τῆς
399 739 514 824 δνάτης
536 741 748 824 πρατανείαςς
771 739 830 816 τάς
852 731 883 804 δ’
903 737 989 804 ὀκτὼ
1006 741 1042 803 τί
1055 741 1151 822 ποιή·

141 861 259 930 σομεν;
278 843 348 912 είπδ
370 847 581 930 Τιμόκρατες·
603 844 646 910 ού
664 845 803 929 σύνιμεν
821 842 876 909 καὶ
892 841 1151 928 βουλευσόμεθ’,

142 952 184 1016 άν
209 974 243 1016 τι
270 950 343 1037 δίης
373 947 431 1017 εἶτ’
457 953 505 1018 δτι
533 951 865 1037 δημοκρατησόμεθας
895 949 936 1015 ού
959 949 1084 1015 δικάσει
1109 951 1152 1015 τά

142 1056 336 1141 δικαστήρια
367 1057 425 1135 τάς
454 1053 483 1122 τ’
517 1057 605 1133 ίδίας
635 1052 689 1122 καὶ
719 1056 777 1132 τὰς
808 1056 982 1140 δημοσίας;
1014 1053 1070 1120 καὶ
1101 1058 1152 1132 τίς

141 1161 279 1246 ὑπάρξει
309 1174 379 1240 τοῖς
409 1159 639 1245 ἀδικουμένοις
666 1160 843 1244 δαμάλεως
876 1160 939 1226 οὐκ
964 1165 1101 1226 είσεισιν
1128 1160 1151 1245 ἡ

141 1269 248 1352 βουλή
269 1266 325 1334 καὶ
348 1270 509 1352 διοικήσει
530 1268 571 1332 τά
595 1267 631 1333 δκ
652 1277 720 1332 τόν
742 1269 869 1350 νόμωνς
899 1264 955 1332 καὶ
977 1269 1013 1332 τί
1031 1268 1151 1332 λοιπὸν

141 1371 215 1439 ἔσθ’
241 1372 322 1457 ἡμῖν
345 1371 416 1440 ἀλλ’
438 1373 459 1457 ή
482 1373 738 1450 καταλελύσθαις
763 1371 846 1437 ἀλλὰ
867 1371 910 1454 νὴ
933 1365 992 1436 Δί’
1014 1371 1152 1457 ἀμισθεὶ
1270 1410 1271 1442 ι

141 1488 244 1546 ταῦτα
262 1482 460 1563 ποιήσομεν;
477 1477 532 1545 καὶ
551 1488 620 1554 πως
638 1477 680 1542 οὐ
699 1478 822 1560 δεινὸν,
841 1478 872 1542 εί
888 1477 945 1542 διὰ
960 1479 1020 1542 τὸν
1033 1479 1151 1563 νόμον,
1271 1466 1273 1538 ἶ

141 1584 182 1652 δν
210 1588 251 1653 σύ
278 1585 420 1669 τέθηκας
446 1585 572 1670 μισθὸν
599 1585 727 1668 λαβών,
754 1584 900 1668 ἄμισθος
927 1583 946 1649 ό
969 1585 1073 1668 δῆμος
1094 1582 1151 1649 καὶ
1273 1580 1274 1590 ’

91 1689 163 1774 θοή
188 1691 294 1775 βουλή
317 1689 435 1756 καὶτὰ
458 1683 641 1773 δικαστήρι’
666 1692 771 1768 ἕσται;
799 1698 884 1775 χρῆν
904 1691 969 1775 γὰρ
991 1693 1090 1756 τοῦτό
1113 1690 1154 1773 γέ
1276 1750 1277 1754 ,

141 1791 173 1863 τ’
199 1791 226 1862 δ)
252 1798 452 1880 Τιμόκρατες
474 1794 686 1880 προσγράψαι
706 1802 753 1882 τῷ
775 1796 879 1883 νόμῳ,
903 1791 1005 1879 οὗπερ
1029 1794 1150 1872 ἐποίεις

141 1902 223 1968 κατὰ
241 1911 308 1967 τῶν
326 1905 479 1967 τελωνῶν
497 1898 552 1966 καὶ
570 1912 637 1966 τῶν
656 1899 825 1984 ἐγγυητῶν
843 1903 900 1979 τάς
917 1899 1050 1987 πράξεις
1067 1905 1150 1968 κατὰ

141 2010 221 2085 τοὺς
241 2006 450 2092 ὑπάρχοντας
470 2008 606 2090 νόμους,
629 2003 706 2088 ,,καὶ
729 2007 761 2071 εί
780 2007 862 2072 κατά
884 2029 987 2072 τινων
1002 2007 1041 2073 όν
1059 2009 1148 2097 άλλμ

142 2110 209 2179 τινὶ
230 2114 323 2200 νόμω
345 2111 366 2196 ή
388 2114 577 2196 ψηφίσματι
598 2112 657 2188 τὰς
679 2111 780 2188 αὐτὰς
803 2118 928 2196 είρηται
950 2114 1083 2198 πράξεις
1102 2111 1150 2180 ὧν

142 2218 338 2302 ὀφείλουσιν
360 2212 456 2298 εἶναι,
480 2215 519 2294 ἃς
538 2214 699 2301 περὶτῶν
716 2222 880 2302 τελωνῶν,
903 2217 958 2285 καλ
975 2221 1057 2285 κατά
1074 2223 1150 2285 τού·

142 2347 210 2388 των
233 2319 319 2389 εἶναι
340 2323 399 2399 τὰς
421 2322 554 2408 πράξεις
575 2323 657 2388 κατά
674 2326 753 2400 τοὺς
770 2323 978 2409 ὑπάρχοντας
994 2327 1150 2410 νόμους.“

90 2444 128 2484 ¹⁰1
141 2437 206 2496 νῦν
234 2424 271 2494 δὲ
298 2429 566 2516 κύκλμφεύγων
588 2430 666 2505 τοὺς
687 2430 812 2513 νόμους
833 2432 911 2507 τοὺς
932 2434 1140 2513 τελωνικούς,
1151 2439 1202 2488 ⁷32

143 2533 194 2599 δτι
220 2535 258 2599 τό
286 2536 442 2619 ψήφισμα
467 2535 505 2600 τὸ
529 2533 743 2618 Εὐκτήμονος
764 2541 874 2618 εἴρηκε
896 2536 1051 2621 πράττειν
1072 2541 1151 2616 τοὺς

144 2640 337 2724 ὠφληκότας
363 2639 445 2704 κατά
471 2639 611 2716 τούτους
636 2642 716 2718 τοὺς
740 2643 880 2724 νόμους,
908 2642 964 2707 διά
990 2641 1079 2707 ταῦτ’
1108 2644 1151 2710 οὐ
1183 2667 1185 2671 ·

143 2743 352 2831 προσέγραψε
374 2755 481 2811 τοῦτο.
519 2744 554 2810 ἐκ
578 2742 615 2810 δὲ
636 2746 758 2811 τούτου
780 2756 841 2812 τοῦ
862 2749 988 2832 τρόπου
1010 2750 1072 2832 τήν
1090 2745 1151 2835 μὶν

142 2849 358 2935 ὑπάρχουσαν
384 2853 545 2934 τιμωρίαν
568 2851 670 2928 λύσας
692 2853 773 2917 κατὰ
795 2863 863 2917 τῶν
884 2854 925 2918 τά
946 2863 1004 2936 τῆς
1025 2857 1153 2932 πόλεως

144 2955 303 3040 ἐχόντων,
336 2954 450 3042 ἑτέραν
483 2953 513 3021 δ’
545 2956 587 3022 ού
618 2957 746 3042 γράνας
777 2958 884 3023 πάντα
914 2960 955 3025 τά
985 2959 1148 3045 πράγματ’

143 3062 288 3147 άναιρελ,
312 3063 434 3147 δῆμον,
458 3060 588 3145 ίππέας,
611 3063 753 3147 βουλήν,
777 3061 851 3149 ἱέρ’,
875 3064 964 3130 ὅσια·
991 3063 1069 3131 ἀνθ’
1092 3061 1151 3151 ὧν,

143 3169 247 3252 άνπερ
265 3167 358 3252 ὑμεῖς
377 3163 403 3234 ὦ
421 3169 541 3253 ἄνδρες
556 3162 729 3252 Ἀθηναῖοι
747 3179 951 3255 σωφρονῆτε,
974 3171 1152 3250 κολασθεὶς

143 3270 199 3338 καὶ
225 3275 306 3350 δοὺς
328 3272 430 3354 ἀξίαν
446 3275 542 3357 δίκην
564 3283 634 3350 τοῖς
656 3275 772 3362 ίίλλοιςΙ
790 3275 997 3360 παράδειγμα
1018 3280 1152 3360 γενήσε·

144 3399 198 3442 ται
222 3378 266 3461 μή
288 3377 419 3444 τιθέναι
441 3379 613 3455 τοιούτους
634 3380 768 3463 νόμους.
844 3417 846 3424 ·

94 3495 131 3536 ¹⁰2
236 3482 286 3548 Ού
308 3486 425 3548 τοίνυν
447 3486 553 3567 μόνον
574 3485 615 3549 τδι
639 3482 821 3571 δικαστήρι’
847 3487 953 3572 άκυρα
975 3499 1066 3554 ποιεῖ
1083 3499 1152 3554 τῶν

1054 3846 1063 3851 1
1215 3817 1280 3839 ,,,-.-ι’
