2616 3910
1115 133 1125 161 .

274 213 373 264 Πεοε
391 212 555 266 nomon
573 215 659 264 ΠΕΡΙ
677 179 753 264 νου
772 214 980 267 ουοιιετοε.
1065 210 1132 275 485

5 403 6 452 η
122 367 221 455 άηδές
244 367 286 454 ην
305 371 341 437 ἐκ
358 373 497 454 τούτων,
521 367 597 456 μηδ’
619 373 704 450 δίας
722 373 888 438 ἀδύνατον
906 372 1026 438 ταύτὸν
1045 374 1131 456 ἔχειν
1168 362 1170 367 ’

5 513 6 546 ι
122 475 216 560 ὄνομ’
243 477 323 561 ημῖν
346 477 554 561 συνέβαινεν,
581 478 621 544 οὐ
646 479 753 563 δήπου
776 487 895 545 τοῦτον
918 475 979 563 μὲν
1002 480 1132 543 δίκαιον

121 584 159 647 τὸ
182 582 282 666 μέρος
303 594 371 648 τῶν
395 584 483 667 ἐμῶν
505 584 682 668 χρημάτων
702 587 789 668 ἔχειν
807 585 889 650 κατὰ
907 585 968 668 την
986 587 1131 667 ποίησιν,

120 689 164 772 ἣν
184 689 201 753 ὁ
219 693 326 773 πατὴρ
345 689 447 754 αὐτὸν
466 687 687 772 ἀναγκασθεὶς
706 689 893 772 ἐποιήσατο,
913 686 968 774 ἐμὲ
985 686 1015 756 δ’
1034 689 1131 773 άφαι-

122 801 264 878 ρεθηναι
295 793 458 878 τοῦνομα,
491 793 509 859 δ
541 797 744 879 βουλόμενος
774 793 830 860 καὶ
861 792 934 861 οὐδ’
967 790 1027 878 ὑφ’
1057 793 1131 872 ἑνὸς

121 897 274 984 βιασθεὶς
292 902 397 965 ἔθετο.
432 901 493 966 οὐκ
511 898 607 984 ἔγωγ’
625 900 778 984 ἡγοῦμαι.
811 901 867 965 ἵνα
882 903 999 966 τοίνυν
1013 901 1130 984 εἰδῆτε,

122 1007 172 1072 ὅτι
200 1006 241 1072 οὐ
269 1008 375 1090 μόνον
397 1008 444 1082 εἰς
466 1008 544 1082 τοὺς
567 1007 733 1090 φράτερας
755 1005 874 1088 οὕτως,
903 1007 947 1082 ὡς
970 1007 1130 1090 μεμαρτύ-

122 1136 228 1197 ρηται,
252 1111 270 1178 ὁ
288 1113 394 1196 πατὴρ
413 1112 475 1195 την
494 1110 665 1195 ἐγγραφὴν
685 1111 872 1195 ἐποιήσατο,
896 1111 978 1176 ἀλλά
996 1111 1052 1177 καὶ
1069 1114 1130 1195 τὴν
1217 1144 1219 1148 ·

122 1220 262 1303 δεκάτην
281 1215 354 1302 ἐμοὶ
371 1227 478 1282 ποιῶν
496 1218 643 1301 τοῦνομα
660 1212 750 1282 τοῦτ’
773 1222 879 1300 ἔθετο,
904 1217 985 1301 λαβέ
1001 1241 1058 1302 μοι
1075 1215 1131 1284 καὶ

121 1326 244 1410 ταύτην
267 1323 328 1407 τὴν
351 1326 545 1408 μαρτυρίαν.

534 1535 723 1588 ΜΑΡΤΤΡΙΑ.

12 1711 16 1721 Α
79 1665 105 1704 ει
184 1636 349 1706 “Ἇκοάετ’
375 1641 495 1721 ἄνδρες
519 1634 705 1724 Ἀθηναῖοι,
735 1641 785 1706 ὅτι
813 1640 877 1725 ἐγὼ
904 1641 965 1726 μέν
987 1639 1051 1726 εἰμ’
1078 1641 1130 1708 ἐπὶ

120 1747 323 1830 τούνόματος
345 1745 467 1810 τούτου
487 1746 593 1810 πάντα
612 1748 671 1811 τὸν
688 1749 822 1830 χρόνον,
848 1756 969 1812 τοῦτον
994 1744 1031 1813 δέ
1053 1752 1130 1814 Βοι-

122 1855 208 1918 ωτὸν
231 1854 278 1929 είς
300 1853 380 1928 τοὺς
401 1853 576 1936 φράτερας,
599 1849 686 1934 ἡνίκ’
707 1853 914 1936 ἠναγκάσθη,
937 1850 1089 1938 ἐνέγραψ’
1111 1855 1130 1922 ὁ

120 1961 235 2042 πατήρ.
268 1949 374 2040 ηδέοις
392 1961 509 2022 τοίνυν
528 1957 665 2042 ἐροίμην
684 1957 726 2023 ἂν
740 1959 843 2024 αὐτὸν
857 1959 1009 2025 ἐναντίον
1022 1961 1128 2044 ὑμῶν·

120 2067 152 2129 εί
173 2066 216 2149 μὴ
236 2061 418 2148 ἐτελεύτησ’
440 2064 594 2148 ὁπατηρ,
618 2067 653 2128 τί
669 2065 710 2129 άν
728 2062 800 2129 ποτ’
823 2065 944 2143 ἐποίεις
961 2069 1044 2149 πρὸς
1062 2079 1131 2145 τοῖς

121 2171 292 2254 δημόταις;
331 2170 392 2237 οὐκ
423 2169 466 2235 άν
498 2177 567 2248 είας
599 2172 722 2236 σαυτὸν
755 2171 934 2255 ἐγγράφειν
965 2176 1129 2251 Βοιωτίας

121 2271 192 2341 ἀλλ’
218 2277 343 2340 άτοπον
368 2277 465 2360 δίκην
488 2274 549 2360 μὲν
572 2277 749 2360 λαγχάνειν
771 2278 903 2359 τούτου,
930 2277 1069 2343 κωλύειν
1094 2275 1130 2344 δὲ

119 2383 229 2448 πάλιν.
264 2379 320 2446 καὶ
344 2381 409 2464 μην
433 2387 467 2445 εί
485 2376 517 2464 γ’
540 2386 608 2457 είας
632 2382 744 2463 αὐτόν,
769 2381 949 2466 ἐνέγραψεν
970 2384 1011 2447 άν
1031 2378 1062 2448 σ’
1083 2386 1130 2462 είς

5 2509 6 2568 3
119 2491 198 2564 τοὺς
215 2488 367 2570 δημότας,
388 2486 467 2568 ὅπερ
486 2487 533 2561 είς
550 2490 629 2562 τοὺς
647 2487 820 2575 φράτερας.
853 2488 977 2553 οὐκοῦν
997 2491 1119 2573 δεινὸν,
1131 2500 1196 2550 1001

5 2641 7 2660 .
120 2589 146 2657 ὦ
166 2603 206 2676 γῆ
221 2591 276 2657 καὶ
289 2595 377 2673 θεοί,
396 2592 537 2674 φάσκειν
551 2588 612 2675 μὲν
627 2591 755 2657 ἐκεῖνον
771 2591 890 2658 ἑαυτοῦ
904 2591 1014 2679 πατέρ’
1033 2591 1128 2680 εἶναι,

119 2703 244 2782 τολμᾶν
267 2695 297 2761 δ’
320 2698 427 2780 άκυρα
449 2709 558 2762 ποιεῖν
582 2695 602 2761 δ
624 2707 733 2774 κεῖνος
755 2698 872 2781 ἔπραξε
897 2702 968 2777 ζῶν.

77 2827 105 2866 εν
205 2798 343 2886 Ἐτόίμα
367 2805 484 2867 τοίνυν
506 2805 588 2886 πρὸς
610 2811 656 2891 τῷ
681 2804 829 2887 διαιτητῇ
852 2803 973 2889 πρᾶγμ’
1000 2806 1130 2874 άναιδέ-

119 2927 241 2976 στατον
269 2908 392 2993 λέγειν,
425 2908 470 2984 ὡς
498 2908 515 2974 ὁ
543 2909 649 2993 πατὴρ
678 2909 781 2974 αὑτοῦ
809 2910 948 2991 δεκάτην
977 2911 1130 2997 ἐποίησεν

120 3017 229 3100 ὥσπερ
257 3015 338 3100 ἐμοῦ
366 3012 421 3080 καὶ
443 3015 589 3099 τοῦνομα
613 3009 703 3081 τοῦτ’
728 3009 815 3080 ἔθετ’
841 3014 944 3102 αὐτῷ,
972 3016 1026 3082 καὶ
1050 3021 1129 3104 μάρ-

5 3205 6 3216 ¹
118 3123 339 3212 vvpdgywag
361 3123 548 3206 παρείχετο,
577 3112 627 3198 οἷς
651 3119 775 3202 ἐκεῖνος
798 3120 1001 3187 οὐδεπώποτ’
1028 3126 1129 3208 ὤφθη

5 3219 6 3222 “
119 3229 294 3312 χρώμενος.
340 3226 404 3308 ἐγὼ
433 3221 463 3290 δ’
495 3224 607 3292 οὐδέν’
638 3225 731 3310 ὑμῶν
760 3226 894 3310 άγνοείν
923 3235 1048 3312 οίομαι,
1080 3232 1130 3295 ὅτι

119 3329 189 3398 οὔτ’
217 3331 258 3397 άν
286 3332 439 3412 ἐποίησεν
463 3331 603 3416 δεκάτην
627 3330 738 3408 οὐδεὶς
760 3332 897 3397 παιδίου
920 3335 963 3417 μη
987 3327 1129 3419 νομίζον

119 3439 223 3504 αὑτοῦ
246 3440 380 3514 δικαίοις
402 3433 499 3520 εἶναι,
524 3439 600 3502 οὔτε
623 3442 763 3521 ποιήσας
783 3436 837 3502 καὶ
857 3437 1000 3521 στέρξας,
1025 3440 1068 3516 ὡς
1087 3439 1129 3506 άν

118 3544 195 3608 υίόν
226 3566 276 3619 τις
307 3541 452 3625 στέρξαι,
484 3544 585 3608 πάλιν
616 3543 751 3626 ἔξαρνος
778 3542 934 3627 ἐτόλμησε
962 3543 1127 3625 γενέσθαι,
