2938 4180
226 170 293 236 220
530 173 627 224 xx1v.
650 167 930 222 σευοεοεκουε

225 332 315 417 παρὰ
338 332 463 408 πάντας
485 333 563 408 τοὺς
584 333 709 415 νόμους
729 331 836 413 νόμον
859 329 1049 410 εἰσήνεγκεν
1071 321 1142 391 οὔτ’
1169 323 1240 390 έπι-

225 438 360 521 τήδειον
387 437 464 502 οὔτε
492 438 622 502 δίκαιον
650 431 676 501 δε
704 436 824 520 ἀνδρες
851 435 1018 500 δικασταί·
1045 430 1083 509 δς
1109 433 1149 497 τά
1176 427 1240 516 μὲν

226 536 298 608 ἀλλ’
320 542 382 608 ὅσα
400 546 594 626 λυμανεῖται
611 538 667 607 καὶ
684 550 798 626 χεῖρον
816 541 904 625 ἔχειν
921 539 961 603 τά
979 538 1077 603 κοινά
1094 539 1239 620 ποιήσει,

226 647 341 733 κύριος
362 649 395 713 εί
415 625 598 733 γενήσεται,
621 647 703 731 τάχα
726 647 767 729 δη
791 642 869 711 καθ’
896 643 1035 710 ἕκαστον
1059 643 1239 720 ἀκούοντες

227 753 309 839 ἐμοῦ
331 756 537 838 μαθήσεσθε,
563 753 600 820 ἓν
625 750 655 818 δ’
682 751 700 818 δ
724 750 880 836 μέγιστον
902 752 965 835 ἔχω
987 748 1044 816 καλ
1065 751 1239 835 προχειρό-

200 879 326 925 ετατον
353 860 435 945 πρὸς
460 857 546 944 ὑμᾶς
574 860 679 923 εἰπεῖν
707 857 769 923 ούκ
796 855 1039 941 ἀποκρύψομαι.
1084 857 1147 940 τὴν
1173 857 1238 939 γάρ

225 963 388 1050 ὑμετέραν
411 973 536 1048 ψῆφον,
559 963 603 1048 ἣν
625 963 833 1048 ὀμωμοκότες
855 959 931 1047 περὶ
953 962 1087 1027 πάντων
1109 961 1237 1047 φέρετε,

225 1070 299 1136 λύει
331 1066 385 1136 καὶ
418 1080 509 1136 ποιεῖ
536 1079 597 1136 τοῦ
624 1068 767 1155 μηδενὸς
794 1065 890 1146 ἀξίαν
918 1065 936 1134 δ
963 1065 1099 1134 τουτουί
1124 1070 1239 1152 νόμος,

226 1175 288 1260 ούχ
311 1176 367 1241 ἵνα
389 1184 485 1262 κοινῇ
508 1198 541 1242 τι
562 1176 624 1260 την
641 1176 741 1240 πόλιν
759 1173 916 1259 ὠφελήσῃ
935 1171 1018 1260 (πῶς
1035 1174 1115 1259 γάρς
1139 1174 1176 1252 ὅς
1192 1168 1238 1258 γ’,

227 1279 248 1346 δ
272 1282 366 1347 δοκεῖ
386 1281 539 1366 συνέχειν
560 1282 621 1364 την
644 1282 828 1361 πολιτείαν,
851 1280 893 1344 τά
916 1280 1121 1364 δικαστήρια,
1145 1274 1237 1346 ταῦτ’

227 1388 333 1470 ἀκυροι
360 1397 452 1452 ποιεῖ
475 1397 543 1453 τῶν
567 1386 845 1471 προστιμημάτων
868 1397 935 1451 τῶν
958 1384 1012 1452 ἐπὶ
1033 1396 1104 1462 τοῖς
1126 1385 1240 1468 ἀδική-

228 1509 329 1578 μασιν
351 1491 476 1559 ἐκτῶν
498 1493 613 1576 νόμων
636 1487 844 1577 ὡρισμένων)
868 1487 940 1555 ἀλλ’
962 1490 1018 1556 ἵνα
1039 1501 1108 1556 τῶν
1129 1493 1238 1558 πολὺν

226 1601 350 1684 χρόνον
380 1597 467 1683 ὑμᾶς
497 1593 585 1674 τινές
615 1596 914 1681 ἐκκεκαρπωμένων
945 1593 1001 1662 καί
1031 1597 1139 1662 πολλοὶ
1170 1607 1238 1662 τῶν

226 1702 395 1789 ὑμετέρων
426 1703 673 1787 διηρπακότων,
706 1698 782 1786 μηδ’
813 1698 835 1766 ἀ
863 1699 1058 1779 κλέπτοντες
1084 1713 1238 1786 φανερῶς

200 1808 425 1892 εέληφδησαυ
454 1814 634 1874 καταθῶσι.
682 1804 738 1872 καὶ
768 1807 916 1893 τοσούτω
948 1807 1032 1894 ῥᾷόν
1064 1803 1132 1873 ἐστ’
1169 1808 1238 1894 ἰδίᾳ

226 1915 319 1991 τινάς
347 1915 561 1998 θεραπεύειν,
587 1912 609 1997 ἢ
636 1923 703 1978 τῶν
729 1910 898 1998 ὑμετέρων
922 1912 1060 1978 δικαίων
1081 1915 1237 1999 προΐστα-

227 2027 321 2102 σθαι,
345 2016 429 2085 ὥσθ’
452 2013 550 2096 οὗτος
572 2015 634 2104 μὲν
655 2022 721 2103 ἔχει
743 2012 821 2101 παρ’
843 2017 979 2083 ἐκείνων
1002 2018 1164 2104 ἀργύριον
1182 2016 1238 2084 καὶ

227 2125 269 2193 ού
290 2128 454 2212 πρότερον
475 2133 597 2191 τοῦτον
617 2127 784 2208 είσηνεγκε
802 2120 886 2210 ὑπὲρ
906 2123 1017 2189 αὐτῶν
1034 2126 1093 2190 τδν
1111 2127 1227 2209 νόμον,
1239 2140 1289 2190 ‘101

227 2230 301 2318 ἐμοὶ
335 2223 366 2297 δ’
397 2231 433 2297 έν
464 2233 585 2316 χιλίαις
615 2226 698 2315 ὑπὲρ
729 2230 824 2315 ὑμῶν
856 2229 874 2295 ὁ
901 2230 1072 2306 κίνδυνος·
1103 2226 1234 2297 τοσοῦτ’

201 2336 337 2422 κάπέχω
359 2345 421 2403 τοῦ
443 2339 558 2418 λαβεῖν
579 2359 612 2402 τι
634 2331 711 2420 παρ’
738 2336 841 2420 ὑμῶν.
878 2337 1018 2401 εἰώθασι
1040 2332 1101 2421 μὲν
1124 2331 1187 2402 οὖν
1206 2338 1242 2405 οί

227 2440 346 2510 πολλοὶ
372 2453 441 2508 τῶν
467 2442 624 2527 πράττειν
649 2465 682 2508 τι
708 2440 984 2526 προαιρουμένων
1009 2453 1077 2508 τῶν
1103 2455 1238 2527 κοινῶν,

227 2547 337 2633 λέγειν
364 2548 409 2624 ὡς
435 2545 534 2614 ταῦθ’
560 2547 642 2632 ὑμῖν
667 2544 901 2615 σπουδαιότατ’
929 2545 999 2613 ἐστὶ
1025 2545 1081 2614 καὶ
1105 2543 1235 2633 μάλιστ’

229 2654 322 2733 ἀξιον
344 2651 519 2739 προσέχειν
540 2654 683 2737 τούτοις,
705 2647 788 2736 ὑπὲρ
810 2647 860 2719 ὧν
877 2651 920 2718 ἂν
938 2652 1034 2721 αὐτοὶ
1051 2655 1239 2739 τυγχάνωσι

228 2760 423 2844 ποιούμενοι
445 2761 524 2836 τοὺς
546 2760 675 2842 λόγους.
712 2758 776 2843 ἐγὼ
800 2756 846 2841 δ’,
869 2765 960 2846 εῖπερ
983 2758 1049 2826 τινὶ
1066 2771 1166 2827 τοῦτο
1184 2760 1239 2828 καί

228 2869 318 2956 ἀλλην
340 2868 574 2951 προσηκόντως
596 2871 738 2950 εῖρηται,
765 2867 888 2950 νομίζω
911 2864 1010 2951 κάμοί
1032 2876 1098 2933 νῦν
1120 2865 1239 2952 ἁρμότ-

203 2991 300 3039 οτειν
322 2973 436 3037 εἰπεῖν.
471 2981 539 3036 των
561 2971 625 3056 γάρ
649 2972 757 3037 ὄντων
780 2971 919 3053 ἀγαθῶν
936 2980 976 3058 τῇ
994 2975 1089 3037 πόλει
1106 2970 1162 3038 καλ
1178 2983 1241 3039 τοῦ

230 3073 545 3162 δημοκρατουμένην
567 3073 623 3141 καὶ
641 3074 823 3161 ἐλευθέραν
841 3071 937 3159 εἶναι,
961 3076 1005 3153 ὡς
1024 3078 1105 3144 ἀλλο
1122 3102 1155 3144 τι
1172 3091 1240 3145 τῶν

229 3181 554 3268 νόμων-αἰτιώτερόν
568 3181 669 3265 ἐστιν,
688 3178 761 3247 οὐδ’
779 3179 821 3248 ἀν
835 3178 882 3248 ἕν’
900 3185 1005 3249 είπεῖν
1018 3186 1105 3268 ἔχειν
1119 3190 1240 3270 οἴομαι.

231 3287 307 3375 περὶ
329 3291 446 3354 τοίνυν
468 3288 573 3354 αὐτοῦ
594 3287 717 3354 τούτου
738 3296 803 3354 νῦν
825 3287 906 3372 ύμῖν
928 3288 1008 3372 ἐστι,
1030 3291 1171 3374 πότερον
1190 3293 1245 3357 δεῖ

231 3397 310 3470 τοὺς
336 3389 397 3478 μέν
424 3394 545 3470 ἀλλους
571 3396 711 3478 νόμους,
739 3393 798 3470 οὓς
826 3393 879 3460 ἐπὶ
905 3406 976 3473 τοῖς
1003 3395 1156 3462 ἀδικοῦσι
1180 3399 1241 3481 τὴν

233 3501 331 3563 πόλιν
345 3498 438 3583 ὑμεῖς
452 3498 669 3585 ἀνεγράψατε,
685 3499 829 3586 ἀκύρους
843 3495 941 3586 εἶναι,
953 3504 1052 3569 τόνδε
1067 3499 1242 3586 δέκύριον,
