2938 4180
504 186 587 238 KAT'
606 185 917 237 ΑΡΙΣΤΟΚΡΑΤΟΤΣ.
1149 181 1214 246 203

605 378 804 432 ΣΤΝΘΗΚΑΙ.

150 497 188 537 ¹²⁷
233 468 234 472 Ἰ
289 477 507 571 Ἐιιθυμεῑσθ’
530 487 580 552 ὅτι
602 484 657 552 καί
679 485 755 570 τέλη
778 484 833 551 καλ
857 485 994 562 δεκάτας
1016 485 1112 568 ἠξίου
1134 489 1213 570 λαμ

200 587 330 675 βάνειν,
352 592 408 658 καλ
431 595 531 660 πάλιν
554 593 599 671 ὡς
619 593 723 657 αὑτοῦ
741 600 798 675 τῆς
817 592 925 676 χώρας
944 593 1046 676 οὔσης
1064 594 1143 666 τοὺς
1161 593 1214 656 λό-

200 693 282 775 γους
315 697 473 780 ἐποιεῖτο,
505 700 583 775 τοὺς
611 699 851 782 δεκατηλόγους
879 697 979 775 ἀξιῶν
1005 699 1085 773 τοὺς
1112 696 1216 761 αὑτοῦ

199 809 267 865 τῶν
296 808 404 869 τελῶν
431 807 568 888 κυρίους
595 799 696 886 εἶναι,
729 801 784 869 καλ
811 805 871 868 τὸν
898 803 1026 887 ὅμηρον
1052 803 1112 866 τὸν
1139 803 1215 867 υίὸν

196 905 257 970 τὸν
277 901 449 994 Ἰφιάδου,
476 907 517 975 δν
542 906 626 994 ὑπὲρ
649 913 784 994 Σηστοῦ
812 911 896 992 ἔχων
920 909 1028 992 ὤμοσε
1051 909 1134 992 πρὸς
1155 908 1215 972 τὸν

193 1005 437 1101 Ἀθηνόδωρον
464 1015 691 1098 παραδώσειν,
724 1012 797 1080 οὐδ’
828 1015 1035 1098 ὑπισχνεῖται
1062 1015 1214 1098 παραδώ-

198 1133 270 1184 σειν
296 1125 358 1187 έτι.
404 1117 483 1203 λαβέ
510 1122 547 1184 τὸ
571 1103 714 1205 ψήφισμ’
740 1119 759 1186 δ
782 1122 865 1206 πρὸς
886 1116 985 1184 ταῦθ’
1012 1119 1105 1202 ὑμεῖς
1128 1121 1266 1202 ἐψη-ςςη
1297 1109 1311 1131 ‘

200 1227 360 1306 φίσασθε.
399 1225 481 1309 λέγε.
818 1243 819 1246 ’

616 1367 798 1420 ΨΗΦΙΣΜΔ.

151 1483 187 1524 ns
286 1470 478 1538 Ἐλθόντων
504 1475 621 1539 τοίνυν
649 1475 729 1557 μετά
756 1482 858 1566 ταῦτα
885 1485 952 1540 τῶν
975 1473 1145 1556 πρέσβεων
1168 1475 1215 1550 είς

203 1573 354 1664 Θρᾴκην,
383 1578 400 1645 ὁ
429 1575 489 1662 μὲν
517 1577 769 1666 Κερσοβλέπτης
795 1579 874 1663 ὑμίν
902 1578 1082 1645 ἐπιστέλλει
1108 1582 1214 1662 ταυτί,

202 1679 257 1747 καί
280 1681 354 1749 οὐδ’
381 1684 495 1750 ὁτιοῦν
518 1684 680 1769 ὡμολόγει
704 1683 905 1768 δίκαιον,οί
925 1683 957 1751 δ’
983 1684 1090 1772 ἕτεροι
1110 1686 1214 1750 ταυτί.

202 1783 270 1872 λέγ’
297 1790 419 1868 αὐτοῖς.

604 1932 805 1986 ΕΠΙΣΤΟΛΗ.

166 2045 168 2049 ’
290 2035 378 2120 Λέγε
402 2038 443 2120 δη
466 2037 528 2120 τὴν
545 2039 634 2120 παρά
650 2048 718 2102 τῶν
736 2035 909 2121 βασιλέων.
945 2035 1000 2102 κοιλ
1018 2029 1162 2102 σκοπεῖτ’
1186 2038 1217 2102 εί

203 2135 254 2227 ἄρ’
280 2143 363 2228 ὑμῖν
386 2144 524 2209 δοκοῦσι
546 2139 652 2227 μηδὲν
675 2143 833 2226 έγκαλείν.

603 2354 805 2407 ΕΠΙΣΤΟΛΗ.

287 2457 401 2543 Ὁρᾶτε
423 2457 479 2526 καλ
502 2453 624 2526 συνίετ’
647 2455 673 2526 ὦ
697 2461 817 2544 άνδρες
833 2454 1006 2544 Ἀθηναῖοι
1029 2461 1090 2544 τὴν
1112 2483 1214 2543 πονη-

205 2568 281 2647 ρίαν
304 2564 359 2632 καλ
381 2566 444 2648 την
466 2564 633 2648 ἀπιστίαν,
657 2565 702 2642 ὡς
724 2567 793 2631 άνω
815 2564 870 2630 καλ
894 2565 989 2630 κάτω.
1025 2567 1213 2648 τὸπρῶτον

204 2669 311 2753 ἠδίκει
347 2674 599 2757 Κηφισόδοτον,
640 2674 741 2736 πάλιν
777 2669 941 2755 φοβηθεὶς
978 2667 1214 2755 Ἀθηνόδωρον

206 2776 383 2843 ἐπαύσατο·
429 2772 530 2853 αὖθις
565 2775 673 2860 ἠδίκει
710 2779 875 2860 Χαβρίαν,
916 2775 1016 2840 πάλιν
1053 2775 1215 2860 ὡμολόγει

205 2884 339 2968 Χάρητι.
384 2880 480 2948 πάντ’
507 2883 576 2947 άνω
603 2880 658 2946 καλ
685 2882 773 2947 κάτω
802 2884 1004 2964 [πεποίηκε],
1030 2879 1085 2948 καλ
1114 2879 1214 2948 οὐδὲν

206 2987 315 3065 ἁπλόος
338 2985 417 3055 οὐδὲ
441 2990 575 3064 δικαίως
598 2987 745 3070 ἔπραξεν.

158 3108 192 3148 ιιι
293 3095 389 3160 Μετὰ
410 3103 512 3159 ταῦτα
535 3097 652 3158 τοίνυν
676 3094 757 3159 ὅσον
781 3091 842 3177 μὲν
864 3096 987 3177 χρόνον
1007 3092 1040 3175 [η
1060 3093 1213 3178 ὑμετέρα]

207 3200 347 3285 δύναμις
369 3209 478 3286 παρῆν
501 3200 539 3265 έν
556 3196 799 3286 Ἑλλησπόντῳ,
822 3199 1013 3264 κολακεύων
1035 3198 1090 3263 καλ
1114 3224 1214 3284 φενα-

206 3308 303 3383 κίζων
334 3306 419 3388 ὑμᾶς
451 3304 656 3388 διαγέγονεν·
689 3305 800 3388 ἐπειδὴ
834 3301 865 3369 δ’
897 3300 964 3370 εἶδε
993 3306 1128 3389 τάχιστα
1155 3309 1215 3372 τὸν

203 3405 446 3495 Ἑλλήσποντον
464 3414 588 3494 έρημον
607 3410 788 3493 δυνάμεως,
806 3411 934 3486 εὐθέως
950 3410 1104 3495 ἐνεχείρει
1118 3435 1214 3476 κατα-

208 3517 309 3593 λύσας
334 3515 389 3582 κοιλ
416 3516 602 3594 ἀπαλλάξας
627 3518 706 3590 τοὺς
731 3517 792 3582 δύο
815 3527 873 3600 τῆς
895 3517 996 3603 ἀρχῆς
1018 3525 1127 3582 πᾶσαν
1150 3513 1209 3598 ὑφ’
