2616 3910
444 178 543 230 ΠΡΟΣ
561 179 829 233 ΠΑΝΤΔΙΝΕΤΟΝ.
1076 177 1140 241 461

218 334 373 422 Ἐπίσχες.
410 337 511 402 πάλιν
534 334 629 402 ταυτὶ
649 331 751 402 πάνθ’
772 332 829 404 ὑπ’
851 338 1032 404 αὐτοῦτοῦ
1051 338 1195 422 πρά-914

132 466 255 528 γματος
269 442 536 528 ἐξελεγχθήσεται
550 445 762 528 ψευδόμενος.
788 442 954 532 γέγραφεν
967 445 1031 529 γὰρ
1044 467 1142 509 καται

132 558 251 633 στῆσαι
273 545 334 633 μὲν
357 547 422 632 ἐμέ,
447 548 666 633 ἀπαγορεύειν
689 547 719 614 δ’
747 550 852 627 αὐτός.
897 560 1000 616 ταῦτα
1022 547 1053 616 δ’
1080 550 1141 635 οὐχ

132 646 208 720 οἷόν
229 677 264 720 τε
286 655 345 720 τὸν
367 657 411 739 μὴ
434 657 590 738 παρόντα.
628 655 704 720 οὔτε
722 655 786 738 γάρ
805 653 847 720 ἂν
865 659 1029 740 καθίστην
1048 655 1139 739 [ἐγὼ]

131 761 151 827 ὅ
174 755 206 844 γ’
232 760 279 826 ὢν
302 760 339 826 έν
361 769 406 850 τῷ
431 762 562 850 Πόντῳ,
585 757 655 827 οὔτ’
680 760 886 846 ἀπηγόρευεν
909 756 1006 838 οὗτος
1028 771 1073 848 τῷ
1096 763 1139 846 μὴ

88 888 115 928 2⁶
130 870 285 953 παρόντι·
313 878 381 943 πῶς
407 868 485 951 γάρ;
513 877 583 944 πῶς
605 860 667 932 οὖν
690 867 738 945 είς
760 866 908 952 άνάγκην
930 863 1015 951 ἦλθε
1038 865 1136 933 ταῦθ’

131 973 220 1041 οὕτω
251 973 390 1057 γράψαις
423 971 441 1037 ό
469 973 617 1056 Εὔεργος
649 969 714 1037 τότ’
746 968 837 1057 οἶμαι
866 978 1065 1058 πλημμελῶν
1093 968 1141 1039 ὧν

130 1081 256 1148 όέόωκε
285 1080 396 1162 δίκην,
424 1080 581 1162 συνήθως
608 1080 692 1162 έχων
720 1076 793 1163 έμολ
815 1076 870 1144 καλ
891 1080 1057 1165 γνώριμος
1080 1079 1139 1161 ὥν,

129 1183 312 1269 κατέστησέ
332 1178 395 1250 τιν’
421 1181 551 1267 οἰκέτην
574 1189 711 1249 οἴκοθεν
734 1184 846 1267 λαβὼν
867 1182 945 1269 παρ’
972 1185 1053 1268 ἐμοῦ
1076 1208 1136 1268 φυ-

130 1294 263 1359 λάττειν
284 1291 329 1368 ὡς
351 1289 463 1355 αὐτόν.
499 1291 531 1354 ελ
551 1285 612 1373 μέν
635 1284 698 1354 οὖν
721 1292 842 1376 έγραψε
860 1287 1014 1374 τάληθές,
1038 1288 1140 1372 γέλως

129 1399 173 1465 όν
196 1393 254 1481 ἦν·
275 1399 310 1462 τί
328 1397 404 1480 γὰρ,
426 1397 459 1460 ελ
479 1394 677 1479 κατέστησεν
697 1395 855 1480 Εὔεργος,
878 1396 942 1479 έγώ
966 1393 997 1460 σ’
1020 1394 1137 1474 ἁδινῶς

128 1505 267 1590 φεύγων
290 1497 327 1567 δὲ
349 1509 463 1585 τοῦτο,
490 1498 614 1566 τοιαῦτ’
642 1500 842 1585 ἠνάγκασται
865 1502 1024 1586 γράφειν,
1047 1501 1091 1567 ἵν’
1117 1492 1139 1587 ᾗ

127 1610 213 1696 πρὸς
236 1605 285 1692 ἔμ’
308 1607 396 1697 αὐτῷ
418 1608 456 1673 τὸ
479 1609 632 1691 ἔγκλημα.
668 1606 742 1690 λέγε
764 1608 934 1693 ιὀὐφεξῆς.

541 1853 727 1906 ΕΓΚΛΗΜΔ.

220 1983 352 2046 Κάπειτα
368 1981 471 2056 πείσας
488 1982 558 2054 τοὺς
576 1979 689 2055 οἰκέτας
706 1981 776 2055 τοὺς
793 1982 883 2062 ἐμοὺς
901 1979 1081 2056 καθέζεσθαι
1095 1983 1138 2057 είς

174 2081 227 2144 τόν
249 2087 411 2162 κεγχρεῶνα
433 2076 482 2140 ἐπὶ
503 2078 599 2164 βλάβη
622 2087 658 2164 τῇ
680 2076 744 2164 ἐμῇ.

88 2264 114 2303 ‚7
224 2223 323 2290 Τουτὶ
349 2229 517 2300 παντελῶς
543 2225 608 2307 ἤδη
635 2222 690 2289 καὶ
718 2223 850 2301 όναιόες
878 2224 981 2290 ἐστιν·
1011 2224 1137 2311 οὐγὰρ

128 2335 236 2419 μόνον
260 2330 295 2396 ἐκ
317 2339 377 2396 τοῦ
400 2334 639 2414 προκαλεῖσθαι
660 2331 800 2406 τούτους
819 2331 1039 2416 παραδοῦναι,
1061 2339 1139 2396 τοῦ·

127 2462 188 2504 τον
221 2432 259 2502 θλ
288 2436 332 2520 μη
361 2432 488 2518 θέλειν,
521 2434 605 2500 ἀλλὰ
632 2432 686 2524 καλ
715 2435 750 2501 ἐκ
777 2435 910 2501 πάντων
938 2437 1041 2519 δῆλόν
1069 2436 1138 2502 ἐστι

127 2545 254 2622 ψεῦδος
276 2543 324 2608 όν.
365 2545 456 2618 τίνος
476 2541 540 2625 γάρ
564 2535 661 2606 εἵνεκ’
681 2543 832 2620 έπειθον;
857 2540 914 2607 ἵνα
936 2542 978 2624 νη
998 2539 1057 2606 Δί’
1079 2542 1137 2607 αὐ-

128 2652 208 2725 τοὺς
235 2650 410 2732 κτήσωμαι.
455 2641 526 2711 ἀλλ’
552 2644 707 2732 αἱρέσεώς
734 2670 790 2730 μοι
818 2647 975 2731 δοθείσης
1001 2645 1022 2730 ἢ
1050 2650 1138 2733 ἔχειν

127 2752 149 2838 ἦ
180 2758 384 2838 κομίσασθαι
410 2751 451 2816 τὰ
478 2750 637 2836 ἐμαυτοῦ,
670 2747 806 2836 ελλόμην
833 2749 1051 2836 κομίσασθαι,
1082 2752 1137 2819 καὶ

127 2867 233 2924 ταῦτα
255 2857 505 2944 μεμαρτύρηται.
542 2857 616 2940 λέγε
640 2858 766 2941 &mv
787 2861 972 2944 πρόκλησιν
996 2859 1091 2944 ὅμως.

420 3163 422 3168 ,
518 3103 742 3157 monum.

89 3245 114 3284 28
222 3228 353 3315 Ταότην
387 3229 504 3294 τοίνυν
535 3225 610 3312 οὐχὶ
643 3226 819 3310 δεξάμενος
849 3228 911 3311 την
942 3230 1136 3315 πρόκλησιν,

128 3334 212 3400 ἀλλὰ
234 3336 364 3421 φυγάν,
387 3330 549 3410 σκέψασθ’
577 3324 652 3398 οἷον
675 3330 800 3410 εὐθέως
822 3335 902 3418 μετὰ
924 3329 1015 3398 ταῦτ’
1042 3334 1138 3416 ἐγκα-

128 3443 186 3506 λεῖ.
223 3439 297 3524 λέγε
319 3441 531 3525 τούχόμενον.
1133 3447 1135 3456 “
