<?xml version="1.0" encoding="UTF-8"?>
<!DOCTYPE html PUBLIC "-//W3C//DTD XHTML 1.0 Transitional//EN"
    "http://www.w3.org/TR/xhtml1/DTD/xhtml1-transitional.dtd">
<html xmlns="http://www.w3.org/1999/xhtml" xml:lang="en" lang="en">
 <head>
  <title>
</title>
<meta http-equiv="Content-Type" content="text/html;charset=utf-8" />
  <meta name='ocr-system' content='tesseract 3.04.00' />
  <meta name='ocr-capabilities' content='ocr_page ocr_carea ocr_par ocr_line ocrx_word'/>
</head>
<body>
  <div class='ocr_page' id='page_1' title='image "./orationes00demogoog_0590.png"; bbox 0 0 2616 3910; ppageno 0'>
   <div class='ocr_carea' id='block_1_1' title="bbox 477 151 1153 220">
    <p class='ocr_par' dir='ltr' id='par_1_1' title="bbox 477 151 1153 220">
     <span class='ocr_line' id='line_1_1' title="bbox 477 151 1153 220; baseline 0.001 -16"><span class='ocrx_word' id='word_1_1' title='bbox 477 151 577 204; x_wconf 73' lang='grc' dir='ltr'><strong>ΤΠΕΡ</strong></span> <span class='ocrx_word' id='word_1_2' title='bbox 594 152 818 208; x_wconf 72' lang='grc' dir='ltr'><strong><em>οοειιιααοε.</em></strong></span> <span class='ocrx_word' id='word_1_3' title='bbox 1089 153 1153 220; x_wconf 84' lang='lat'><strong><em>441</em></strong></span> 
     </span>
    </p>
   </div>
   <div class='ocr_carea' id='block_1_2' title="bbox 128 307 1206 926">
    <p class='ocr_par' dir='ltr' id='par_1_2' title="bbox 128 307 1206 926">
     <span class='ocr_line' id='line_1_2' title="bbox 135 307 1155 398; baseline 0.004 -24"><span class='ocrx_word' id='word_1_4' title='bbox 135 315 264 396; x_wconf 84' lang='grc' dir='ltr'><strong><em>μένου,</em></strong></span> <span class='ocrx_word' id='word_1_5' title='bbox 296 307 569 395; x_wconf 76' lang='grc' dir='ltr'><em>παρεγραψάμεθ’</em></span> <span class='ocrx_word' id='word_1_6' title='bbox 601 311 636 376; x_wconf 82' lang='grc' dir='ltr'><strong><em>ἐκ</em></strong></span> <span class='ocrx_word' id='word_1_7' title='bbox 668 323 735 376; x_wconf 80' lang='grc' dir='ltr'><strong><em>τῶν</em></strong></span> <span class='ocrx_word' id='word_1_8' title='bbox 766 314 879 396; x_wconf 88' lang='grc' dir='ltr'><strong><em>νόμων</em></strong></span> <span class='ocrx_word' id='word_1_9' title='bbox 908 313 952 397; x_wconf 87' lang='grc' dir='ltr'><strong><em>μή</em></strong></span> <span class='ocrx_word' id='word_1_10' title='bbox 981 309 1067 380; x_wconf 87' lang='grc' dir='ltr'><strong><em>εἶναι</em></strong></span> <span class='ocrx_word' id='word_1_11' title='bbox 1093 314 1155 398; x_wconf 87' lang='grc' dir='ltr'><strong><em>τήν</em></strong></span> 
     </span>
     <span class='ocr_line' id='line_1_3' title="bbox 128 411 1154 503; baseline 0.003 -22"><span class='ocrx_word' id='word_1_12' title='bbox 128 419 243 500; x_wconf 88' lang='grc' dir='ltr'><strong><em>Ιδίκην</em></strong></span> <span class='ocrx_word' id='word_1_13' title='bbox 261 417 490 500; x_wconf 76' lang='grc' dir='ltr'><strong><em>είσαηώηιμον.</em></strong></span> <span class='ocrx_word' id='word_1_14' title='bbox 523 411 568 481; x_wconf 76' lang='grc' dir='ltr'><strong><em>ἵν’</em></strong></span> <span class='ocrx_word' id='word_1_15' title='bbox 590 413 653 482; x_wconf 88' lang='grc' dir='ltr'><strong><em>οὖν</em></strong></span> <span class='ocrx_word' id='word_1_16' title='bbox 672 416 780 502; x_wconf 77' lang='grc' dir='ltr'><strong><em>εἰδῆθ’</em></strong></span> <span class='ocrx_word' id='word_1_17' title='bbox 798 414 881 502; x_wconf 74' lang='grc' dir='ltr'><strong><em>ὑπὲρ</em></strong></span> <span class='ocrx_word' id='word_1_18' title='bbox 900 413 942 484; x_wconf 84' lang='grc' dir='ltr'><strong><em>οὗ</em></strong></span> <span class='ocrx_word' id='word_1_19' title='bbox 960 420 1021 503; x_wconf 83' lang='grc' dir='ltr'><strong><em>τήν</em></strong></span> <span class='ocrx_word' id='word_1_20' title='bbox 1038 427 1154 503; x_wconf 77' lang='grc' dir='ltr'><strong><em>ψήφου</em></strong></span> 
     </span>
     <span class='ocr_line' id='line_1_4' title="bbox 133 518 1154 607; baseline 0.001 -18"><span class='ocrx_word' id='word_1_21' title='bbox 133 529 261 604; x_wconf 86' lang='grc' dir='ltr'><strong><em>οίσετε,</em></strong></span> <span class='ocrx_word' id='word_1_22' title='bbox 284 523 343 586; x_wconf 88' lang='grc' dir='ltr'><strong><em>τὸν</em></strong></span> <span class='ocrx_word' id='word_1_23' title='bbox 362 526 467 605; x_wconf 91' lang='grc' dir='ltr'><strong><em>νόμον</em></strong></span> <span class='ocrx_word' id='word_1_24' title='bbox 485 518 521 586; x_wconf 89' lang='grc' dir='ltr'><strong><em>θ’</em></strong></span> <span class='ocrx_word' id='word_1_25' title='bbox 543 523 624 606; x_wconf 81' lang='grc' dir='ltr'><strong><em>ὑμῖν</em></strong></span> <span class='ocrx_word' id='word_1_26' title='bbox 642 533 762 589; x_wconf 86' lang='grc' dir='ltr'><strong><em>τοῦτον</em></strong></span> <span class='ocrx_word' id='word_1_27' title='bbox 781 523 1011 607; x_wconf 80' lang='grc' dir='ltr'><strong><em>ἀναγνώσεται.</em></strong></span> <span class='ocrx_word' id='word_1_28' title='bbox 1023 523 1078 590; x_wconf 79' lang='grc' dir='ltr'><strong><em>καὶ</em></strong></span> <span class='ocrx_word' id='word_1_29' title='bbox 1096 526 1154 603; x_wconf 83' lang='grc' dir='ltr'><strong><em>τάς</em></strong></span> 
     </span>
     <span class='ocr_line' id='line_1_5' title="bbox 132 627 1206 714; baseline 0 -21"><span class='ocrx_word' id='word_1_30' title='bbox 132 630 324 714; x_wconf 79' lang='grc' dir='ltr'><strong><em>μαρτυρίας</em></strong></span> <span class='ocrx_word' id='word_1_31' title='bbox 343 627 460 711; x_wconf 79' lang='grc' dir='ltr'><strong><em>ἐφεξῆς</em></strong></span> <span class='ocrx_word' id='word_1_32' title='bbox 477 638 545 692; x_wconf 79' lang='grc' dir='ltr'><strong><em>τῶν</em></strong></span> <span class='ocrx_word' id='word_1_33' title='bbox 563 632 748 713; x_wconf 77' lang='grc' dir='ltr'><strong><em>παρόντων,</em></strong></span> <span class='ocrx_word' id='word_1_34' title='bbox 768 627 815 694; x_wconf 84' lang='grc' dir='ltr'><strong><em>ὅτ’</em></strong></span> <span class='ocrx_word' id='word_1_35' title='bbox 833 629 924 714; x_wconf 85' lang='grc' dir='ltr'><strong><em>ήφίει</em></strong></span> <span class='ocrx_word' id='word_1_36' title='bbox 942 639 1000 714; x_wconf 87' lang='grc' dir='ltr'><strong><em>τής</em></strong></span> <span class='ocrx_word' id='word_1_37' title='bbox 1018 631 1141 714; x_wconf 82' lang='grc' dir='ltr'><strong><em>μισθώ-</em></strong></span> <span class='ocrx_word' id='word_1_38' title='bbox 1153 641 1206 694; x_wconf 68' lang='grc'><strong><em>962</em></strong></span> 
     </span>
     <span class='ocr_line' id='line_1_6' title="bbox 132 730 1153 819; baseline 0.001 -19"><span class='ocrx_word' id='word_1_39' title='bbox 132 751 227 809; x_wconf 87' lang='grc' dir='ltr'><strong><em>σεως</em></strong></span> <span class='ocrx_word' id='word_1_40' title='bbox 249 730 304 797; x_wconf 85' lang='grc' dir='ltr'><strong><em>καὶ</em></strong></span> <span class='ocrx_word' id='word_1_41' title='bbox 326 743 393 798; x_wconf 84' lang='grc' dir='ltr'><strong><em>τῶν</em></strong></span> <span class='ocrx_word' id='word_1_42' title='bbox 412 734 523 798; x_wconf 87' lang='grc' dir='ltr'><strong><em>άλλων</em></strong></span> <span class='ocrx_word' id='word_1_43' title='bbox 542 732 698 799; x_wconf 82' lang='grc' dir='ltr'><strong><em>ἁπάντων</em></strong></span> <span class='ocrx_word' id='word_1_44' title='bbox 716 734 929 819; x_wconf 77' lang='grc' dir='ltr'><em>ἐγκλημάτων</em></span> <span class='ocrx_word' id='word_1_45' title='bbox 948 733 1153 801; x_wconf 79' lang='grc' dir='ltr'><strong><em>Ἀπολλόδω-</em></strong></span> 
     </span>
     <span class='ocr_line' id='line_1_7' title="bbox 133 837 1151 926; baseline 0.002 -20"><span class='ocrx_word' id='word_1_46' title='bbox 133 863 209 926; x_wconf 91' lang='grc' dir='ltr'><strong><em>ρος.</em></strong></span> <span class='ocrx_word' id='word_1_47' title='bbox 251 837 334 923; x_wconf 81' lang='grc' dir='ltr'><strong><em>λαβέ</em></strong></span> <span class='ocrx_word' id='word_1_48' title='bbox 354 863 411 925; x_wconf 86' lang='grc' dir='ltr'><strong><em>μοι</em></strong></span> <span class='ocrx_word' id='word_1_49' title='bbox 433 839 491 918; x_wconf 81' lang='grc' dir='ltr'><strong><em>τὰς</em></strong></span> <span class='ocrx_word' id='word_1_50' title='bbox 513 843 695 924; x_wconf 80' lang='grc' dir='ltr'><strong><em>μαρτυρίας</em></strong></span> <span class='ocrx_word' id='word_1_51' title='bbox 710 840 855 906; x_wconf 77' lang='grc' dir='ltr'><strong><em>,ταυτασὶ</em></strong></span> <span class='ocrx_word' id='word_1_52' title='bbox 878 839 1015 908; x_wconf 85' lang='grc' dir='ltr'><strong><em>καὶτὸν</em></strong></span> <span class='ocrx_word' id='word_1_53' title='bbox 1037 845 1151 925; x_wconf 90' lang='grc' dir='ltr'><strong><em>νόμον.</em></strong></span> 
     </span>
    </p>
   </div>
   <div class='ocr_carea' id='block_1_3' title="bbox 85 1051 1150 2618">
    <p class='ocr_par' dir='ltr' id='par_1_3' title="bbox 85 1051 1150 2618">
     <span class='ocr_line' id='line_1_8' title="bbox 461 1051 1113 1116; baseline 0 -15"><span class='ocrx_word' id='word_1_54' title='bbox 461 1051 664 1104; x_wconf 74' lang='lat' dir='ltr'><strong>MAPH‘PIAI.</strong></span> <span class='ocrx_word' id='word_1_55' title='bbox 696 1051 831 1105; x_wconf 86' lang='grc' dir='ltr'><strong><em>ΝΟΜΟΣ.</em></strong></span> <span class='ocrx_word' id='word_1_56' title='bbox 1111 1113 1113 1116; x_wconf 20' lang='lat'><strong><em>¹</em></strong></span> 
     </span>
     <span class='ocr_line' id='line_1_9' title="bbox 85 1152 1150 1244; baseline 0 -20"><span class='ocrx_word' id='word_1_57' title='bbox 85 1185 115 1224; x_wconf 70' lang='grc' dir='ltr'><strong><em>τι</em></strong></span> <span class='ocrx_word' id='word_1_58' title='bbox 227 1152 377 1224; x_wconf 77' lang='grc' dir='ltr'><strong><em>Ἀκούετε</em></strong></span> <span class='ocrx_word' id='word_1_59' title='bbox 399 1167 459 1234; x_wconf 78' lang='grc' dir='ltr'><strong><em>τοῦ</em></strong></span> <span class='ocrx_word' id='word_1_60' title='bbox 481 1160 588 1241; x_wconf 91' lang='grc' dir='ltr'><strong><em>νόμου</em></strong></span> <span class='ocrx_word' id='word_1_61' title='bbox 611 1156 766 1241; x_wconf 75' lang='grc' dir='ltr'><strong><em>λέγοντος</em></strong></span> <span class='ocrx_word' id='word_1_62' title='bbox 785 1153 810 1222; x_wconf 79' lang='grc' dir='ltr'><em>ὦ</em></span> <span class='ocrx_word' id='word_1_63' title='bbox 829 1159 949 1243; x_wconf 88' lang='grc' dir='ltr'><strong><em>άνδρες</em></strong></span> <span class='ocrx_word' id='word_1_64' title='bbox 966 1156 1150 1244; x_wconf 78' lang='grc' dir='ltr'><strong><em>Ἀθηναῖοι,</em></strong></span> 
     </span>
     <span class='ocr_line' id='line_1_10' title="bbox 130 1256 1149 1348; baseline -0.002 -18"><span class='ocrx_word' id='word_1_65' title='bbox 130 1264 177 1330; x_wconf 87' lang='grc' dir='ltr'><strong><em>τά</em></strong></span> <span class='ocrx_word' id='word_1_66' title='bbox 206 1256 237 1327; x_wconf 87' lang='grc' dir='ltr'><strong><em>τ’</em></strong></span> <span class='ocrx_word' id='word_1_67' title='bbox 263 1260 334 1328; x_wconf 74' lang='grc' dir='ltr'><strong><em>ἄλλ’</em></strong></span> <span class='ocrx_word' id='word_1_68' title='bbox 362 1257 410 1328; x_wconf 79' lang='grc' dir='ltr'><strong><em>ὧν</em></strong></span> <span class='ocrx_word' id='word_1_69' title='bbox 434 1263 478 1346; x_wconf 83' lang='grc' dir='ltr'><strong><em>μή</em></strong></span> <span class='ocrx_word' id='word_1_70' title='bbox 502 1258 588 1328; x_wconf 78' lang='grc' dir='ltr'><strong><em>εἶναι</em></strong></span> <span class='ocrx_word' id='word_1_71' title='bbox 611 1264 718 1346; x_wconf 89' lang='grc' dir='ltr'><strong><em>δίκας,</em></strong></span> <span class='ocrx_word' id='word_1_72' title='bbox 746 1261 800 1329; x_wconf 80' lang='grc' dir='ltr'><strong><em>καὶ</em></strong></span> <span class='ocrx_word' id='word_1_73' title='bbox 824 1263 886 1329; x_wconf 82' lang='grc' dir='ltr'><strong><em>ὅσα</em></strong></span> <span class='ocrx_word' id='word_1_74' title='bbox 907 1287 957 1340; x_wconf 87' lang='grc' dir='ltr'><strong><em>τις</em></strong></span> <span class='ocrx_word' id='word_1_75' title='bbox 979 1263 1149 1348; x_wconf 81' lang='grc' dir='ltr'><strong><em>άφήκενή</em></strong></span> 
     </span>
     <span class='ocr_line' id='line_1_11' title="bbox 131 1362 1148 1454; baseline -0.003 -17"><span class='ocrx_word' id='word_1_76' title='bbox 131 1367 335 1454; x_wconf 77' lang='grc' dir='ltr'><strong><em>ἀπήλλαξεν.</em></strong></span> <span class='ocrx_word' id='word_1_77' title='bbox 373 1370 517 1444; x_wconf 82' lang='grc' dir='ltr'><strong><em>εἰκότως·</em></strong></span> <span class='ocrx_word' id='word_1_78' title='bbox 541 1371 573 1434; x_wconf 85' lang='grc' dir='ltr'><strong><em>εί</em></strong></span> <span class='ocrx_word' id='word_1_79' title='bbox 593 1369 656 1452; x_wconf 73' lang='grc' dir='ltr'><strong><em>γάρ</em></strong></span> <span class='ocrx_word' id='word_1_80' title='bbox 680 1370 749 1434; x_wconf 85' lang='grc' dir='ltr'><strong><em>ἐστι</em></strong></span> <span class='ocrx_word' id='word_1_81' title='bbox 773 1371 912 1450; x_wconf 87' lang='grc' dir='ltr'><strong><em>δίκαιον,</em></strong></span> <span class='ocrx_word' id='word_1_82' title='bbox 937 1362 985 1434; x_wconf 85' lang='grc' dir='ltr'><strong><em>ὧν</em></strong></span> <span class='ocrx_word' id='word_1_83' title='bbox 1005 1368 1047 1435; x_wconf 83' lang='grc' dir='ltr'><strong><em>άυ</em></strong></span> <span class='ocrx_word' id='word_1_84' title='bbox 1065 1368 1148 1448; x_wconf 80' lang='grc' dir='ltr'><strong><em>ἅπαξ</em></strong></span> 
     </span>
     <span class='ocr_line' id='line_1_12' title="bbox 130 1472 1148 1562; baseline -0.003 -20"><span class='ocrx_word' id='word_1_85' title='bbox 130 1475 275 1562; x_wconf 77' lang='grc' dir='ltr'><strong><em>γένηται</em></strong></span> <span class='ocrx_word' id='word_1_86' title='bbox 293 1475 380 1558; x_wconf 90' lang='grc' dir='ltr'><strong><em>δίκη,</em></strong></span> <span class='ocrx_word' id='word_1_87' title='bbox 399 1472 508 1558; x_wconf 81' lang='grc' dir='ltr'><strong><em>μηκέτ’</em></strong></span> <span class='ocrx_word' id='word_1_88' title='bbox 527 1473 648 1552; x_wconf 79' lang='grc' dir='ltr'><strong><em>ἐξεῖναι</em></strong></span> <span class='ocrx_word' id='word_1_89' title='bbox 667 1475 867 1557; x_wconf 76' lang='grc' dir='ltr'><strong><em>δικάζεσθαι,</em></strong></span> <span class='ocrx_word' id='word_1_90' title='bbox 886 1478 973 1540; x_wconf 87' lang='grc' dir='ltr'><strong><em>πολὺ</em></strong></span> <span class='ocrx_word' id='word_1_91' title='bbox 989 1486 1055 1539; x_wconf 86' lang='grc' dir='ltr'><strong><em>τῶν</em></strong></span> <span class='ocrx_word' id='word_1_92' title='bbox 1070 1474 1148 1558; x_wconf 85' lang='grc' dir='ltr'><strong><em>ἀφε-</em></strong></span> 
     </span>
     <span class='ocr_line' id='line_1_13' title="bbox 130 1575 1149 1666; baseline -0.005 -17"><span class='ocrx_word' id='word_1_93' title='bbox 130 1582 272 1649; x_wconf 76' lang='grc' dir='ltr'><strong><em>θέντων</em></strong></span> <span class='ocrx_word' id='word_1_94' title='bbox 291 1581 498 1664; x_wconf 86' lang='grc' dir='ltr'><strong><em>δικαιότερον</em></strong></span> <span class='ocrx_word' id='word_1_95' title='bbox 516 1580 560 1664; x_wconf 86' lang='grc' dir='ltr'><strong><em>μή</em></strong></span> <span class='ocrx_word' id='word_1_96' title='bbox 580 1575 666 1645; x_wconf 78' lang='grc' dir='ltr'><strong><em>εἶναι</em></strong></span> <span class='ocrx_word' id='word_1_97' title='bbox 686 1582 786 1656; x_wconf 87' lang='grc' dir='ltr'><strong><em>δίκας.</em></strong></span> <span class='ocrx_word' id='word_1_98' title='bbox 818 1579 837 1646; x_wconf 87' lang='grc' dir='ltr'><strong><em>ό</em></strong></span> <span class='ocrx_word' id='word_1_99' title='bbox 855 1576 997 1666; x_wconf 76' lang='grc' dir='ltr'><strong><em>μὲνγὰρ</em></strong></span> <span class='ocrx_word' id='word_1_100' title='bbox 1016 1578 1052 1645; x_wconf 82' lang='grc' dir='ltr'><strong><em>ἐν</em></strong></span> <span class='ocrx_word' id='word_1_101' title='bbox 1068 1579 1149 1663; x_wconf 78' lang='grc' dir='ltr'><strong><em>ὑμῖν</em></strong></span> 
     </span>
     <span class='ocr_line' id='line_1_14' title="bbox 129 1682 1149 1774; baseline -0.006 -19"><span class='ocrx_word' id='word_1_102' title='bbox 129 1689 304 1774; x_wconf 82' lang='grc' dir='ltr'><strong><em>ἡττηθείς,</em></strong></span> <span class='ocrx_word' id='word_1_103' title='bbox 328 1682 398 1770; x_wconf 79' lang='grc' dir='ltr'><strong><em>τάχ’</em></strong></span> <span class='ocrx_word' id='word_1_104' title='bbox 425 1683 468 1750; x_wconf 85' lang='grc' dir='ltr'><strong><em>άν</em></strong></span> <span class='ocrx_word' id='word_1_105' title='bbox 491 1691 578 1750; x_wconf 77' lang='grc' dir='ltr'><strong><em>εἴποι</em></strong></span> <span class='ocrx_word' id='word_1_106' title='bbox 599 1682 696 1750; x_wconf 88' lang='grc' dir='ltr'><strong><em>τοῦθ’</em></strong></span> <span class='ocrx_word' id='word_1_107' title='bbox 723 1685 768 1760; x_wconf 81' lang='grc' dir='ltr'><strong><em>ὡς</em></strong></span> <span class='ocrx_word' id='word_1_108' title='bbox 790 1683 1014 1769; x_wconf 74' lang='grc' dir='ltr'><strong><em>ἐξηπατήθηθ’</em></strong></span> <span class='ocrx_word' id='word_1_109' title='bbox 1042 1685 1149 1768; x_wconf 78' lang='grc' dir='ltr'><strong><em>ὑμεῖς·</em></strong></span> 
     </span>
     <span class='ocr_line' id='line_1_15' title="bbox 130 1789 1148 1875; baseline -0.007 -13"><span class='ocrx_word' id='word_1_110' title='bbox 130 1797 150 1862; x_wconf 85' lang='grc' dir='ltr'>ὁ</span> <span class='ocrx_word' id='word_1_111' title='bbox 176 1792 209 1860; x_wconf 93' lang='grc' dir='ltr'><strong><em>δ’</em></strong></span> <span class='ocrx_word' id='word_1_112' title='bbox 240 1792 344 1858; x_wconf 88' lang='grc' dir='ltr'><strong><em>αὑτοῦ</em></strong></span> <span class='ocrx_word' id='word_1_113' title='bbox 368 1801 521 1874; x_wconf 85' lang='grc' dir='ltr'><strong><em>φανερῶς</em></strong></span> <span class='ocrx_word' id='word_1_114' title='bbox 543 1793 727 1873; x_wconf 73' lang='grc' dir='ltr'><strong><em>καταγνοὺς</em></strong></span> <span class='ocrx_word' id='word_1_115' title='bbox 744 1789 799 1856; x_wconf 80' lang='grc' dir='ltr'><strong><em>καὶ</em></strong></span> <span class='ocrx_word' id='word_1_116' title='bbox 818 1789 914 1875; x_wconf 78' lang='grc' dir='ltr'><strong><em>ἀφεὶς</em></strong></span> <span class='ocrx_word' id='word_1_117' title='bbox 931 1789 987 1856; x_wconf 84' lang='grc' dir='ltr'><strong><em>καὶ</em></strong></span> <span class='ocrx_word' id='word_1_118' title='bbox 1005 1789 1148 1856; x_wconf 79' lang='grc' dir='ltr'><strong><em>ἀπαλλά-</em></strong></span> 
     </span>
     <span class='ocr_line' id='line_1_16' title="bbox 131 1891 1148 1984; baseline 0.002 -22"><span class='ocrx_word' id='word_1_119' title='bbox 131 1902 207 1984; x_wconf 86' lang='grc' dir='ltr'><strong><em>ξας,</em></strong></span> <span class='ocrx_word' id='word_1_120' title='bbox 241 1891 305 1962; x_wconf 88' lang='grc' dir='ltr'><strong><em>τίν’</em></strong></span> <span class='ocrx_word' id='word_1_121' title='bbox 335 1895 381 1961; x_wconf 81' lang='grc' dir='ltr'><strong><em>διν·</em></strong></span> <span class='ocrx_word' id='word_1_122' title='bbox 408 1896 511 1962; x_wconf 85' lang='grc' dir='ltr'><strong><em>αὑτὸν</em></strong></span> <span class='ocrx_word' id='word_1_123' title='bbox 543 1898 651 1962; x_wconf 88' lang='grc' dir='ltr'><strong><em>αίτίαν</em></strong></span> <span class='ocrx_word' id='word_1_124' title='bbox 683 1898 913 1980; x_wconf 75' lang='grc' dir='ltr'><strong><em>αἰτιασάμενος</em></strong></span> <span class='ocrx_word' id='word_1_125' title='bbox 943 1907 1010 1962; x_wconf 82' lang='grc' dir='ltr'><strong><em>τῶν</em></strong></span> <span class='ocrx_word' id='word_1_126' title='bbox 1037 1896 1148 1964; x_wconf 84' lang='grc' dir='ltr'><strong><em>αὐτῶν</em></strong></span> 
     </span>
     <span class='ocr_line' id='line_1_17' title="bbox 131 1997 1148 2087; baseline -0.003 -15"><span class='ocrx_word' id='word_1_127' title='bbox 131 2008 239 2072; x_wconf 83' lang='grc' dir='ltr'><strong><em>πάλιν</em></strong></span> <span class='ocrx_word' id='word_1_128' title='bbox 254 2005 387 2079; x_wconf 81' lang='grc' dir='ltr'><strong><em>εἰκότως</em></strong></span> <span class='ocrx_word' id='word_1_129' title='bbox 402 2004 579 2082; x_wconf 73' lang='grc' dir='ltr'><strong><em>δικάζοιτος</em></strong></span> <span class='ocrx_word' id='word_1_130' title='bbox 600 2003 760 2087; x_wconf 84' lang='grc' dir='ltr'><strong><em>οὐδεμίαν</em></strong></span> <span class='ocrx_word' id='word_1_131' title='bbox 775 1997 896 2087; x_wconf 84' lang='grc' dir='ltr'><strong><em>δήπου.</em></strong></span> <span class='ocrx_word' id='word_1_132' title='bbox 920 2003 1035 2087; x_wconf 85' lang='grc' dir='ltr'><strong><em>διόπερ</em></strong></span> <span class='ocrx_word' id='word_1_133' title='bbox 1049 2011 1148 2069; x_wconf 87' lang='grc' dir='ltr'><strong><em>τοῦτο</em></strong></span> 
     </span>
     <span class='ocr_line' id='line_1_18' title="bbox 131 2103 1148 2197; baseline -0.005 -20"><span class='ocrx_word' id='word_1_134' title='bbox 131 2123 272 2197; x_wconf 84' lang='grc' dir='ltr'><strong><em>πρῶτον</em></strong></span> <span class='ocrx_word' id='word_1_135' title='bbox 295 2111 439 2193; x_wconf 77' lang='grc' dir='ltr'><strong><em>ἔγραψεν</em></strong></span> <span class='ocrx_word' id='word_1_136' title='bbox 461 2109 480 2175; x_wconf 82' lang='grc' dir='ltr'>ὁ</span> <span class='ocrx_word' id='word_1_137' title='bbox 502 2110 563 2174; x_wconf 91' lang='grc' dir='ltr'><strong><em>τὸν</em></strong></span> <span class='ocrx_word' id='word_1_138' title='bbox 584 2113 690 2193; x_wconf 91' lang='grc' dir='ltr'><strong><em>νόμον</em></strong></span> <span class='ocrx_word' id='word_1_139' title='bbox 713 2105 787 2186; x_wconf 85' lang='grc' dir='ltr'><strong><em>θεὶς</em></strong></span> <span class='ocrx_word' id='word_1_140' title='bbox 809 2105 857 2175; x_wconf 84' lang='grc' dir='ltr'><strong><em>ὧν</em></strong></span> <span class='ocrx_word' id='word_1_141' title='bbox 877 2109 921 2192; x_wconf 86' lang='grc' dir='ltr'><strong><em>μή</em></strong></span> <span class='ocrx_word' id='word_1_142' title='bbox 940 2103 1027 2174; x_wconf 79' lang='grc' dir='ltr'><strong><em>εἶναι</em></strong></span> <span class='ocrx_word' id='word_1_143' title='bbox 1044 2109 1148 2192; x_wconf 88' lang='grc' dir='ltr'><strong><em>δίκας,</em></strong></span> 
     </span>
     <span class='ocr_line' id='line_1_19' title="bbox 133 2211 1147 2304; baseline -0.004 -20"><span class='ocrx_word' id='word_1_144' title='bbox 133 2219 199 2285; x_wconf 84' lang='grc' dir='ltr'><strong><em>ὅσα</em></strong></span> <span class='ocrx_word' id='word_1_145' title='bbox 218 2239 270 2292; x_wconf 89' lang='grc' dir='ltr'><strong><em>τις</em></strong></span> <span class='ocrx_word' id='word_1_146' title='bbox 288 2214 414 2299; x_wconf 84' lang='grc' dir='ltr'><strong><em>άφήκεν</em></strong></span> <span class='ocrx_word' id='word_1_147' title='bbox 432 2213 453 2299; x_wconf 82' lang='grc' dir='ltr'><strong><em>ή</em></strong></span> <span class='ocrx_word' id='word_1_148' title='bbox 471 2214 665 2298; x_wconf 79' lang='grc' dir='ltr'><strong><em>ἀπήλλαξεν.</em></strong></span> <span class='ocrx_word' id='word_1_149' title='bbox 697 2213 816 2304; x_wconf 76' lang='grc' dir='ltr'><strong><em>δτῳδλ</em></strong></span> <span class='ocrx_word' id='word_1_150' title='bbox 835 2211 944 2298; x_wconf 80' lang='grc' dir='ltr'><strong><em>γέγον’</em></strong></span> <span class='ocrx_word' id='word_1_151' title='bbox 965 2214 1147 2299; x_wconf 76' lang='grc' dir='ltr'><strong><em>ἀμφότερα·</em></strong></span> 
     </span>
     <span class='ocr_line' id='line_1_20' title="bbox 132 2318 1147 2406; baseline -0.003 -17"><span class='ocrx_word' id='word_1_152' title='bbox 132 2321 190 2390; x_wconf 85' lang='grc' dir='ltr'><strong><em>καὶ</em></strong></span> <span class='ocrx_word' id='word_1_153' title='bbox 218 2324 284 2406; x_wconf 76' lang='grc' dir='ltr'><strong><em>γάρ</em></strong></span> <span class='ocrx_word' id='word_1_154' title='bbox 312 2320 438 2406; x_wconf 83' lang='grc' dir='ltr'><strong><em>άφήκεν</em></strong></span> <span class='ocrx_word' id='word_1_155' title='bbox 464 2318 520 2386; x_wconf 85' lang='grc' dir='ltr'><strong><em>καὶ</em></strong></span> <span class='ocrx_word' id='word_1_156' title='bbox 547 2320 740 2404; x_wconf 78' lang='grc' dir='ltr'><strong><em>ἀπήλλαξεν.</em></strong></span> <span class='ocrx_word' id='word_1_157' title='bbox 785 2321 830 2398; x_wconf 82' lang='grc' dir='ltr'><strong><em>ὡς</em></strong></span> <span class='ocrx_word' id='word_1_158' title='bbox 857 2318 887 2386; x_wconf 91' lang='grc' dir='ltr'><strong><em>δ’</em></strong></span> <span class='ocrx_word' id='word_1_159' title='bbox 914 2319 1023 2404; x_wconf 85' lang='grc' dir='ltr'><strong><em>άληθή</em></strong></span> <span class='ocrx_word' id='word_1_160' title='bbox 1051 2319 1147 2404; x_wconf 78' lang='grc' dir='ltr'><strong><em>λέγω,</em></strong></span> 
     </span>
     <span class='ocr_line' id='line_1_21' title="bbox 134 2421 879 2516; baseline -0.003 -23"><span class='ocrx_word' id='word_1_161' title='bbox 134 2427 384 2516; x_wconf 79' lang='grc' dir='ltr'><strong><em>μεμαρτύρηται</em></strong></span> <span class='ocrx_word' id='word_1_162' title='bbox 406 2427 486 2510; x_wconf 78' lang='grc' dir='ltr'><strong><em>ὑμῖν</em></strong></span> <span class='ocrx_word' id='word_1_163' title='bbox 510 2423 535 2491; x_wconf 80' lang='grc' dir='ltr'>ὦ</span> <span class='ocrx_word' id='word_1_164' title='bbox 559 2428 678 2512; x_wconf 76' lang='grc' dir='ltr'><strong><em>ἄνδρες</em></strong></span> <span class='ocrx_word' id='word_1_165' title='bbox 698 2421 879 2511; x_wconf 78' lang='grc' dir='ltr'><strong><em>Ἀθηναῖοι.</em></strong></span> 
     </span>
     <span class='ocr_line' id='line_1_22' title="bbox 226 2528 1067 2618; baseline -0.001 -19"><span class='ocrx_word' id='word_1_166' title='bbox 226 2528 320 2617; x_wconf 73' lang='grc' dir='ltr'><strong><em>Λαβλ</em></strong></span> <span class='ocrx_word' id='word_1_167' title='bbox 344 2534 385 2617; x_wconf 89' lang='grc' dir='ltr'><strong><em>δή</em></strong></span> <span class='ocrx_word' id='word_1_168' title='bbox 408 2556 465 2617; x_wconf 86' lang='grc' dir='ltr'><strong><em>μοι</em></strong></span> <span class='ocrx_word' id='word_1_169' title='bbox 486 2530 542 2598; x_wconf 85' lang='grc' dir='ltr'><strong><em>καὶ</em></strong></span> <span class='ocrx_word' id='word_1_170' title='bbox 563 2534 622 2597; x_wconf 83' lang='grc' dir='ltr'><strong><em>τὸν</em></strong></span> <span class='ocrx_word' id='word_1_171' title='bbox 645 2541 702 2616; x_wconf 79' lang='grc' dir='ltr'><strong><em>της</em></strong></span> <span class='ocrx_word' id='word_1_172' title='bbox 724 2535 929 2617; x_wconf 78' lang='grc' dir='ltr'><strong><em>προθεσμίας</em></strong></span> <span class='ocrx_word' id='word_1_173' title='bbox 952 2535 1067 2618; x_wconf 89' lang='grc' dir='ltr'><strong><em>νόμον.</em></strong></span> 
     </span>
    </p>
   </div>
   <div class='ocr_carea' id='block_1_4' title="bbox 572 2743 708 2797">
    <p class='ocr_par' dir='ltr' id='par_1_4' title="bbox 572 2743 708 2797">
     <span class='ocr_line' id='line_1_23' title="bbox 572 2743 708 2797; baseline -0.007 0"><span class='ocrx_word' id='word_1_174' title='bbox 572 2743 708 2797; x_wconf 80' lang='grc' dir='ltr'><strong><em>ΝΟΜΟΣ.</em></strong></span> 
     </span>
    </p>
   </div>
   <div class='ocr_carea' id='block_1_5' title="bbox 95 2845 1149 3578">
    <p class='ocr_par' dir='ltr' id='par_1_5' title="bbox 95 2845 1149 3578">
     <span class='ocr_line' id='line_1_24' title="bbox 95 2845 1149 2936; baseline 0.002 -22"><span class='ocrx_word' id='word_1_175' title='bbox 95 2876 123 2916; x_wconf 78' lang='grc' dir='ltr'><strong><em>τε</em></strong></span> <span class='ocrx_word' id='word_1_176' title='bbox 223 2849 259 2919; x_wconf 90' lang='grc' dir='ltr'><em>Ὁ</em></span> <span class='ocrx_word' id='word_1_177' title='bbox 286 2848 347 2936; x_wconf 71' lang='grc' dir='ltr'><strong><em>μὲν</em></strong></span> <span class='ocrx_word' id='word_1_178' title='bbox 374 2855 490 2918; x_wconf 88' lang='grc' dir='ltr'><strong><em>τοίνυν</em></strong></span> <span class='ocrx_word' id='word_1_179' title='bbox 517 2853 619 2935; x_wconf 89' lang='grc' dir='ltr'><strong><em>νόμος</em></strong></span> <span class='ocrx_word' id='word_1_180' title='bbox 646 2845 672 2915; x_wconf 79' lang='grc' dir='ltr'><strong>ὦ</strong></span> <span class='ocrx_word' id='word_1_181' title='bbox 695 2851 814 2932; x_wconf 76' lang='grc' dir='ltr'><strong><em>ἄνδρες</em></strong></span> <span class='ocrx_word' id='word_1_182' title='bbox 837 2848 1009 2933; x_wconf 70' lang='grc' dir='ltr'><strong><em>Ἀθηναῖοι</em></strong></span> <span class='ocrx_word' id='word_1_183' title='bbox 1032 2861 1149 2934; x_wconf 79' lang='grc' dir='ltr'><strong><em>σαφῶς</em></strong></span> 
     </span>
     <span class='ocr_line' id='line_1_25' title="bbox 138 2951 1147 3044; baseline -0.003 -19"><span class='ocrx_word' id='word_1_184' title='bbox 138 2958 263 3025; x_wconf 83' lang='grc' dir='ltr'><strong><em>οὑτωσὶ</em></strong></span> <span class='ocrx_word' id='word_1_185' title='bbox 290 2961 349 3024; x_wconf 92' lang='grc' dir='ltr'><strong><em>τὸν</em></strong></span> <span class='ocrx_word' id='word_1_186' title='bbox 375 2961 498 3044; x_wconf 86' lang='grc' dir='ltr'><strong><em>χρόνον</em></strong></span> <span class='ocrx_word' id='word_1_187' title='bbox 525 2958 659 3042; x_wconf 81' lang='grc' dir='ltr'><strong><em>ὥρισεν·</em></strong></span> <span class='ocrx_word' id='word_1_188' title='bbox 688 2954 935 3038; x_wconf 82' lang='grc' dir='ltr'><strong><em>Ἀπολλόδωρος</em></strong></span> <span class='ocrx_word' id='word_1_189' title='bbox 963 2951 992 3021; x_wconf 89' lang='grc' dir='ltr'><strong><em>δ’</em></strong></span> <span class='ocrx_word' id='word_1_190' title='bbox 1021 2954 1147 3040; x_wconf 77' lang='grc' dir='ltr'><strong><em>οὑτοσὶ,</em></strong></span> 
     </span>
     <span class='ocr_line' id='line_1_26' title="bbox 136 3061 1147 3152; baseline -0.004 -20"><span class='ocrx_word' id='word_1_191' title='bbox 136 3069 421 3152; x_wconf 85' lang='grc' dir='ltr'><strong><em>παρεληλυθότων</em></strong></span> <span class='ocrx_word' id='word_1_192' title='bbox 444 3063 526 3130; x_wconf 81' lang='grc' dir='ltr'><strong><em>ἐτῶν</em></strong></span> <span class='ocrx_word' id='word_1_193' title='bbox 548 3061 650 3129; x_wconf 80' lang='grc' dir='ltr'><strong><em>πλέον</em></strong></span> <span class='ocrx_word' id='word_1_194' title='bbox 672 3062 692 3147; x_wconf 84' lang='grc' dir='ltr'><strong><em>ή</em></strong></span> <span class='ocrx_word' id='word_1_195' title='bbox 716 3069 835 3145; x_wconf 85' lang='grc' dir='ltr'><strong><em>είκοσι,</em></strong></span> <span class='ocrx_word' id='word_1_196' title='bbox 861 3064 923 3146; x_wconf 90' lang='grc' dir='ltr'><strong><em>τήν</em></strong></span> <span class='ocrx_word' id='word_1_197' title='bbox 947 3061 1066 3128; x_wconf 85' lang='grc' dir='ltr'><strong><em>ἑαυτοῦ</em></strong></span> <span class='ocrx_word' id='word_1_198' title='bbox 1089 3078 1147 3128; x_wconf 85' lang='grc' dir='ltr'><strong><em>συ-</em></strong></span> 
     </span>
     <span class='ocr_line' id='line_1_27' title="bbox 137 3167 1147 3256; baseline -0.006 -18"><span class='ocrx_word' id='word_1_199' title='bbox 137 3174 322 3256; x_wconf 83' lang='grc' dir='ltr'><strong><em>κοφαντίαν</em></strong></span> <span class='ocrx_word' id='word_1_200' title='bbox 350 3171 438 3251; x_wconf 82' lang='grc' dir='ltr'><strong><em>άξιολ</em></strong></span> <span class='ocrx_word' id='word_1_201' title='bbox 461 3168 537 3251; x_wconf 83' lang='grc' dir='ltr'><strong><em>περὶ</em></strong></span> <span class='ocrx_word' id='word_1_202' title='bbox 563 3171 716 3246; x_wconf 89' lang='grc' dir='ltr'><strong><em>πλείονος</em></strong></span> <span class='ocrx_word' id='word_1_203' title='bbox 741 3167 827 3252; x_wconf 80' lang='grc' dir='ltr'><strong><em>ὑμᾶς</em></strong></span> <span class='ocrx_word' id='word_1_204' title='bbox 853 3170 1058 3252; x_wconf 87' lang='grc' dir='ltr'><strong><em>ποιήσασθαι</em></strong></span> <span class='ocrx_word' id='word_1_205' title='bbox 1079 3179 1147 3233; x_wconf 83' lang='grc' dir='ltr'><strong><em>τῶν</em></strong></span> 
     </span>
     <span class='ocr_line' id='line_1_28' title="bbox 137 3274 1146 3363; baseline -0.007 -19"><span class='ocrx_word' id='word_1_206' title='bbox 137 3281 268 3363; x_wconf 86' lang='grc' dir='ltr'><strong><em>νόμων,</em></strong></span> <span class='ocrx_word' id='word_1_207' title='bbox 299 3274 377 3344; x_wconf 89' lang='grc' dir='ltr'><strong><em>καθ’</em></strong></span> <span class='ocrx_word' id='word_1_208' title='bbox 409 3275 469 3353; x_wconf 80' lang='grc' dir='ltr'><strong><em>οὓς</em></strong></span> <span class='ocrx_word' id='word_1_209' title='bbox 500 3275 706 3361; x_wconf 87' lang='grc' dir='ltr'><strong><em>ὀμωμοκότες</em></strong></span> <span class='ocrx_word' id='word_1_210' title='bbox 736 3276 887 3354; x_wconf 75' lang='grc' dir='ltr'><strong><em>δικάζετε.</em></strong></span> <span class='ocrx_word' id='word_1_211' title='bbox 932 3276 1038 3340; x_wconf 93' lang='grc' dir='ltr'><strong><em>καίτοι</em></strong></span> <span class='ocrx_word' id='word_1_212' title='bbox 1066 3282 1146 3338; x_wconf 87' lang='grc' dir='ltr'><strong><em>πᾶσι</em></strong></span> 
     </span>
     <span class='ocr_line' id='line_1_29' title="bbox 139 3376 1147 3468; baseline -0.007 -19"><span class='ocrx_word' id='word_1_213' title='bbox 139 3381 200 3468; x_wconf 72' lang='grc' dir='ltr'><strong><em>μὲν</em></strong></span> <span class='ocrx_word' id='word_1_214' title='bbox 220 3394 289 3460; x_wconf 79' lang='grc' dir='ltr'><strong><em>τοῖς</em></strong></span> <span class='ocrx_word' id='word_1_215' title='bbox 307 3386 423 3467; x_wconf 87' lang='grc' dir='ltr'><strong><em>νόμοις</em></strong></span> <span class='ocrx_word' id='word_1_216' title='bbox 440 3380 614 3466; x_wconf 80' lang='grc' dir='ltr'><strong><em>προσέχειν</em></strong></span> <span class='ocrx_word' id='word_1_217' title='bbox 633 3382 719 3456; x_wconf 89' lang='grc' dir='ltr'><strong><em>είκός</em></strong></span> <span class='ocrx_word' id='word_1_218' title='bbox 738 3376 810 3445; x_wconf 82' lang='grc' dir='ltr'><strong><em>ἐσθ’</em></strong></span> <span class='ocrx_word' id='word_1_219' title='bbox 833 3378 927 3462; x_wconf 85' lang='grc' dir='ltr'><strong><em>ὑμᾶς,</em></strong></span> <span class='ocrx_word' id='word_1_220' title='bbox 951 3379 1012 3463; x_wconf 84' lang='grc' dir='ltr'><strong><em>οὐχ</em></strong></span> <span class='ocrx_word' id='word_1_221' title='bbox 1030 3379 1147 3460; x_wconf 83' lang='grc' dir='ltr'><strong><em>ήκιστα</em></strong></span> 
     </span>
     <span class='ocr_line' id='line_1_30' title="bbox 99 3481 1146 3578; baseline -0.004 -25"><span class='ocrx_word' id='word_1_222' title='bbox 99 3508 125 3546; x_wconf 73' lang='grc' dir='ltr'><strong><em>ει</em></strong></span> <span class='ocrx_word' id='word_1_223' title='bbox 142 3486 177 3554; x_wconf 72' lang='grc' dir='ltr'><strong><em>δὲ</em></strong></span> <span class='ocrx_word' id='word_1_224' title='bbox 204 3491 310 3578; x_wconf 79' lang='grc' dir='ltr'><strong><em>τούτῳ</em></strong></span> <span class='ocrx_word' id='word_1_225' title='bbox 339 3485 364 3554; x_wconf 82' lang='grc' dir='ltr'><em>ὦ</em></span> <span class='ocrx_word' id='word_1_226' title='bbox 392 3489 512 3572; x_wconf 74' lang='grc' dir='ltr'><strong><em>ἄνδρες</em></strong></span> <span class='ocrx_word' id='word_1_227' title='bbox 534 3484 717 3570; x_wconf 78' lang='grc' dir='ltr'><strong><em>Ἀθηναῖοι.</em></strong></span> <span class='ocrx_word' id='word_1_228' title='bbox 763 3486 856 3550; x_wconf 82' lang='grc' dir='ltr'><strong><em>δοκεῖ</em></strong></span> <span class='ocrx_word' id='word_1_229' title='bbox 880 3485 943 3567; x_wconf 73' lang='grc' dir='ltr'><strong><em>γάρ</em></strong></span> <span class='ocrx_word' id='word_1_230' title='bbox 970 3481 1104 3567; x_wconf 80' lang='grc' dir='ltr'><strong><em>μοικαὶ</em></strong></span> <span class='ocrx_word' id='word_1_231' title='bbox 1127 3483 1146 3549; x_wconf 85' lang='grc' dir='ltr'><strong><em>δ</em></strong></span> 
     </span>
    </p>
   </div>
   <div class='ocr_carea' id='block_1_6' title="bbox 0 0 1312 3910">
    <p class='ocr_par' dir='ltr' id='par_1_6' title="bbox 0 0 1312 3910">
     <span class='ocr_line' id='line_1_31' title="bbox 0 0 1312 3910; baseline 0 0"><span class='ocrx_word' id='word_1_232' title='bbox 0 0 1312 3910; x_wconf 95' lang='lat' dir='ltr'><strong><em> </em></strong></span> 
     </span>
    </p>
   </div>
  </div>
 </body>
</html>
