2590 3900
463 187 546 239 ω’
565 185 717 239 monor
734 188 767 240 A.
1059 183 1129 248 319

86 369 101 406 ι
206 337 431 431 Δημοσθένης
453 347 516 429 γάρ
541 346 644 430 οὑμὸς
666 347 774 432 πατήρ
795 341 822 411 ὦ
842 348 960 432 ἄνδρες
979 341 1130 411 δικασταὶ

115 451 288 518 κατέλιπεν
316 451 435 517 οὐσίαν
462 448 530 536 μὲν,
551 453 672 536 σχεδὸν
700 452 865 534 τεττάρων
892 451 946 517 καὶ
972 450 1051 517 δέκα
1073 474 1129 515 τα-

116 557 256 640 λάντων,
278 553 335 641 ἐμὲ
354 552 384 622 δ’
406 554 475 623 ἕπτ’
498 555 581 623 ἐτῶν
600 559 680 623 ὄντα
698 556 834 640 καὶτήν
853 556 1002 641 ἀδελφήν
1020 553 1129 639 πέυτε,

117 665 164 728 ἔτι
192 659 230 729 δὲ
251 664 313 747 τήν
335 662 498 749 ἡμετέραν
520 663 644 748 μητέρα
667 667 871 748 πεντήκοντα
894 673 978 748 μνᾶς
1000 665 1048 738 είς
1069 664 1133 729 τὸν

117 764 211 834 οἷκον
238 769 522 854 εἰσενηνεγμένην.
569 769 836 854 βουλευσάμενος
864 765 901 834 δὲ
925 768 1000 854 περὶ
1022 768 1135 854 ήμῶν,

117 872 164 940 ὅτ’
187 878 300 960 ἔμελλε
322 881 490 959 τελευτᾶν,
514 875 642 941 ἅπαντα
663 870 757 940 ταῦτ’
779 875 978 960 ἐνεχείρισεν
997 869 1128 963 Ἀφόβφ

115 1003 150 1046 τε
178 980 297 1070 τουτφὶ
320 980 374 1047 καὶ
397 987 604 1066 Δημοφῶντι
626 991 671 1070 τῷ
695 983 863 1067 Δήμωνος
884 982 966 1064 υίελ,
993 982 1129 1046 τούτοιν

116 1083 177 1172 μὲν
200 1087 398 1171 ἀδελφιδοῖν
421 1089 549 1171 ὄντοιν,
575 1096 620 1177 τῷ
643 1084 705 1173 μὲν
728 1087 761 1168 ἐξ
785 1087 945 1171 ἀδελφοῦ,
967 1095 1013 1175 τῷ
1038 1081 1068 1152 δ’
1094 1086 1128 1165 ἐξ

116 1193 263 1277 ἀδελφῆς
289 1197 496 1278 γεγονότοιν,
525 1196 573 1258 ἔτι
601 1190 639 1259 δὲ
669 1195 859 1280 Θηριππίδῃ
886 1201 932 1281 τῷ
962 1197 1128 1276 Παιανιεῖ,

115 1298 205 1382 γένει
227 1296 288 1384 μὲν
310 1296 412 1366 οὐδὲν
434 1278 647 1384 προσήκοντι,
671 1304 758 1387 φίλφ
782 1294 814 1365 δ’
836 1299 872 1366 ἐκ
889 1300 1006 1376 παιδὸς
1023 1299 1129 1384 ὑπάρ-

87 1427 217 1490 τχοντι.
253 1405 392 1492 κάκείνφ
415 1401 476 1490 μὲν
499 1407 623 1471 ἔδωκεν
647 1405 682 1470 ἐκ
705 1416 772 1470 τῶν
794 1405 883 1489 ἐμῶν
902 1403 1133 1490 ἑβδομήκοντα

115 1519 199 1595 μνᾶς
224 1512 467 1593 καρπώσασθαι
489 1520 651 1578 τοσοῦτον
674 1513 812 1595 χρόνον,
841 1510 903 1588 ἕως
927 1511 1016 1594 [ἐγὼ]
1041 1511 1127 1597 άνήρ

115 1611 202 1682 εἶναι
225 1617 476 1702 δοκιμασθείην,
501 1617 589 1694 ὅπως
612 1618 656 1702 μή
682 1613 725 1682 δι’
748 1617 931 1701 ἐπιθυμίαν
951 1617 1135 1702 χρημάτων,

114 1726 227 1809 χεῖρόν
257 1745 289 1788 τι
321 1734 388 1788 τῶν
420 1722 508 1808 ἐμῶν
542 1724 734 1806 διοικήσειε·
766 1728 973 1808 Δημοφῶντι
1001 1721 1038 1788 δὲ
1065 1723 1128 1806 τήν

115 1829 198 1913 ἐμήν
227 1828 377 1914 ἀδελφήν
403 1827 458 1894 καὶ
487 1829 549 1895 δύο
576 1825 708 1894 τάλαντ’
739 1829 844 1907 εὐθὺς
875 1830 997 1896 ἔδακεν
1028 1833 1127 1914 ἔχειν,

114 1936 203 2024 αύτῷ
223 1932 261 2001 δὲ
278 1937 384 2024 τούτῳ
403 1936 465 2019 τήν
482 1934 605 2020 μητέρα
624 1935 685 2018 τήν
703 1934 874 2020 ήμετέραν,
892 1933 949 2002 καὶ
961 1937 1081 2021 προῖκά
1094 1929 1123 2000 τ’

115 2042 321 2124 ὀγδοήκοντα
335 2051 430 2127 μνᾶς,
449 2040 504 2107 καὶ
517 2043 579 2125 τήν
597 2043 706 2107 οίκίαν
720 2043 822 2107 οἰκεῖν
836 2039 891 2106 καὶ
906 2042 1036 2107 σκεύεσι
1048 2050 1127 2127 χρῆ-

115 2153 197 2213 σθαι
211 2147 395 2235 τοῑςλέμολς,
409 2147 605 2232 ἡγούμενος,
622 2144 678 2213 καὶ
691 2147 831 2224 τούτους
845 2142 888 2212 ἐτ’
908 2145 1130 2232 οίκειοτέρους·

115 2258 149 2319 εί
177 2276 233 2336 μοι
264 2255 447 2336 ποιήσειεν,
480 2253 542 2319 οὐκ
572 2251 615 2317 άν
641 2255 754 2338 χεῖρόν
782 2247 815 2336 μ’
846 2252 1133 2338 ἐπιτροπευθῆναι

86 2361 235 2441 εταύτης
265 2367 323 2442 τής
355 2361 553 2442 οἰκειότητος
582 2356 858 2444 προσγενομένης.
908 2361 1065 2442 λαβόντες
1092 2353 1124 2424 δ’

114 2460 207 2532 οὗτοι
236 2474 339 2530 ταῦτα
361 2475 493 2548 πρῶτον
516 2468 634 2549 σφίσιν
657 2465 769 2542 αύτολς
792 2463 828 2530 ἐκ
849 2476 916 2530 τῶν
939 2465 1125 2550 χρημάτων,

114 2569 170 2637 καὶ
187 2572 249 2654 τήν
268 2571 373 2653 άλλην
392 2569 510 2635 ούσίαν
528 2570 660 2636 άπασαν
678 2572 948 2656 διαχειρίσαντες,
970 2570 1026 2636 καλ
1045 2569 1113 2636 δέκ’
1126 2580 1178 2631 81⁶

113 2680 168 2760 ε’τη
200 2675 285 2761 ἡμᾶς
315 2675 625 2760 ἐπιτροπεύσαντες,
655 2677 696 2741 τὰ
723 2673 784 2761 μὲν
811 2678 895 2742 άλλα
922 2673 1017 2743 πάντ’
1049 2677 1126 2744 άπε-

113 2785 304 2868 στερήκασι,
333 2781 395 2869 τήν
422 2782 532 2846 οἰκίαν
555 2776 592 2847 δέ
614 2779 669 2846 καὶ
693 2781 887 2867 ἀνδράποδα
911 2781 1046 2869 τέτταρα
1070 2782 1126 2850 καλ

113 2889 192 2955 δέκα
214 2886 268 2953 καὶ
292 2887 455 2974 ἀργυρίου
476 2896 559 2971 μνᾶς
576 2888 767 2972 τριάκοντα,
790 2890 931 2973 μάλιστα
949 2889 1125 2974 σύμπαντα

85 2989 202 3062 ιταῦτ’
233 2996 281 3072 είς
308 2991 534 3078 ἑβδομήκοντα
564 3003 648 3078 μνᾶς
676 2995 960 3078 παραδεδώκασιν.
1005 2993 1059 3061 καλ
1086 2997 1124 3062 τὸ

111 3098 172 3185 μὲν
199 3101 382 3185 κεφάλαιον
408 3110 476 3165 τῶν
503 3099 730 3184 ἀδικημάτων,
759 3099 803 3176 ώς
832 3098 874 3166 άν
897 3097 1120 3185 συντομώτατ’

111 3214 199 3274 είποι
221 3230 281 3290 τις,
303 3203 391 3273 τοῦτ’
419 3209 509 3271 ἔστιν
532 3200 559 3270 ὦ
583 3206 702 3290 ἄνδρες
725 3207 891 3272 δικασταί·
921 3207 958 3272 τὸ
983 3204 1018 3272 δὲ
1042 3212 1123 3289 πλή-

110 3319 173 3391 θος
195 3322 253 3397 τῆς
275 3312 391 3388 οὐσίας
414 3311 464 3376 ὅτι
486 3304 576 3376 τοῦτ’
597 3306 641 3394 ήν
660 3313 698 3377 τὸ
716 3310 950 3395 καταλειφθέν,
974 3312 1123 3398 μέγιστοι

109 3413 171 3503 μέν
194 3417 288 3484 αὐτοὶ
312 3414 474 3503 μάρτυρές
496 3438 553 3501 μοι
575 3419 767 3499 γεγόνασιν·
799 3419 847 3494 είς
869 3419 932 3502 γάρ
954 3418 1017 3500 τήν
1039 3436 1120 3502 συμ-

109 3528 231 3606 μορίαν
262 3519 345 3605 ύπέρ
378 3522 459 3608 ἐμοῦ
491 3522 711 3602 συνετάξαντο
744 3524 825 3588 κατά
857 3524 915 3598 τάς
942 3521 1039 3587 πέντε
1064 3520 1119 3586 καλ
