<?xml version="1.0" encoding="UTF-8"?>
<!DOCTYPE html PUBLIC "-//W3C//DTD XHTML 1.0 Transitional//EN"
    "http://www.w3.org/TR/xhtml1/DTD/xhtml1-transitional.dtd">
<html xmlns="http://www.w3.org/1999/xhtml" xml:lang="en" lang="en">
 <head>
  <title>
</title>
<meta http-equiv="Content-Type" content="text/html;charset=utf-8" />
  <meta name='ocr-system' content='tesseract 3.04.00' />
  <meta name='ocr-capabilities' content='ocr_page ocr_carea ocr_par ocr_line ocrx_word'/>
</head>
<body>
  <div class='ocr_page' id='page_1' title='image "./orationes00demogoog_0621.png"; bbox 0 0 2616 3910; ppageno 0'>
   <div class='ocr_carea' id='block_1_1' title="bbox 155 189 889 256">
    <p class='ocr_par' dir='ltr' id='par_1_1' title="bbox 155 189 889 256">
     <span class='ocr_line' id='line_1_1' title="bbox 155 189 889 256; baseline -0.016 -2"><span class='ocrx_word' id='word_1_1' title='bbox 155 189 222 256; x_wconf 80' lang='lat'><strong><em>472</em></strong></span> <span class='ocrx_word' id='word_1_2' title='bbox 435 193 585 244; x_wconf 82' lang='lat' dir='ltr'><strong>xxxvm.</strong></span> <span class='ocrx_word' id='word_1_3' title='bbox 609 191 889 244; x_wconf 74' lang='grc' dir='ltr'><strong><em>ΔΗκοΣουποΤΣ</em></strong></span> 
     </span>
    </p>
   </div>
   <div class='ocr_carea' id='block_1_2' title="bbox 155 347 1179 755">
    <p class='ocr_par' dir='ltr' id='par_1_2' title="bbox 155 347 1179 755">
     <span class='ocr_line' id='line_1_2' title="bbox 157 347 1179 437; baseline -0.003 -21"><span class='ocrx_word' id='word_1_4' title='bbox 157 349 207 416; x_wconf 81' lang='grc' dir='ltr'><strong><em>ὄτι</em></strong></span> <span class='ocrx_word' id='word_1_5' title='bbox 231 347 261 418; x_wconf 92' lang='grc' dir='ltr'><strong><em>δ’</em></strong></span> <span class='ocrx_word' id='word_1_6' title='bbox 285 349 346 416; x_wconf 82' lang='grc' dir='ltr'><strong><em>οὐκ</em></strong></span> <span class='ocrx_word' id='word_1_7' title='bbox 369 351 468 418; x_wconf 86' lang='grc' dir='ltr'><strong><em>ἐῶσιν</em></strong></span> <span class='ocrx_word' id='word_1_8' title='bbox 491 353 527 419; x_wconf 88' lang='grc' dir='ltr'><strong><em>σί</em></strong></span> <span class='ocrx_word' id='word_1_9' title='bbox 546 354 644 437; x_wconf 92' lang='grc' dir='ltr'><strong><em>νόμοι</em></strong></span> <span class='ocrx_word' id='word_1_10' title='bbox 665 349 741 436; x_wconf 79' lang='grc' dir='ltr'><strong><em>περὶ</em></strong></span> <span class='ocrx_word' id='word_1_11' title='bbox 757 362 826 418; x_wconf 85' lang='grc' dir='ltr'><strong><em>τῶν</em></strong></span> <span class='ocrx_word' id='word_1_12' title='bbox 845 350 930 417; x_wconf 76' lang='grc' dir='ltr'><strong><em>οὕτω</em></strong></span> <span class='ocrx_word' id='word_1_13' title='bbox 949 349 1179 434; x_wconf 80' lang='grc' dir='ltr'><strong><em>πραχθέντων</em></strong></span> 
     </span>
     <span class='ocr_line' id='line_1_3' title="bbox 157 451 1176 543; baseline -0.002 -21"><span class='ocrx_word' id='word_1_14' title='bbox 157 451 258 533; x_wconf 84' lang='grc' dir='ltr'><strong><em>αὖθις</em></strong></span> <span class='ocrx_word' id='word_1_15' title='bbox 285 457 491 542; x_wconf 74' lang='grc' dir='ltr'><strong><em>δικάζεσθαι,</em></strong></span> <span class='ocrx_word' id='word_1_16' title='bbox 520 461 642 543; x_wconf 76' lang='grc' dir='ltr'><strong><em>νομίζω</em></strong></span> <span class='ocrx_word' id='word_1_17' title='bbox 670 453 730 542; x_wconf 70' lang='grc' dir='ltr'><strong><em>μὲν</em></strong></span> <span class='ocrx_word' id='word_1_18' title='bbox 757 457 902 533; x_wconf 75' lang='grc' dir='ltr'><strong><em>ἅπαντας</em></strong></span> <span class='ocrx_word' id='word_1_19' title='bbox 924 455 1010 540; x_wconf 84' lang='grc' dir='ltr'><strong><em>ὑμᾶς</em></strong></span> <span class='ocrx_word' id='word_1_20' title='bbox 1033 454 1176 538; x_wconf 83' lang='grc' dir='ltr'><strong><em>είδέναι,</em></strong></span> 
     </span>
     <span class='ocr_line' id='line_1_4' title="bbox 156 555 1177 647; baseline -0.002 -20"><span class='ocrx_word' id='word_1_21' title='bbox 156 560 218 628; x_wconf 87' lang='grc' dir='ltr'><strong><em>κάν</em></strong></span> <span class='ocrx_word' id='word_1_22' title='bbox 246 559 350 647; x_wconf 69' lang='grc' dir='ltr'><strong><em>μηδὲν</em></strong></span> <span class='ocrx_word' id='word_1_23' title='bbox 378 570 459 629; x_wconf 86' lang='grc' dir='ltr'><strong><em>είπω</em></strong></span> <span class='ocrx_word' id='word_1_24' title='bbox 487 562 562 645; x_wconf 80' lang='grc' dir='ltr'><strong><em>περὶ</em></strong></span> <span class='ocrx_word' id='word_1_25' title='bbox 590 563 701 629; x_wconf 83' lang='grc' dir='ltr'><strong><em>αὐτῶν</em></strong></span> <span class='ocrx_word' id='word_1_26' title='bbox 728 563 807 646; x_wconf 83' lang='grc' dir='ltr'><strong><em>ἐγώ,</em></strong></span> <span class='ocrx_word' id='word_1_27' title='bbox 835 562 999 646; x_wconf 85' lang='grc' dir='ltr'><strong><em>βούλομαι</em></strong></span> <span class='ocrx_word' id='word_1_28' title='bbox 1025 555 1055 626; x_wconf 86' lang='grc' dir='ltr'><strong><em>δ’</em></strong></span> <span class='ocrx_word' id='word_1_29' title='bbox 1081 561 1177 644; x_wconf 85' lang='grc' dir='ltr'><strong><em>ὅμως</em></strong></span> 
     </span>
     <span class='ocr_line' id='line_1_5' title="bbox 155 665 1174 755; baseline -0.004 -21"><span class='ocrx_word' id='word_1_30' title='bbox 155 666 287 734; x_wconf 79' lang='grc' dir='ltr'><strong><em>καὶτὸν</em></strong></span> <span class='ocrx_word' id='word_1_31' title='bbox 307 670 413 754; x_wconf 91' lang='grc' dir='ltr'><strong><em>νόμον</em></strong></span> <span class='ocrx_word' id='word_1_32' title='bbox 431 670 511 755; x_wconf 75' lang='grc' dir='ltr'><strong><em>ὑμῖν</em></strong></span> <span class='ocrx_word' id='word_1_33' title='bbox 530 669 632 735; x_wconf 83' lang='grc' dir='ltr'><strong><em>αὐτόν</em></strong></span> <span class='ocrx_word' id='word_1_34' title='bbox 651 667 850 752; x_wconf 87' lang='grc' dir='ltr'><strong><em>ἀναγνῶναι.</em></strong></span> <span class='ocrx_word' id='word_1_35' title='bbox 884 665 957 750; x_wconf 87' lang='grc' dir='ltr'><strong><em>λέγε</em></strong></span> <span class='ocrx_word' id='word_1_36' title='bbox 975 667 1035 732; x_wconf 93' lang='grc' dir='ltr'><strong><em>τὸν</em></strong></span> <span class='ocrx_word' id='word_1_37' title='bbox 1052 669 1174 750; x_wconf 92' lang='grc' dir='ltr'><strong><em>νόμον.</em></strong></span> 
     </span>
    </p>
   </div>
   <div class='ocr_carea' id='block_1_3' title="bbox 589 879 1234 939">
    <p class='ocr_par' dir='ltr' id='par_1_3' title="bbox 589 879 1234 939">
     <span class='ocr_line' id='line_1_6' title="bbox 589 879 1234 939; baseline 0.008 -8"><span class='ocrx_word' id='word_1_38' title='bbox 589 879 726 931; x_wconf 85' lang='grc' dir='ltr'><strong>ΝΟΜΟΣ.</strong></span> <span class='ocrx_word' id='word_1_39' title='bbox 1174 887 1234 939; x_wconf 78' lang='grc'><strong><em>986</em></strong></span> 
     </span>
    </p>
   </div>
   <div class='ocr_carea' id='block_1_4' title="bbox 130 981 1173 1176">
    <p class='ocr_par' dir='ltr' id='par_1_4' title="bbox 130 981 1173 1176">
     <span class='ocr_line' id='line_1_7' title="bbox 130 981 1173 1070; baseline -0.002 -20"><span class='ocrx_word' id='word_1_40' title='bbox 130 1005 142 1043; x_wconf 73' lang='grc' dir='ltr'><strong><em>ε</em></strong></span> <span class='ocrx_word' id='word_1_41' title='bbox 242 983 386 1053; x_wconf 76' lang='grc' dir='ltr'><strong><em>Ἀκούετ’</em></strong></span> <span class='ocrx_word' id='word_1_42' title='bbox 410 981 436 1052; x_wconf 81' lang='grc' dir='ltr'><strong><em>ὦ</em></strong></span> <span class='ocrx_word' id='word_1_43' title='bbox 459 987 579 1070; x_wconf 86' lang='grc' dir='ltr'><strong><em>ἀνδρες</em></strong></span> <span class='ocrx_word' id='word_1_44' title='bbox 602 983 754 1051; x_wconf 81' lang='grc' dir='ltr'><strong><em>δικασταὶ</em></strong></span> <span class='ocrx_word' id='word_1_45' title='bbox 775 993 837 1050; x_wconf 88' lang='grc' dir='ltr'><strong><em>τοῦ</em></strong></span> <span class='ocrx_word' id='word_1_46' title='bbox 858 986 965 1068; x_wconf 87' lang='grc' dir='ltr'><strong><em>νόμον</em></strong></span> <span class='ocrx_word' id='word_1_47' title='bbox 984 994 1098 1068; x_wconf 88' lang='grc' dir='ltr'><strong><em>σαφῶς</em></strong></span> <span class='ocrx_word' id='word_1_48' title='bbox 1117 982 1173 1049; x_wconf 81' lang='grc' dir='ltr'><strong><em>λέ·</em></strong></span> 
     </span>
     <span class='ocr_line' id='line_1_8' title="bbox 155 1085 1173 1176; baseline -0.002 -20"><span class='ocrx_word' id='word_1_49' title='bbox 155 1113 274 1175; x_wconf 89' lang='grc' dir='ltr'><strong><em>γοντος</em></strong></span> <span class='ocrx_word' id='word_1_50' title='bbox 292 1086 422 1174; x_wconf 82' lang='grc' dir='ltr'><strong><em>ἕκασθ’,</em></strong></span> <span class='ocrx_word' id='word_1_51' title='bbox 444 1085 492 1156; x_wconf 79' lang='grc' dir='ltr'><strong><em>ὧν</em></strong></span> <span class='ocrx_word' id='word_1_52' title='bbox 510 1092 553 1176; x_wconf 84' lang='grc' dir='ltr'><strong><em>μὴ</em></strong></span> <span class='ocrx_word' id='word_1_53' title='bbox 574 1085 659 1156; x_wconf 84' lang='grc' dir='ltr'><strong><em>εἶναι</em></strong></span> <span class='ocrx_word' id='word_1_54' title='bbox 678 1093 784 1168; x_wconf 90' lang='grc' dir='ltr'><strong><em>δίκας·</em></strong></span> <span class='ocrx_word' id='word_1_55' title='bbox 805 1085 852 1157; x_wconf 80' lang='grc' dir='ltr'><strong><em>ὧν</em></strong></span> <span class='ocrx_word' id='word_1_56' title='bbox 871 1089 909 1156; x_wconf 80' lang='grc' dir='ltr'><strong><em>έν</em></strong></span> <span class='ocrx_word' id='word_1_57' title='bbox 927 1089 1026 1170; x_wconf 86' lang='grc' dir='ltr'><strong><em>ἐστιν,</em></strong></span> <span class='ocrx_word' id='word_1_58' title='bbox 1046 1090 1173 1172; x_wconf 84' lang='grc' dir='ltr'><strong><em>ὁμοίως</em></strong></span> 
     </span>
    </p>
   </div>
   <div class='ocr_carea' id='block_1_5' title="bbox 131 1191 1172 1916">
    <p class='ocr_par' dir='ltr' id='par_1_5' title="bbox 131 1191 1172 1916">
     <span class='ocr_line' id='line_1_9' title="bbox 155 1191 1172 1284; baseline -0.002 -24"><span class='ocrx_word' id='word_1_59' title='bbox 155 1206 226 1273; x_wconf 81' lang='grc' dir='ltr'><strong><em>τοϊς</em></strong></span> <span class='ocrx_word' id='word_1_60' title='bbox 248 1198 361 1274; x_wconf 86' lang='grc' dir='ltr'><strong><em>ἀλλοις</em></strong></span> <span class='ocrx_word' id='word_1_61' title='bbox 382 1199 511 1280; x_wconf 86' lang='grc' dir='ltr'><strong><em>κύριον,</em></strong></span> <span class='ocrx_word' id='word_1_62' title='bbox 535 1195 609 1280; x_wconf 82' lang='grc' dir='ltr'><strong><em>περὶ</em></strong></span> <span class='ocrx_word' id='word_1_63' title='bbox 632 1191 679 1263; x_wconf 78' lang='grc' dir='ltr'><strong><em>ὧν</em></strong></span> <span class='ocrx_word' id='word_1_64' title='bbox 698 1198 740 1262; x_wconf 85' lang='grc' dir='ltr'><strong><em>ἀν</em></strong></span> <span class='ocrx_word' id='word_1_65' title='bbox 759 1221 808 1274; x_wconf 90' lang='grc' dir='ltr'><strong><em>τις</em></strong></span> <span class='ocrx_word' id='word_1_66' title='bbox 827 1197 896 1284; x_wconf 73' lang='grc' dir='ltr'><strong><em>ἀφῇ</em></strong></span> <span class='ocrx_word' id='word_1_67' title='bbox 914 1193 969 1262; x_wconf 80' lang='grc' dir='ltr'><strong><em>καὶ</em></strong></span> <span class='ocrx_word' id='word_1_68' title='bbox 988 1194 1172 1282; x_wconf 78' lang='grc' dir='ltr'><strong><em>ἀπαλλάξῃ,</em></strong></span> 
     </span>
     <span class='ocr_line' id='line_1_10' title="bbox 155 1301 1170 1388; baseline -0.001 -22"><span class='ocrx_word' id='word_1_69' title='bbox 155 1302 199 1385; x_wconf 87' lang='grc' dir='ltr'><strong><em>μὴ</em></strong></span> <span class='ocrx_word' id='word_1_70' title='bbox 223 1302 423 1380; x_wconf 80' lang='grc' dir='ltr'><strong><em>δικάζεσθαι.</em></strong></span> <span class='ocrx_word' id='word_1_71' title='bbox 462 1302 549 1368; x_wconf 80' lang='grc' dir='ltr'><strong><em>οὕτω</em></strong></span> <span class='ocrx_word' id='word_1_72' title='bbox 573 1301 768 1369; x_wconf 80' lang='grc' dir='ltr'><strong><em>τοίνυνκαὶ</em></strong></span> <span class='ocrx_word' id='word_1_73' title='bbox 792 1304 871 1388; x_wconf 82' lang='grc' dir='ltr'><strong><em>μετὰ</em></strong></span> <span class='ocrx_word' id='word_1_74' title='bbox 893 1307 1027 1368; x_wconf 78' lang='grc' dir='ltr'><strong><em>πολλῶν</em></strong></span> <span class='ocrx_word' id='word_1_75' title='bbox 1045 1301 1170 1386; x_wconf 85' lang='grc' dir='ltr'><strong><em>μαρτύ-</em></strong></span> 
     </span>
     <span class='ocr_line' id='line_1_11' title="bbox 156 1405 1172 1492; baseline -0.001 -19"><span class='ocrx_word' id='word_1_76' title='bbox 156 1431 226 1491; x_wconf 88' lang='grc' dir='ltr'><strong><em>ρων</em></strong></span> <span class='ocrx_word' id='word_1_77' title='bbox 248 1417 306 1492; x_wconf 79' lang='grc' dir='ltr'><strong><em>τῆς</em></strong></span> <span class='ocrx_word' id='word_1_78' title='bbox 328 1406 476 1491; x_wconf 78' lang='grc' dir='ltr'><strong><em>ἀφέσεως</em></strong></span> <span class='ocrx_word' id='word_1_79' title='bbox 498 1411 685 1492; x_wconf 81' lang='grc' dir='ltr'><strong><em>γεγονυίας,</em></strong></span> <span class='ocrx_word' id='word_1_80' title='bbox 708 1405 762 1474; x_wconf 80' lang='grc' dir='ltr'><strong><em>καὶ</em></strong></span> <span class='ocrx_word' id='word_1_81' title='bbox 786 1418 940 1492; x_wconf 79' lang='grc' dir='ltr'><strong><em>φανερῶς</em></strong></span> <span class='ocrx_word' id='word_1_82' title='bbox 963 1407 1172 1484; x_wconf 81' lang='grc' dir='ltr'><strong><em>ἀπολύοντος</em></strong></span> 
     </span>
     <span class='ocr_line' id='line_1_12' title="bbox 156 1511 1171 1598; baseline -0.004 -18"><span class='ocrx_word' id='word_1_83' title='bbox 156 1513 240 1598; x_wconf 84' lang='grc' dir='ltr'><strong><em>ἡμᾶς</em></strong></span> <span class='ocrx_word' id='word_1_84' title='bbox 267 1523 328 1580; x_wconf 88' lang='grc' dir='ltr'><strong><em>τοῦ</em></strong></span> <span class='ocrx_word' id='word_1_85' title='bbox 355 1516 477 1598; x_wconf 91' lang='grc' dir='ltr'><strong><em>νόμου,</em></strong></span> <span class='ocrx_word' id='word_1_86' title='bbox 509 1515 555 1590; x_wconf 85' lang='grc' dir='ltr'><strong><em>είς</em></strong></span> <span class='ocrx_word' id='word_1_87' title='bbox 582 1511 671 1580; x_wconf 84' lang='grc' dir='ltr'><strong><em>τοῦτ’</em></strong></span> <span class='ocrx_word' id='word_1_88' title='bbox 703 1513 906 1598; x_wconf 81' lang='grc' dir='ltr'><strong><em>ἐληλύθασιν</em></strong></span> <span class='ocrx_word' id='word_1_89' title='bbox 934 1511 1171 1596; x_wconf 79' lang='grc' dir='ltr'><strong><em>ἀναισχυντίας</em></strong></span> 
     </span>
     <span class='ocr_line' id='line_1_13' title="bbox 131 1613 1169 1704; baseline 0.004 -24"><span class='ocrx_word' id='word_1_90' title='bbox 131 1613 252 1685; x_wconf 84' lang='grc' dir='ltr'><strong><em>εοῦτοι</em></strong></span> <span class='ocrx_word' id='word_1_91' title='bbox 278 1617 333 1684; x_wconf 82' lang='grc' dir='ltr'><strong><em>καὶ</em></strong></span> <span class='ocrx_word' id='word_1_92' title='bbox 361 1620 496 1702; x_wconf 81' lang='grc' dir='ltr'><strong><em>τόλμης,</em></strong></span> <span class='ocrx_word' id='word_1_93' title='bbox 525 1619 607 1684; x_wconf 80' lang='grc' dir='ltr'><strong><em>ὥστε</em></strong></span> <span class='ocrx_word' id='word_1_94' title='bbox 634 1619 797 1703; x_wconf 80' lang='grc' dir='ltr'><strong><em>τεττάρων</em></strong></span> <span class='ocrx_word' id='word_1_95' title='bbox 824 1615 885 1704; x_wconf 73' lang='grc' dir='ltr'><strong><em>μὲν</em></strong></span> <span class='ocrx_word' id='word_1_96' title='bbox 912 1618 966 1685; x_wconf 84' lang='grc' dir='ltr'><strong><em>καὶ</em></strong></span> <span class='ocrx_word' id='word_1_97' title='bbox 989 1613 1056 1684; x_wconf 87' lang='grc' dir='ltr'><strong><em>δέκ’</em></strong></span> <span class='ocrx_word' id='word_1_98' title='bbox 1084 1618 1169 1684; x_wconf 82' lang='grc' dir='ltr'><strong><em>ἐτῶν</em></strong></span> 
     </span>
     <span class='ocr_line' id='line_1_14' title="bbox 156 1718 1169 1810; baseline 0 -19"><span class='ocrx_word' id='word_1_99' title='bbox 156 1724 385 1810; x_wconf 72' lang='grc' dir='ltr'><strong><em>γεγενημένων</em></strong></span> <span class='ocrx_word' id='word_1_100' title='bbox 411 1718 469 1808; x_wconf 88' lang='grc' dir='ltr'><strong><em>ἀφ’</em></strong></span> <span class='ocrx_word' id='word_1_101' title='bbox 495 1719 537 1791; x_wconf 81' lang='grc' dir='ltr'><strong><em>οὗ</em></strong></span> <span class='ocrx_word' id='word_1_102' title='bbox 559 1725 618 1790; x_wconf 84' lang='grc' dir='ltr'><strong><em>τόν</em></strong></span> <span class='ocrx_word' id='word_1_103' title='bbox 641 1719 754 1809; x_wconf 84' lang='grc' dir='ltr'><strong><em>πατέρ’</em></strong></span> <span class='ocrx_word' id='word_1_104' title='bbox 779 1723 873 1808; x_wconf 88' lang='grc' dir='ltr'><strong><em>ἡμῶν</em></strong></span> <span class='ocrx_word' id='word_1_105' title='bbox 897 1725 1054 1808; x_wconf 74' lang='grc' dir='ltr'><strong><em>ἀφεῖσαν,</em></strong></span> <span class='ocrx_word' id='word_1_106' title='bbox 1083 1731 1169 1791; x_wconf 85' lang='grc' dir='ltr'><strong><em>είκο-</em></strong></span> 
     </span>
     <span class='ocr_line' id='line_1_15' title="bbox 157 1824 1165 1916; baseline -0.002 -20"><span class='ocrx_word' id='word_1_107' title='bbox 157 1847 211 1896; x_wconf 93' lang='grc' dir='ltr'><strong><em>σιν</em></strong></span> <span class='ocrx_word' id='word_1_108' title='bbox 239 1827 275 1897; x_wconf 78' lang='grc' dir='ltr'><strong><em>δέ</em></strong></span> <span class='ocrx_word' id='word_1_109' title='bbox 302 1829 357 1896; x_wconf 85' lang='grc' dir='ltr'><strong><em>καὶ</em></strong></span> <span class='ocrx_word' id='word_1_110' title='bbox 382 1831 478 1896; x_wconf 79' lang='grc' dir='ltr'><strong><em>δυοῖν</em></strong></span> <span class='ocrx_word' id='word_1_111' title='bbox 502 1825 560 1914; x_wconf 89' lang='grc' dir='ltr'><strong><em>ἀφ’</em></strong></span> <span class='ocrx_word' id='word_1_112' title='bbox 587 1824 628 1895; x_wconf 83' lang='grc' dir='ltr'><strong><em>οὗ</em></strong></span> <span class='ocrx_word' id='word_1_113' title='bbox 651 1831 874 1915; x_wconf 78' lang='grc' dir='ltr'><strong><em>τυγχάνουσιν</em></strong></span> <span class='ocrx_word' id='word_1_114' title='bbox 897 1828 1165 1916; x_wconf 79' lang='grc' dir='ltr'><strong><em>ἐγγεγραμμένοι,</em></strong></span> 
     </span>
    </p>
   </div>
   <div class='ocr_carea' id='block_1_6' title="bbox 130 1932 1166 3609">
    <p class='ocr_par' dir='ltr' id='par_1_6' title="bbox 130 1932 1166 3609">
     <span class='ocr_line' id='line_1_16' title="bbox 154 1932 1166 2020; baseline 0 -18"><span class='ocrx_word' id='word_1_115' title='bbox 154 1937 421 2020; x_wconf 84' lang='grc' dir='ltr'><strong><em>τετελευτηκότος</em></strong></span> <span class='ocrx_word' id='word_1_116' title='bbox 445 1932 481 2001; x_wconf 74' lang='grc' dir='ltr'><strong><em>δὲ</em></strong></span> <span class='ocrx_word' id='word_1_117' title='bbox 505 1933 559 2000; x_wconf 81' lang='grc' dir='ltr'><strong><em>καὶ</em></strong></span> <span class='ocrx_word' id='word_1_118' title='bbox 582 1943 643 2001; x_wconf 86' lang='grc' dir='ltr'><strong><em>τοῦ</em></strong></span> <span class='ocrx_word' id='word_1_119' title='bbox 665 1937 788 2020; x_wconf 88' lang='grc' dir='ltr'><strong><em>πατρὸς</em></strong></span> <span class='ocrx_word' id='word_1_120' title='bbox 809 1944 870 2001; x_wconf 86' lang='grc' dir='ltr'><strong><em>τοῦ</em></strong></span> <span class='ocrx_word' id='word_1_121' title='bbox 890 1934 1061 2020; x_wconf 74' lang='grc' dir='ltr'><strong><em>ἡμετέρου,</em></strong></span> <span class='ocrx_word' id='word_1_122' title='bbox 1084 1938 1166 2018; x_wconf 90' lang='grc' dir='ltr'><strong><em>πρὸς</em></strong></span> 
     </span>
     <span class='ocr_line' id='line_1_17' title="bbox 156 2036 1165 2126; baseline -0.002 -18"><span class='ocrx_word' id='word_1_123' title='bbox 156 2041 197 2108; x_wconf 87' lang='grc' dir='ltr'><strong><em>ὃν</em></strong></span> <span class='ocrx_word' id='word_1_124' title='bbox 219 2041 333 2118; x_wconf 77' lang='grc' dir='ltr'><strong><em>αὐτοῖς</em></strong></span> <span class='ocrx_word' id='word_1_125' title='bbox 355 2036 509 2125; x_wconf 79' lang='grc' dir='ltr'><strong><em>ἐγένονθ’</em></strong></span> <span class='ocrx_word' id='word_1_126' title='bbox 532 2042 570 2107; x_wconf 89' lang='grc' dir='ltr'><strong><em>αί</em></strong></span> <span class='ocrx_word' id='word_1_127' title='bbox 590 2041 785 2124; x_wconf 88' lang='grc' dir='ltr'><strong><em>ἀπαλλαγαί,</em></strong></span> <span class='ocrx_word' id='word_1_128' title='bbox 808 2039 863 2106; x_wconf 76' lang='grc' dir='ltr'><strong><em>καὶ</em></strong></span> <span class='ocrx_word' id='word_1_129' title='bbox 883 2053 950 2106; x_wconf 85' lang='grc' dir='ltr'><strong><em>τῶν</em></strong></span> <span class='ocrx_word' id='word_1_130' title='bbox 969 2043 1165 2126; x_wconf 90' lang='grc' dir='ltr'><strong><em>ἐπιτρόπων,</em></strong></span> 
     </span>
     <span class='ocr_line' id='line_1_18' title="bbox 156 2147 1166 2232; baseline 0.003 -20"><span class='ocrx_word' id='word_1_131' title='bbox 156 2151 192 2213; x_wconf 78' lang='grc' dir='ltr'><strong><em>οἳ</em></strong></span> <span class='ocrx_word' id='word_1_132' title='bbox 216 2148 296 2232; x_wconf 84' lang='grc' dir='ltr'><strong><em>μετά</em></strong></span> <span class='ocrx_word' id='word_1_133' title='bbox 323 2148 383 2213; x_wconf 86' lang='grc' dir='ltr'><strong><em>τὸν</em></strong></span> <span class='ocrx_word' id='word_1_134' title='bbox 409 2152 523 2213; x_wconf 86' lang='grc' dir='ltr'><strong><em>κείνου</em></strong></span> <span class='ocrx_word' id='word_1_135' title='bbox 549 2149 701 2213; x_wconf 86' lang='grc' dir='ltr'><strong><em>θάνατον</em></strong></span> <span class='ocrx_word' id='word_1_136' title='bbox 728 2159 795 2212; x_wconf 88' lang='grc' dir='ltr'><strong><em>τῶν</em></strong></span> <span class='ocrx_word' id='word_1_137' title='bbox 823 2147 989 2231; x_wconf 80' lang='grc' dir='ltr'><strong><em>ἡμετέρων</em></strong></span> <span class='ocrx_word' id='word_1_138' title='bbox 1012 2147 1166 2230; x_wconf 86' lang='grc' dir='ltr'><strong><em>ἐγένοντο</em></strong></span> 
     </span>
     <span class='ocr_line' id='line_1_19' title="bbox 155 2250 1162 2339; baseline 0.001 -22"><span class='ocrx_word' id='word_1_139' title='bbox 155 2253 280 2339; x_wconf 86' lang='grc' dir='ltr'><strong><em>κύριοι,</em></strong></span> <span class='ocrx_word' id='word_1_140' title='bbox 314 2250 368 2319; x_wconf 79' lang='grc' dir='ltr'><strong><em>καὶ</em></strong></span> <span class='ocrx_word' id='word_1_141' title='bbox 400 2263 458 2336; x_wconf 72' lang='grc' dir='ltr'><strong><em>τῆς</em></strong></span> <span class='ocrx_word' id='word_1_142' title='bbox 490 2251 616 2318; x_wconf 82' lang='grc' dir='ltr'><strong><em>ἑαυτῶν</em></strong></span> <span class='ocrx_word' id='word_1_143' title='bbox 649 2256 787 2338; x_wconf 85' lang='grc' dir='ltr'><strong><em>μητρός,</em></strong></span> <span class='ocrx_word' id='word_1_144' title='bbox 818 2253 889 2336; x_wconf 85' lang='grc' dir='ltr'><strong><em>ἡτις</em></strong></span> <span class='ocrx_word' id='word_1_145' title='bbox 917 2254 1044 2320; x_wconf 81' lang='grc' dir='ltr'><strong><em>ἅπαντα</em></strong></span> <span class='ocrx_word' id='word_1_146' title='bbox 1070 2253 1162 2319; x_wconf 88' lang='grc' dir='ltr'><strong><em>ταῦτ’</em></strong></span> 
     </span>
     <span class='ocr_line' id='line_1_20' title="bbox 155 2356 1166 2445; baseline 0.002 -22"><span class='ocrx_word' id='word_1_147' title='bbox 155 2358 245 2445; x_wconf 80' lang='grc' dir='ltr'><strong><em>ᾔδει,</em></strong></span> <span class='ocrx_word' id='word_1_148' title='bbox 276 2356 332 2424; x_wconf 81' lang='grc' dir='ltr'><strong><em>καὶ</em></strong></span> <span class='ocrx_word' id='word_1_149' title='bbox 364 2360 540 2442; x_wconf 89' lang='grc' dir='ltr'><strong><em>διαιτητῶν</em></strong></span> <span class='ocrx_word' id='word_1_150' title='bbox 567 2358 623 2424; x_wconf 80' lang='grc' dir='ltr'><strong><em>καὶ</em></strong></span> <span class='ocrx_word' id='word_1_151' title='bbox 651 2360 828 2443; x_wconf 85' lang='grc' dir='ltr'><strong><em>μαρτύρων</em></strong></span> <span class='ocrx_word' id='word_1_152' title='bbox 855 2357 910 2424; x_wconf 80' lang='grc' dir='ltr'><strong><em>καί</em></strong></span> <span class='ocrx_word' id='word_1_153' title='bbox 938 2361 1071 2424; x_wconf 87' lang='grc' dir='ltr'><strong><em>πάντων</em></strong></span> <span class='ocrx_word' id='word_1_154' title='bbox 1098 2372 1166 2426; x_wconf 86' lang='grc' dir='ltr'><strong><em>τῶν</em></strong></span> 
     </span>
     <span class='ocr_line' id='line_1_21' title="bbox 156 2463 1165 2551; baseline 0 -21"><span class='ocrx_word' id='word_1_155' title='bbox 156 2468 319 2530; x_wconf 89' lang='grc' dir='ltr'><strong><em>πλείστων</em></strong></span> <span class='ocrx_word' id='word_1_156' title='bbox 346 2465 390 2541; x_wconf 82' lang='grc' dir='ltr'><strong><em>ὡς</em></strong></span> <span class='ocrx_word' id='word_1_157' title='bbox 419 2466 538 2544; x_wconf 81' lang='grc' dir='ltr'><strong><em>εἰπεῖν,</em></strong></span> <span class='ocrx_word' id='word_1_158' title='bbox 566 2466 627 2547; x_wconf 91' lang='grc' dir='ltr'><strong><em>τὴν</em></strong></span> <span class='ocrx_word' id='word_1_159' title='bbox 654 2463 816 2549; x_wconf 74' lang='grc' dir='ltr'><strong><em>ἡμετέραν</em></strong></span> <span class='ocrx_word' id='word_1_160' title='bbox 844 2464 995 2551; x_wconf 86' lang='grc' dir='ltr'><strong><em>ἀπειρίαν</em></strong></span> <span class='ocrx_word' id='word_1_161' title='bbox 1022 2464 1077 2531; x_wconf 81' lang='grc' dir='ltr'><strong><em>καὶ</em></strong></span> <span class='ocrx_word' id='word_1_162' title='bbox 1104 2469 1165 2549; x_wconf 92' lang='grc' dir='ltr'><strong><em>τὴν</em></strong></span> 
     </span>
     <span class='ocr_line' id='line_1_22' title="bbox 156 2569 1164 2656; baseline -0.001 -19"><span class='ocrx_word' id='word_1_163' title='bbox 156 2570 189 2650; x_wconf 81' lang='grc' dir='ltr'><strong><em>ἐξ</em></strong></span> <span class='ocrx_word' id='word_1_164' title='bbox 217 2571 361 2654; x_wconf 82' lang='grc' dir='ltr'><strong><em>ἀνάγκης</em></strong></span> <span class='ocrx_word' id='word_1_165' title='bbox 387 2571 527 2652; x_wconf 86' lang='grc' dir='ltr'><strong><em>άγνοιαν</em></strong></span> <span class='ocrx_word' id='word_1_166' title='bbox 555 2581 622 2635; x_wconf 87' lang='grc' dir='ltr'><strong><em>τῶν</em></strong></span> <span class='ocrx_word' id='word_1_167' title='bbox 649 2569 889 2656; x_wconf 86' lang='grc' dir='ltr'><strong><em>πεπραγμένων</em></strong></span> <span class='ocrx_word' id='word_1_168' title='bbox 912 2571 1049 2656; x_wconf 81' lang='grc' dir='ltr'><strong><em>ἕρμαιον</em></strong></span> <span class='ocrx_word' id='word_1_169' title='bbox 1072 2577 1164 2656; x_wconf 82' lang='grc' dir='ltr'><strong><em>νομί·</em></strong></span> 
     </span>
     <span class='ocr_line' id='line_1_23' title="bbox 156 2674 1164 2762; baseline 0.002 -20"><span class='ocrx_word' id='word_1_170' title='bbox 156 2693 272 2754; x_wconf 90' lang='grc' dir='ltr'><strong><em>σαντες</em></strong></span> <span class='ocrx_word' id='word_1_171' title='bbox 300 2674 440 2759; x_wconf 83' lang='grc' dir='ltr'><strong><em>ἑαυτῶν,</em></strong></span> <span class='ocrx_word' id='word_1_172' title='bbox 472 2677 530 2752; x_wconf 87' lang='grc' dir='ltr'><strong><em>τὰς</em></strong></span> <span class='ocrx_word' id='word_1_173' title='bbox 558 2679 651 2753; x_wconf 88' lang='grc' dir='ltr'><strong><em>δίκας</em></strong></span> <span class='ocrx_word' id='word_1_174' title='bbox 678 2676 757 2762; x_wconf 77' lang='grc' dir='ltr'><strong><em>ἡμῖν</em></strong></span> <span class='ocrx_word' id='word_1_175' title='bbox 785 2680 903 2762; x_wconf 80' lang='grc' dir='ltr'><strong><em>ἔλαχον</em></strong></span> <span class='ocrx_word' id='word_1_176' title='bbox 929 2683 1081 2762; x_wconf 87' lang='grc' dir='ltr'><strong><em>ταυτασί,</em></strong></span> <span class='ocrx_word' id='word_1_177' title='bbox 1110 2678 1164 2745; x_wconf 81' lang='grc' dir='ltr'><strong><em>καὶ</em></strong></span> 
     </span>
     <span class='ocr_line' id='line_1_24' title="bbox 130 2779 1164 2869; baseline 0.006 -26"><span class='ocrx_word' id='word_1_178' title='bbox 130 2785 258 2865; x_wconf 84' lang='grc' dir='ltr'><strong><em>τλόγον</em></strong></span> <span class='ocrx_word' id='word_1_179' title='bbox 282 2782 357 2847; x_wconf 79' lang='grc' dir='ltr'><strong><em>οὔτε</em></strong></span> <span class='ocrx_word' id='word_1_180' title='bbox 381 2782 511 2846; x_wconf 87' lang='grc' dir='ltr'><strong><em>δίκαιον</em></strong></span> <span class='ocrx_word' id='word_1_181' title='bbox 534 2779 604 2846; x_wconf 81' lang='grc' dir='ltr'><strong><em>οὔτ’</em></strong></span> <span class='ocrx_word' id='word_1_182' title='bbox 627 2781 750 2864; x_wconf 77' lang='grc' dir='ltr'><strong><em>ἐπιεικῆ</em></strong></span> <span class='ocrx_word' id='word_1_183' title='bbox 769 2787 913 2866; x_wconf 88' lang='grc' dir='ltr'><strong><em>τολμῶσι</em></strong></span> <span class='ocrx_word' id='word_1_184' title='bbox 931 2782 1048 2867; x_wconf 89' lang='grc' dir='ltr'><strong><em>λέγειν.</em></strong></span> <span class='ocrx_word' id='word_1_185' title='bbox 1081 2784 1164 2869; x_wconf 80' lang='grc' dir='ltr'><strong><em>φασὶ</em></strong></span> 
     </span>
     <span class='ocr_line' id='line_1_25' title="bbox 155 2883 1163 2976; baseline 0.003 -23"><span class='ocrx_word' id='word_1_186' title='bbox 155 2890 219 2972; x_wconf 89' lang='grc' dir='ltr'><strong><em>γάρ</em></strong></span> <span class='ocrx_word' id='word_1_187' title='bbox 251 2889 311 2953; x_wconf 89' lang='grc' dir='ltr'><strong><em>οὐκ</em></strong></span> <span class='ocrx_word' id='word_1_188' title='bbox 343 2887 530 2953; x_wconf 82' lang='grc' dir='ltr'><strong><em>ἀποδόσθαι</em></strong></span> <span class='ocrx_word' id='word_1_189' title='bbox 562 2888 601 2952; x_wconf 87' lang='grc' dir='ltr'><strong><em>τά</em></strong></span> <span class='ocrx_word' id='word_1_190' title='bbox 635 2886 757 2976; x_wconf 72' lang='grc' dir='ltr'><strong><em>πατρῷ’</em></strong></span> <span class='ocrx_word' id='word_1_191' title='bbox 789 2883 837 2954; x_wconf 80' lang='grc' dir='ltr'><strong><em>ὧν</em></strong></span> <span class='ocrx_word' id='word_1_192' title='bbox 870 2889 1056 2972; x_wconf 63' lang='grc' dir='ltr'><strong><em>ἐκομίζοντο</em></strong></span> <span class='ocrx_word' id='word_1_193' title='bbox 1086 2915 1163 2976; x_wconf 91' lang='grc' dir='ltr'><strong><em>χρη-</em></strong></span> 
     </span>
     <span class='ocr_line' id='line_1_26' title="bbox 156 2990 1163 3080; baseline 0 -20"><span class='ocrx_word' id='word_1_194' title='bbox 156 2997 284 3080; x_wconf 87' lang='grc' dir='ltr'><strong><em>μάτων,</em></strong></span> <span class='ocrx_word' id='word_1_195' title='bbox 311 2990 384 3059; x_wconf 87' lang='grc' dir='ltr'><strong><em>οὐδ’</em></strong></span> <span class='ocrx_word' id='word_1_196' title='bbox 414 2992 597 3076; x_wconf 83' lang='grc' dir='ltr'><strong><em>ἀποστῆναι</em></strong></span> <span class='ocrx_word' id='word_1_197' title='bbox 624 3004 690 3058; x_wconf 84' lang='grc' dir='ltr'><strong><em>τῶν</em></strong></span> <span class='ocrx_word' id='word_1_198' title='bbox 718 2995 840 3077; x_wconf 85' lang='grc' dir='ltr'><strong><em>όντων,</em></strong></span> <span class='ocrx_word' id='word_1_199' title='bbox 869 2990 939 3059; x_wconf 89' lang='grc' dir='ltr'><strong><em>ἀλλ’</em></strong></span> <span class='ocrx_word' id='word_1_200' title='bbox 970 2991 1021 3061; x_wconf 87' lang='grc' dir='ltr'><strong><em>ὅσ’</em></strong></span> <span class='ocrx_word' id='word_1_201' title='bbox 1051 2996 1163 3074; x_wconf 82' lang='grc' dir='ltr'><strong><em>αὐτοῖς</em></strong></span> 
     </span>
     <span class='ocr_line' id='line_1_27' title="bbox 156 3096 1158 3185; baseline 0 -18"><span class='ocrx_word' id='word_1_202' title='bbox 156 3104 358 3184; x_wconf 88' lang='grc' dir='ltr'><strong><em>κατελείφθη</em></strong></span> <span class='ocrx_word' id='word_1_203' title='bbox 382 3098 461 3184; x_wconf 86' lang='grc' dir='ltr'><strong><em>χρέα</em></strong></span> <span class='ocrx_word' id='word_1_204' title='bbox 484 3096 539 3164; x_wconf 80' lang='grc' dir='ltr'><strong><em>καὶ</em></strong></span> <span class='ocrx_word' id='word_1_205' title='bbox 563 3100 662 3182; x_wconf 85' lang='grc' dir='ltr'><strong><em>σκεύη</em></strong></span> <span class='ocrx_word' id='word_1_206' title='bbox 686 3096 740 3163; x_wconf 82' lang='grc' dir='ltr'><strong><em>καὶ</em></strong></span> <span class='ocrx_word' id='word_1_207' title='bbox 764 3100 849 3176; x_wconf 82' lang='grc' dir='ltr'><strong><em>ὅλως</em></strong></span> <span class='ocrx_word' id='word_1_208' title='bbox 870 3104 1034 3185; x_wconf 80' lang='grc' dir='ltr'><strong><em>χρήματα,</em></strong></span> <span class='ocrx_word' id='word_1_209' title='bbox 1061 3101 1158 3167; x_wconf 88' lang='grc' dir='ltr'><strong><em>ταῦθ’</em></strong></span> 
     </span>
     <span class='ocr_line' id='line_1_28' title="bbox 156 3199 1161 3292; baseline -0.002 -18"><span class='ocrx_word' id='word_1_210' title='bbox 156 3207 282 3274; x_wconf 86' lang='grc' dir='ltr'><strong><em>ἑαυτῶν</em></strong></span> <span class='ocrx_word' id='word_1_211' title='bbox 308 3209 493 3288; x_wconf 86' lang='grc' dir='ltr'><strong><em>γίγνεσθαι.</em></strong></span> <span class='ocrx_word' id='word_1_212' title='bbox 540 3203 602 3288; x_wconf 82' lang='grc' dir='ltr'><strong><em>ἐγὼ</em></strong></span> <span class='ocrx_word' id='word_1_213' title='bbox 632 3199 662 3268; x_wconf 88' lang='grc' dir='ltr'><strong><em>δ’</em></strong></span> <span class='ocrx_word' id='word_1_214' title='bbox 693 3200 756 3270; x_wconf 79' lang='grc' dir='ltr'><strong><em>οἶδ’</em></strong></span> <span class='ocrx_word' id='word_1_215' title='bbox 784 3205 914 3271; x_wconf 86' lang='grc' dir='ltr'><strong><em>ἀκούων</em></strong></span> <span class='ocrx_word' id='word_1_216' title='bbox 942 3207 992 3272; x_wconf 83' lang='grc' dir='ltr'><strong><em>ὅτι</em></strong></span> <span class='ocrx_word' id='word_1_217' title='bbox 1018 3209 1079 3292; x_wconf 89' lang='grc' dir='ltr'><strong><em>τὴν</em></strong></span> <span class='ocrx_word' id='word_1_218' title='bbox 1107 3209 1161 3273; x_wconf 87' lang='grc' dir='ltr'><strong><em>οὐ-</em></strong></span> 
     </span>
     <span class='ocr_line' id='line_1_29' title="bbox 154 3308 1160 3400; baseline -0.002 -20"><span class='ocrx_word' id='word_1_219' title='bbox 154 3318 231 3380; x_wconf 90' lang='grc' dir='ltr'><strong><em>σίαν</em></strong></span> <span class='ocrx_word' id='word_1_220' title='bbox 260 3313 463 3394; x_wconf 76' lang='grc' dir='ltr'><strong><em>Ξενοπείθης</em></strong></span> <span class='ocrx_word' id='word_1_221' title='bbox 494 3308 548 3376; x_wconf 81' lang='grc' dir='ltr'><strong><em>καὶ</em></strong></span> <span class='ocrx_word' id='word_1_222' title='bbox 576 3312 809 3395; x_wconf 83' lang='grc' dir='ltr'><strong><em>Ναυσικράτης</em></strong></span> <span class='ocrx_word' id='word_1_223' title='bbox 840 3312 970 3378; x_wconf 85' lang='grc' dir='ltr'><strong><em>άπασαν</em></strong></span> <span class='ocrx_word' id='word_1_224' title='bbox 1001 3313 1080 3400; x_wconf 86' lang='grc' dir='ltr'><strong><em>χρέα</em></strong></span> <span class='ocrx_word' id='word_1_225' title='bbox 1107 3338 1160 3378; x_wconf 90' lang='grc' dir='ltr'><strong><em>κα-</em></strong></span> 
     </span>
     <span class='ocr_line' id='line_1_30' title="bbox 153 3415 1159 3504; baseline 0.001 -20"><span class='ocrx_word' id='word_1_226' title='bbox 153 3419 302 3501; x_wconf 86' lang='grc' dir='ltr'><strong><em>τέλιπον,</em></strong></span> <span class='ocrx_word' id='word_1_227' title='bbox 326 3416 380 3483; x_wconf 81' lang='grc' dir='ltr'><strong><em>καὶ</em></strong></span> <span class='ocrx_word' id='word_1_228' title='bbox 404 3418 554 3502; x_wconf 91' lang='grc' dir='ltr'><strong><em>φανεράν</em></strong></span> <span class='ocrx_word' id='word_1_229' title='bbox 577 3415 748 3501; x_wconf 81' lang='grc' dir='ltr'><strong><em>ἐκέκτηντο</em></strong></span> <span class='ocrx_word' id='word_1_230' title='bbox 771 3419 892 3504; x_wconf 88' lang='grc' dir='ltr'><strong><em>μικράν</em></strong></span> <span class='ocrx_word' id='word_1_231' title='bbox 914 3439 1002 3485; x_wconf 88' lang='grc' dir='ltr'><strong><em>τινα·</em></strong></span> <span class='ocrx_word' id='word_1_232' title='bbox 1030 3422 1159 3500; x_wconf 89' lang='grc' dir='ltr'><strong><em>είσπρα-</em></strong></span> 
     </span>
     <span class='ocr_line' id='line_1_31' title="bbox 155 3518 1158 3609; baseline 0.004 -22"><span class='ocrx_word' id='word_1_233' title='bbox 155 3521 302 3606; x_wconf 88' lang='grc' dir='ltr'><strong><em>χθέυτων</em></strong></span> <span class='ocrx_word' id='word_1_234' title='bbox 326 3518 363 3588; x_wconf 75' lang='grc' dir='ltr'><strong><em>δέ</em></strong></span> <span class='ocrx_word' id='word_1_235' title='bbox 386 3534 452 3588; x_wconf 92' lang='grc' dir='ltr'><strong><em>τῶν</em></strong></span> <span class='ocrx_word' id='word_1_236' title='bbox 476 3533 582 3607; x_wconf 91' lang='grc' dir='ltr'><strong><em>χρεῶν</em></strong></span> <span class='ocrx_word' id='word_1_237' title='bbox 605 3527 663 3589; x_wconf 90' lang='grc' dir='ltr'><strong><em>καί</em></strong></span> <span class='ocrx_word' id='word_1_238' title='bbox 682 3547 783 3589; x_wconf 91' lang='grc' dir='ltr'><strong><em>τινων</em></strong></span> <span class='ocrx_word' id='word_1_239' title='bbox 807 3537 934 3590; x_wconf 89' lang='grc' dir='ltr'><strong><em>σκευῶν</em></strong></span> <span class='ocrx_word' id='word_1_240' title='bbox 954 3523 1158 3609; x_wconf 88' lang='grc' dir='ltr'><strong><em>πραθέντων,</em></strong></span> 
     </span>
    </p>
   </div>
   <div class='ocr_carea' id='block_1_7' title="bbox 0 2 1312 3910">
    <p class='ocr_par' dir='ltr' id='par_1_7' title="bbox 0 2 1312 3910">
     <span class='ocr_line' id='line_1_32' title="bbox 0 2 1312 3910; baseline 0 0"><span class='ocrx_word' id='word_1_241' title='bbox 0 2 1312 3910; x_wconf 95' lang='lat' dir='ltr'><strong><em> </em></strong></span> 
     </span>
    </p>
   </div>
  </div>
 </body>
</html>
