2612 3918
495 188 589 239 ΚΑΤΑ
606 187 768 241 ΜΕΙΔΙΟΤ.
1095 186 1138 250 75

125 344 167 412 διν
191 349 275 430 ἔχων
299 348 403 411 εἰπεῖν
426 349 474 412 ἐτι
497 345 551 412 καὶ
575 347 631 412 διὰ
651 346 774 424 πολλὰς
792 349 975 432 προφάσεις
995 347 1138 432 ἐχθροὺς

124 450 367 537 γεγενημένους
381 450 546 535 ἀλλήλοις,
560 450 683 517 ούδέυα
695 449 819 517 πώποτ’
838 445 908 517 οὔτ’
925 450 1038 535 ἀκήκο’
1056 449 1133 518 οὔθ’

125 557 247 643 ἑόρακα
270 557 360 632 ὅστις
383 558 430 632 είς
451 565 613 622 τοσοῦτον
635 551 714 640 ἦλθ’
735 556 863 640 ὕβρεως
883 557 966 623 ὥστε
985 559 1139 623 τοιοῦτόν

124 687 158 728 τι
184 673 302 728 ποιεῖν.
348 660 431 728 οὐδέ
452 659 484 745 γ’
511 661 617 727 ἐκεῖνο
641 659 753 740 οὐδεὶς
774 662 869 746 ὑμῶν
892 659 957 729 οἶδ’
984 664 1035 729 ὄτι
1057 688 1139 748 μνη-

22 751 23 758 Ὶ
125 770 260 854 μονεύει
283 770 456 854 πρότερον,
479 778 547 834 τῶν
569 766 622 833 ἐπὶ
645 779 715 846 τοῖς
738 770 837 846 ίδίοις
860 768 880 853 ή
904 767 959 834 καὶ
980 779 1050 846 τοῖς
1070 792 1139 834 κοι-

124 887 198 952 νοῖς
226 873 358 960 ἐχθρῶν
384 873 541 958 ἀλλήλοις
567 873 705 958 οὐδένα,
734 875 810 940 ούτε
835 873 1051 958 καλουμένων
1072 885 1141 940 τῶν

125 991 249 1065 κριτῶν
271 982 507 1065 παρεστηκότα,
533 977 610 1044 οὔθ’
633 980 713 1046 ὅταν
735 981 906 1066 ὀμνύωσιν
928 979 1139 1065 ἐξορκοῦντα,

126 1083 205 1152 οὔθ’
233 1086 317 1163 ὅλως
344 1082 394 1151 ἐπ’
422 1082 538 1152 οὐδενὶ
563 1097 632 1151 τῶν
658 1086 820 1152 τοιούτων
847 1085 971 1171 ἐχθρὸν
998 1085 1107 1166 ἐξεταζ
1126 1125 1140 1136 -

85 1209 113 1250 ⁶⁶
126 1214 239 1277 μενον.
288 1176 404 1257 ταῦτα
423 1193 486 1274 γὰρ
518 1190 626 1257 πάντα
656 1189 713 1258 καὶ
743 1194 783 1257 τὰ
812 1186 937 1257 τοιαῦτ’
967 1186 994 1256 ὦ
1021 1193 1141 1274 ἄνδρες

124 1292 312 1381 Ἀθηναῖοι,
350 1299 522 1384 φιλονικίᾳ
557 1292 619 1382 μὲν
654 1295 846 1382 ὑπαχθέντα
882 1299 1027 1383 χορηγὸν
1059 1299 1141 1363 ὄντα

126 1415 237 1469 ποιεῖν
258 1405 325 1488 ἐχει
347 1404 423 1469 τινὰ
444 1404 660 1488 συγγνώμην·
684 1406 791 1490 ἔχθρᾳ
811 1401 843 1469 δ’
865 1403 1048 1470 ἐλαύνοντά
1065 1427 1141 1468 τινα

127 1509 164 1576 ἐκ
182 1507 405 1595 προαιρέσεως
422 1502 477 1593 ἐφ’
494 1509 607 1592 όίπασι,
625 1506 681 1574 καὶ
696 1510 759 1592 τήν
773 1511 863 1576 ἰδίαν
878 1509 1024 1594 δύναμιν
1037 1511 1141 1594 κρείτ-

127 1639 174 1680 τω
201 1625 269 1680 τῶν
291 1617 405 1699 νόμων
428 1609 535 1680 οὖσαν
558 1614 830 1700 ἐνδεικνύμενον,
857 1612 1031 1701 Ἡράκλεις
1053 1617 1141 1700 βαρὺ

127 1719 225 1805 κούχὶ
248 1722 378 1787 δίκαιόν
400 1718 491 1786 ἐστιν
513 1716 594 1786 ούδέ
612 1719 785 1806 συμφέρον
802 1721 892 1806 ύμῖν.
929 1723 962 1786 εί
977 1722 1041 1806 γὰρ
1060 1719 1194 1786 ἑκά-536

127 1844 195 1915 στφ
222 1837 290 1892 τῶν
316 1837 470 1912 χορηγῶν
495 1834 594 1892 τοῦτο
617 1826 788 1912 πρόδηλον
809 1826 955 1910 γένοιτο,
984 1826 1034 1894 δτι
1058 1824 1141 1891 δυδ

129 1929 212 1998 δεῖν’
234 1930 355 2017 ἐχθρὸς
376 1922 399 2018 ή
421 1953 489 2017 μοι,
508 1933 654 2009 Μειδίας
674 1933 696 2016 ή
719 1956 769 2009 τις
787 1933 887 2010 όίλλος
904 1936 1036 2020 θρασὺς
1054 1931 1141 1997 οὕτω

127 2036 185 2104 καλ
211 2037 383 2120 πλούσιος,
410 2047 544 2122 πρῶτον
571 2034 632 2122 μὲν
657 2036 927 2124 ἀφαιρεθήσομαι
949 2040 1010 2123 τήν
1032 2041 1142 2120 νίκην,

128 2142 192 2210 κᾶν
211 2144 349 2228 ἄμεινον
366 2141 584 2228 ἀγωνίσωμαί
598 2167 699 2226 τινος,
719 2142 819 2209 ἔπειτ’
840 2139 893 2228 ἐφ’
910 2144 1033 2210 ἅπασιν
1051 2144 1143 2210 ἐλατ-

128 2252 323 2336 τωθήσομαι
350 2247 406 2314 καὶ
432 2251 756 2334 προπηλακιζόμενος
783 2251 938 2333 διατελῶ,
965 2253 1015 2327 τίς
1037 2250 1143 2328 οὕτως

129 2355 303 2439 ἀλόγιστος
323 2354 344 2439 ἢ
362 2357 412 2431 τίς
430 2355 549 2432 ἄθλιός
567 2353 668 2437 ἐστιν,
692 2356 782 2432 ὅστις
801 2353 886 2420 ἑκὼν
904 2352 946 2419 ἂν
964 2357 1044 2438 μίαν
1063 2357 1143 2441 δρα·

88 2481 114 2520 ετ
128 2461 217 2546 χμήν
240 2460 431 2545 ἐθελήσειεν
454 2460 637 2539 ἀναλῶσαις
669 2457 780 2536 οὐδεὶς
803 2461 928 2554 δήπου,
951 2458 1022 2525 ἀλλ’
1050 2457 1143 2546 οἶμαι

127 2569 166 2632 τὸ
197 2566 323 2642 πάντας
353 2573 475 2631 ποιοῦν
505 2564 560 2631 καὶ
591 2563 923 2650 φιλοτιμεῖσθαι-καὶ
952 2565 1143 2633 ἀναλίσκειν

129 2671 260 2739 ἐθέλειν
287 2668 385 2737 ἐκεῖν’
412 2671 518 2755 ἐστίν,
546 2671 597 2738 ὅτι
623 2683 691 2737 τῶν
719 2677 802 2737 ῖσων
829 2669 884 2736 καὶ
912 2683 979 2736 τῶν
1004 2674 1143 2739 δικαίων

32 2766 33 2772 ¹
129 2777 267 2854 ἕκαστος
296 2775 423 2860 ἡγεῖται
450 2775 555 2867 ἑαυτῷ
584 2787 728 2863 μετεῖναι
756 2776 794 2843 ἐν
821 2779 1031 2866 δημοκρατία.
1078 2778 1142 2862 ἐγὼ

128 2887 246 2950 τοίνυν
265 2878 291 2949 ὦ
310 2883 430 2968 ἄνδρες
445 2876 618 2968 Ἀθηναῖοι
635 2884 764 2948 τούτων
782 2882 844 2949 οὐκ
862 2885 980 2969 ἔτυχον
998 2887 1054 2951 διὰ
1066 2895 1143 2952 τοῦ·

129 3013 199 3073 τον,
224 2988 307 3055 ἀλλὰ
329 2986 430 3074 χωρὶς
450 2982 498 3054 ὧν
515 2988 695 3075 ὑβρίσθην,
719 2986 773 3053 καὶ
792 2999 850 3073 τῆς
867 2992 962 3074 νίκης
979 3008 1143 3074 προσαπε-

130 3096 307 3181 στερήθην.
337 3098 444 3161 καίτοι
462 3103 564 3160 πᾶσιν
582 3094 663 3180 ὑμῖν
682 3094 746 3177 ἐγὼ
762 3098 888 3178 [τοῦτο]
906 3095 1002 3174 δειῖω
1017 3107 1143 3180 σαφῶς,

130 3201 181 3267 ότι
211 3197 316 3286 μηδέυ
343 3197 478 3283 ἀσελγὲς
505 3199 582 3285 ἐξῆν
609 3209 763 3266 ποιοῦντι
788 3202 916 3288 Μειδίᾳ
942 3198 1019 3286 μηδ’
1049 3201 1144 3288 ύβρί·

132 3309 219 3385 ζοντι
251 3303 334 3392 μηδὲ
360 3307 533 3390 τύπτοντι,
564 3305 620 3373 καὶ
647 3312 764 3373 λυπεῖν
791 3304 848 3392 ἐμέ
875 3305 930 3372 καὶ
957 3308 1038 3373 κατὰ
1064 3311 1143 3386 τοὺς

130 3415 256 3497 νόμους
279 3411 368 3500 αὐτῷ
392 3416 639 3497 φιλοτιμεῖσθαι
664 3413 747 3497 πρὸς
767 3412 864 3498 ὑμᾶς,
887 3411 943 3478 καὶ
965 3410 1049 3498 μηδὲ
1072 3414 1144 3480 διᾶ-

89 3536 117 3578 οε
131 3541 189 3600 ραι
209 3515 286 3605 περὶ
308 3517 412 3584 αὐτοῦ
434 3519 471 3584 τὸ
495 3515 589 3604 στόμ’
616 3521 703 3604 ἐχειν
726 3518 790 3603 ἐμέ.
832 3518 931 3603 ἐχρήν
953 3519 1017 3604 γὰρ
1041 3519 1144 3584 αὐτὸν
