2644 4182
472 395 570 448 ΠΡΟΣ
588 397 790 450 AEHTINHN.
1095 393 1139 458 39
1235 393 1238 397 ’

125 577 158 618 τι
191 554 312 632 αὐτοῖς.
363 555 382 620 ὁ
409 556 472 641 γάρ
501 555 575 634 ἀξια
602 565 660 639 τῆς
687 556 833 634 ἀτελείας
858 551 897 622 εὖ
924 555 1139 640 πεποιηκέναι

127 659 227 739 δόξας
248 658 304 725 καὶ
326 663 450 746 ταύτην
472 657 550 744 παρ’
571 662 666 746 ὑμῶν
689 662 801 746 λαβὼν
823 664 885 745 την
902 663 1001 746 τιμὴν
1019 666 1138 747 μόνην,

127 764 148 848 ἢ
171 764 264 845 ξένος
286 765 306 851 ἢ
329 771 387 832 καί
407 791 456 844 τις
478 771 627 852 πολίτης,
654 768 789 833 έπειάἀν
812 768 980 855 ἀφαιρεθη
1002 769 1138 851 ταύτην,

127 869 192 935 τίν’
218 874 285 956 ἔχει
307 874 427 956 λοιπὴν
450 874 594 956 δωρειάν
613 878 775 959 Λεπτίνης
800 874 969 959 οὐδεμίαν.
1005 875 1049 958 μὴ
1073 877 1139 939 τοί-

127 999 193 1042 νυν
221 977 276 1042 διὰ
302 972 364 1062 μέν
391 988 451 1045 τοῦ
478 980 583 1045 τῶνδε
608 990 805 1064 κατηγορεῖν
828 980 873 1057 ὡς
895 981 1036 1063 φαύλων
1059 979 1140 1045 έκεί-

127 1105 210 1158 νους
237 1083 397 1169 ἀφαιροῦ,
426 1082 471 1149 δι’
498 1084 518 1149 ἀ
549 1083 579 1150 θ’
606 1079 650 1151 αὖ
676 1087 884 1150 καταλείπειν
912 1085 1050 1161 ἐκείνοις
1077 1088 1140 1169 φη-

128 1203 212 1271 σεις,
240 1188 355 1255 τούσδ’
385 1189 404 1256 δ
432 1193 538 1275 μόνον
564 1193 723 1275 λαβόντες
749 1192 877 1275 έχουσι,
904 1185 994 1257 τοῦτ’
1024 1189 1139 1275 ἀφέλη.

71 1317 114 1356 ιιι
129 1293 174 1369 ὡς
202 1290 232 1358 θ’
259 1293 368 1371 άπλῶς
395 1297 514 1378 είπελν,
542 1296 605 1362 οὐκ
632 1297 664 1362 εί
687 1307 755 1362 τῶν
781 1296 916 1361 πάντων
939 1294 1140 1380 ἀδικήσομέν

128 1397 192 1464 τιν’
219 1399 240 1484 η
267 1395 388 1485 μείζον’
414 1401 435 1486 ἣ
461 1401 634 1484 έλάττονα,
663 1403 776 1467 δεινόν
799 1401 905 1484 ἐστιν,
933 1396 1004 1468 ἀλλ’
1031 1405 1063 1469 εί
1082 1403 1141 1480 τὰς

127 1507 234 1590 τιμάς,
258 1498 310 1583 αἷς
328 1505 370 1571 ἀν
388 1505 459 1572 ἀντ’
481 1502 519 1572 εὖ
537 1505 728 1592 ποιήσωμέν
744 1531 848 1583 τινας,
867 1507 1026 1585 ἀπίστους
1043 1531 1141 1574 κατα-

130 1615 307 1696 στήσομεν·
331 1610 404 1678 οάδ’
427 1612 446 1678 ό
468 1617 621 1689 πλεῖστος
643 1616 753 1697 ἔμοιγε
776 1615 875 1696 λόγος
896 1612 972 1695 περὶ
994 1623 1051 1698 τῆς
1069 1614 1140 1680 ἀτε-

130 1721 220 1795 λείας
248 1718 352 1800 έστίν,
380 1712 452 1784 ἀλλ’
477 1715 561 1803 ὑπὲρ
587 1727 649 1784 τοῦ
675 1720 825 1802 πονηρὸν
853 1721 932 1796 ἔθος
954 1722 1014 1786 τὸν
1034 1722 1141 1805 νόμον

129 1825 276 1907 εἰσάγειν
294 1821 350 1888 καὶ
367 1833 532 1906 τοιοῦτον,
553 1821 596 1889 δι’
620 1819 661 1888 οὗ
678 1821 775 1889 πάντ’
792 1824 913 1889 ἀπιστα
932 1823 982 1890 ὅσ’
999 1824 1018 1891 ό
1038 1826 1142 1910 δῆμος

131 1931 270 1996 δίδωσιν
293 1932 393 1995 ἔσται.

74 2061 115 2101 ιιι
211 2034 271 2101 Ὃν
298 2038 414 2101 τοίνυν
440 2038 707 2121 κακουργότατον
733 2042 860 2102 οίονται
883 2040 985 2121 λόγον
1008 2036 1141 2124 εὑρηκέ-

129 2167 187 2209 ναι
209 2144 291 2228 πρὸς
313 2144 351 2209 τὸ
373 2143 431 2219 τάς
453 2141 600 2218 ἀτελείας
617 2142 702 2226 ὑμᾶς
721 2139 906 2226 ἀφελέσθαι
922 2154 1044 2225 πείσαι,
1068 2145 1141 2227 βέλ-

129 2251 203 2314 τιόν
234 2248 303 2313 έστι
334 2258 520 2331 προειπεῖν,
556 2247 613 2311 ἴνα
644 2249 689 2330 μὴ
722 2244 838 2332 λάθητ’
873 2247 1141 2332 ἐξαπατηθέντες.

130 2351 242 2439 έροῦσ’
269 2353 320 2417 ὅτι
342 2347 441 2417 ταῦθ’
468 2354 567 2436 ίερῶν
590 2351 680 2417 ἐστιν
702 2352 831 2418 ἅπαντα
853 2352 1081 2439 τάναλώμαθ’,
1105 2355 1144 2420 αί

130 2463 283 2545 χορηγίαι
309 2455 364 2523 καὶ
392 2460 430 2523 αί
452 2461 721 2542 γυμνασιαρχίαι·
758 2459 871 2523 δεινὸν
899 2454 977 2541 οὖν,
1009 2462 1041 2526 εἰ
1065 2471 1132 2526 τῶν
1141 2474 1193 2523 49⁶

132 2567 232 2649 ίερῶυ
261 2565 377 2647 άτελης
403 2587 453 2641 τις
479 2565 693 2647 ἀφεθήσεται.
739 2563 803 2647 ἐγὼ
831 2561 868 2629 δέ
894 2567 931 2632 τὸ
954 2565 1016 2648 μέν
1037 2589 1141 2648 τινας,

132 2664 183 2749 οἷς
205 2670 223 2736 ό
242 2671 346 2755 δῆμος
364 2666 475 2752 ἔδωκ’,
499 2668 623 2745 ἀτελεῖς
640 2665 726 2735 εἶναι
745 2670 874 2734 τούτων
892 2671 1023 2736 δίκαιον
1041 2670 1142 2756 ἡγοῦ-

131 2801 205 2862 μαι,
232 2775 252 2843 ὃ
280 2772 318 2842 δέ
344 2785 409 2840 νῦν
437 2770 530 2840 οὗτοι
556 2777 771 2858 ποιήσουσιν,
800 2774 858 2840 έάν
883 2776 948 2861 ἀρα
970 2785 1072 2842 ταῦτα
1091 2776 1142 2842 λέ-

75 2907 117 2948 ιιι
131 2899 232 2966 γωσι,
262 2875 352 2946 τοῦτ’
383 2875 469 2947 εἶναι
502 2880 615 2945 δεινὸν
645 2883 776 2964 νομίζω.
822 2882 854 2946 εί
882 2882 946 2965 γὰρ
978 2881 1000 2946 ἀ
1032 2885 1140 2966 [κατὰ]

132 2986 246 3075 μηδέν’
269 2990 372 3054 ἀλλον
394 2991 508 3073 έχουσι
530 2991 655 3072 τρόπον
679 2987 783 3067 δεῖξαι
807 2988 937 3054 δίκαιον
955 2988 1040 3073 ὑμᾶς
1062 2990 1142 3073 ἀφε-

132 3095 266 3178 λέσθαι,
293 3091 385 3160 ταῦτ’
413 3092 465 3159 ἐπὶ
487 3101 533 3181 τῷ
555 3103 623 3158 τῶν
645 3099 737 3159 θεῶν
759 3093 897 3177 ὀνόματι
919 3105 1028 3161 ποιεῖν
1051 3098 1143 3180 ζητή-

132 3219 246 3284 σουσι,
282 3211 351 3278 πῶς
386 3200 449 3266 οὐκ
480 3199 699 3283 ἀσεβέστατον
731 3203 831 3283 ἔργον
862 3197 916 3266 καλ
950 3201 1142 3268 δεινότατον

132 3307 310 3392 πράξουσα
333 3307 395 3391 χρη
414 3307 488 3391 γάρ,
512 3305 556 3383 ὡς
574 3314 658 3389 γοῦν
678 3303 750 3391 ἐμοὶ
769 3307 872 3391 δοκεῖ,
894 3305 956 3372 ὅσα
974 3331 1024 3382 τις
1041 3308 1143 3394 πράτη

132 3437 182 3478 τει
208 3416 287 3490 τοὺς
312 3415 416 3488 θεοὺς
442 3412 662 3496 ἐπιφημίζων,
693 3421 830 3477 τοιαῦτα
858 3415 1055 3497 φαίνεσθαι,
1088 3404 1143 3478 οἱα

132 3517 210 3604 μηθ’
241 3517 283 3584 ἀν
315 3513 365 3584 ἐπ’
396 3517 580 3603 ἀνθρώπου
608 3516 826 3604 [πραχθέντα]
855 3518 985 3604 πονηρά
1012 3520 1141 3602 φανείη.

132 3626 185 3691 ὅτι
212 3622 243 3690 θ’
275 3624 337 3691 οὐκ
363 3627 432 3690 ἔστι
458 3619 558 3689 ταῦθ’
586 3625 685 3709 ίερῶν
712 3622 862 3690 ἀτέλειαν
888 3626 976 3710 ἔχειν
1003 3621 1058 3689 καὶ
1085 3628 1143 3704 λη·

131 3742 310 3810 τουογιῶν,
336 3727 407 3795 ἀλλ’
434 3725 527 3796 οὗτοι
549 3731 587 3796 τὸ
609 3741 677 3795 τῶν
699 3735 906 3816 λῃτουργιῶν
930 3730 1065 3812 [ὄνομα]
1088 3731 1142 3794 έπλ
