2644 4182
1284 22 1285 78 λ

192 165 237 230 48
517 165 576 218 XX.
598 161 880 217 ΔΗΜΟΣΘΕΝΟΤΣ
1285 198 1286 258 η

191 327 228 390 τί
251 324 372 390 κωλύει
399 327 557 409 μεγίστην
585 318 671 388 εἶναι
697 323 759 406 τήν
780 325 879 388 πόλιν
900 319 957 388 καί
979 322 1104 398 πάντας
1126 345 1203 407 χρη·
1286 372 1287 412 ,

194 433 294 508 στοὺς
314 428 369 496 καί
392 426 509 515 μηδέν’
535 424 620 494 εἶναι
644 431 806 513 πονηρόν;

138 555 178 596 ιιι
275 534 312 602 Ὁ
337 539 454 602 τοίνυν
481 537 584 620 νόμος
611 529 710 612 οὗτος
732 533 751 600 δ
774 536 957 618 Λεπτίνου,
985 533 1026 600 ού
1049 528 1204 618 μόνονῶ
1287 546 1288 626 η

192 643 311 728 ἀνδρες
329 636 503 726 Ἀθηναῖοι
525 638 615 708 τοῦτ’
641 640 764 723 ἀδικεῖ,
787 640 838 706 δτι
859 641 918 718 τδς
939 641 1035 726 τιμδς
1057 639 1205 723 ἀναιρῶν
1288 720 1289 741 ¹

191 759 259 813 τῶν
287 748 486 832 εὐεργεσιῶν
513 746 647 832 ἀχρεῖον
674 747 736 831 τήν
769 744 946 812 ἐπιείκειαν
976 757 1047 823 τοῖς
1077 750 1205 831 φιλοτι-
1288 759 1289 762 ’

192 859 329 938 μεῖσθαι
354 851 573 938 βουλομένοις
599 855 815 937 καθίστησιν,
844 846 916 918 ἀλλ’
942 852 993 918 ὅτι
1019 849 1074 918 καί
1101 873 1205 937 παρα-
1289 895 1290 904 ι

192 964 286 1036 νοίας
309 958 411 1038 δόξαν
434 961 608 1044 αἰσχίστην
629 967 670 1043 τῇ
693 961 788 1024 πόλει
810 959 1005 1024 καταλείπει.
1049 963 1118 1024 ίστε
1140 959 1205 1043 γάρ

193 1068 303 1149 δήπου
324 1064 421 1131 τοῦθ’
444 1065 585 1130 ὅτιτῶν
609 1064 662 1145 [τά
686 1061 872 1146 δεινόταθ’]
893 1064 980 1149 ὑμᾶς
996 1063 1206 1130 ἀδικούντων
1290 1073 1291 1090 ’

189 1172 230 1236 ’έν
253 1170 377 1260 ε’κάστφ
400 1165 512 1256 τίμημ’
537 1170 678 1254 ύπάρχει
701 1169 757 1234 διδ
779 1171 839 1236 τὸν
861 1173 983 1255 νόμον,
1011 1167 1048 1247 δς
1071 1170 1207 1254 διαρρή-

193 1277 258 1360 δην
285 1276 372 1360 λέγει
401 1272 511 1361 ,μηδὲ
536 1269 648 1360 τίμημ’
673 1273 834 1361 ύπάρχειν
857 1272 910 1341 ἐπὶ
932 1277 1038 1358 κρίσει
1060 1273 1162 1341 πλέον
1185 1274 1206 1359 ἢ
1291 1263 1292 1266 ’

188 1381 241 1466 ἓν,
264 1381 425 1469 ὁπότερον
443 1380 486 1446 ἀν
503 1383 541 1448 τὸ
561 1383 776 1466 δικαστήριον
793 1383 925 1466 τιμήση,
946 1389 1069 1447 παθεῖν
1086 1381 1107 1465 ή
1126 1380 1207 1447 ἀπο-

141 1505 180 1546 ιοο
193 1499 311 1554 τεῖσαι·
330 1487 501 1572 ἀμφότερα
520 1483 556 1552 δὲ
575 1487 620 1571 μή
639 1485 790 1567 έξέστω.“
822 1481 894 1553 ἀλλ’
916 1486 977 1571 οὐχ
996 1481 1094 1563 οὗτος
1111 1486 1207 1573 έχρή-

193 1612 274 1660 σατο
288 1593 394 1681 τούτῳ
408 1601 454 1682 τῷ
470 1591 588 1682 μέτρφ,
604 1590 675 1658 ἀλλ’
688 1592 748 1659 έάν
761 1615 810 1670 τις
824 1591 987 1678 ἀπαιτήση
1000 1594 1098 1679 χάριν
1108 1592 1206 1678 ὑμᾶς,

193 1699 331 1785 ,ἀτιμος
349 1700 454 1764 ἔστω“
473 1695 578 1782 φησίν
598 1695 675 1781 ,καί
692 1696 714 1780 ἡ
729 1697 827 1763 οὐσία
841 1699 984 1783 δημοσία
998 1701 1112 1764 ἔστω.“
1142 1701 1206 1766 δύο

192 1808 356 1891 τιμήματα
373 1813 485 1869 ταῦτα.
522 1799 631 1886 ,εἶναι
651 1799 687 1868 δέ
706 1801 761 1869 καί
779 1802 935 1884 ἐνδείξεις
947 1803 1003 1870 καλ
1017 1804 1206 1888 ἀπαγωγάς·

194 1912 252 1977 έάν
276 1907 306 1975 δ’
335 1909 419 1997 ἁλῷ,
447 1911 563 1993 ἔνοχος
585 1911 668 1974 ἔστω
691 1918 737 1998 τῷ
760 1911 852 1998 νόμφ
876 1908 913 1986 ὃς
934 1921 1053 1994 κεῖται,
1076 1910 1135 1976 έάν
1156 1935 1209 1990 τις

193 2018 339 2100 ὀφείλων
370 2017 453 2100 ἀρχη
485 2023 531 2103 τῷ
562 2015 744 2104 δημοσίφ.“
791 2016 944 2081 θάνατον
971 2015 1070 2099 λέγει·
1106 2026 1206 2083 τοῦτο

193 2123 256 2208 γάρ
284 2118 349 2187 ἐστ’
376 2115 426 2186 ἐπ’
457 2120 570 2208 έκείυιμ
598 2119 816 2205 τούπιτίμιον.
860 2120 986 2187 ούκοῦν
1012 2126 1087 2206 τρία
1113 2127 1206 2208 τιμή·

194 2253 279 2314 ματα
305 2238 415 2294 ταῦτα.
460 2237 530 2303 πῶς
558 2219 622 2292 οὖν
647 2226 689 2291 ού
712 2225 864 2312 σχέτλιον
886 2224 941 2292 καί
965 2228 1077 2294 δεινὸν
1100 2224 1126 2294 ὦ
1149 2230 1206 2295 ἀν-

193 2337 272 2420 δρες
291 2330 474 2418 Ἀθηναῖοι,
498 2333 530 2396 εί
550 2332 780 2416 χαλεπώτερον
803 2327 890 2398 εἶναι
911 2327 989 2416 παρ’
1014 2333 1095 2419 ύμῖν
1118 2334 1208 2414 δόξει

193 2441 291 2527 χάριν
317 2434 356 2505 εὖ
378 2431 550 2520 ποιήσαντ’
577 2435 743 2519 ἀπαιτεῖν,
771 2436 792 2521 ή
815 2438 856 2502 τὰ
879 2437 1039 2505 δεινότατ’
1060 2439 1197 2524 ,έργαζό-
1208 2451 1256 2502 σοι

195 2569 297 2631 μενον
319 2549 507 2627 ληφθήναι;

142 2667 180 2710 ιιι
284 2651 428 2734 Αίσχρὸς
460 2643 486 2713 ὦ
514 2648 635 2733 ἀνδρες
658 2645 832 2732 Ἀθηναῖοι
859 2646 915 2714 καί
941 2663 1049 2729 κακῶς
1076 2655 1160 2736 ἔχων
1187 2653 1207 2720 ὁ

194 2757 307 2840 νόμος,
330 2752 385 2821 καί
408 2754 523 2839 ὅμοιος
546 2756 666 2842 φθόνῳ
687 2752 754 2819 τινί
772 2752 827 2820 καί
845 2758 1016 2843 φιλονικίᾳ
1033 2754 1089 2823 καὶ
1109 2793 1147 2806 -
1168 2761 1206 2825 τὸ

195 2863 314 2928 λοιπὸν
345 2860 402 2926 έῶ·
438 2862 603 2938 τοιούτοις
635 2859 676 2927 δέ
704 2876 793 2925 τισιν
824 2858 991 2947 προσέοιχ’
1022 2862 1040 2929 δ
1066 2864 1208 2949 γρίφων

193 2975 349 3053 χρῆσθαι.
394 2966 476 3052 ύμῖν
504 2960 535 3032 δ’
562 2963 636 3050 οὐχί
664 2965 780 3050 πρέπει
802 2966 842 3031 τὰ
864 2974 1001 3032 τοιαῦτα
1023 2975 1207 3053 μιμεῖσθαι,

194 3071 270 3140 οὐδ’
293 3071 409 3153 ἀνάξια
427 3074 611 3159 φαίνεσθαι
629 3082 841 3156 φρονοῦντας
858 3072 953 3157 ὑμῶν
970 3074 1090 3140 αὐτῶν.
1126 3075 1207 3161 φέρε

195 3166 260 3265 γάρ
291 3181 374 3264 πρὸς
400 3180 501 3262 Διὸς,
531 3181 568 3245 τί
596 3175 724 3261 μάλιστ’
755 3177 798 3245 ἀν
825 3178 1050 3265 ἀπευξαίμεθα
1076 3181 1206 3265 πάντες,

194 3284 252 3352 καί
281 3289 318 3351 τί
340 3282 469 3369 μάλιστ’
502 3284 539 3351 ἐν
566 3286 669 3350 ἀπασι
696 3285 955 3350 διεσπούδασται
979 3295 1050 3363 τοῖς
1076 3289 1207 3373 νόμοις;

195 3392 286 3469 ὅπως
308 3392 353 3476 μή
376 3388 558 3476 γενήσονθ’
584 3392 622 3457 οί
641 3389 716 3473 περί
739 3390 904 3475 ἀλλήλους
926 3393 1037 3476 φόνοι,
1062 3391 1138 3477 περί
1160 3387 1209 3460 ὧν

197 3495 361 3579 ἐξαίρετος
388 3497 408 3580 ή
437 3499 542 3582 βουλή
570 3497 679 3582 φύλαξ
703 3496 724 3580 ή
744 3493 779 3562 ’ν
796 3494 911 3586 Ἀρείφ
934 3499 1028 3586 πάγφ
1050 3495 1208 3564 τέτακται.
