2590 3900
159 157 225 222 314
451 161 548 216 xxv1.
573 157 879 230 [αεαοεοεεοεε]

159 317 210 384 ὅτι
237 313 298 402 μέν
324 321 387 405 γάρ
415 321 561 404 πονηρὸς
588 316 644 386 καὶ
670 319 730 386 τὸν
756 319 882 403 τρόπον
904 318 1022 394 δεινῶς
1045 316 1174 400 ἄδικος,

159 423 280 501 ίκανῶς
298 423 389 509 ὑμῖν,
408 426 452 503 ὡς
471 423 566 508 ἔγωγ’
585 419 688 510 οἶμαι,
708 424 825 491 ἐκτῶν
838 423 1088 509 προειρημένων
1102 427 1173 488 Λυ-
1289 491 1291 501 ,

157 539 301 612 κοῦργος
323 529 539 616 ἐπιδέδειχεν·
570 530 621 596 ότι
644 528 674 595 δ’
702 525 979 613 οὐδὲχρήσιμος,
1003 528 1036 608 ἐξ
1060 528 1171 596 αὐτῶν

118 655 143 697 ιι
157 644 225 699 τῶν
247 637 496 720 πολιτευμάτων
517 637 559 702 άν
577 660 627 714 τις
645 635 748 703 αὐτὸν
764 637 978 719 θεωρήσειεν.
1014 638 1090 702 τίνα
1107 636 1171 720 γὰρ

158 741 359 825 παραγαγὼν
392 744 438 819 είς
469 744 507 809 τὸ
540 744 771 828 δικαστήριον,
805 737 853 808 ὧν
881 735 1010 827 ᾐτιᾶτο,
1043 743 1171 808 τούτων

157 843 295 932 ᾔρηκενς
318 846 339 933 ἣ
362 858 462 936 ποῖον
484 849 591 934 πόρον
611 847 692 933 ὑμῖν
709 851 902 933 πεπόρικενς
927 845 947 932 ἢ
966 850 1001 913 τί
1015 851 1172 933 ψήφισμα

157 952 341 1039 γέγραφεν,
371 951 390 1020 δ
421 952 615 1031 πεισθέντες
646 953 740 1038 ὑμεῖς
769 953 824 1024 οὐ·
841 953 942 1020 πάλιν
970 963 1172 1038 μετανοῆσαι

157 1062 369 1142 προείλεσδες
392 1057 445 1125 καὶ
469 1060 533 1143 γὰρ
555 1053 654 1125 ταῦθ’
681 1058 768 1125 οδτω
792 1061 906 1135 σκαιός
929 1055 1072 1124 ἐστικαὶ
1090 1058 1171 1143 βάρ-

158 1168 260 1250 βαρος
290 1165 350 1232 τὸν
376 1168 517 1251 τρόπον,
549 1162 634 1232 ὥσθ’
665 1165 745 1232 ὅταν
772 1163 858 1248 ὑμᾶς
886 1165 942 1250 ίδη
969 1167 1052 1249 πρός
1078 1186 1172 1241 τινας

158 1269 378 1355 ὀργισθέντας
399 1293 432 1336 τι
453 1269 509 1336 καὶ
537 1275 664 1355 μᾶλλον
691 1279 752 1340 τοῦ
780 1269 915 1346 δέοντος
942 1268 1172 1350 παροξυνθέν-

158 1399 230 1460 τας,
259 1385 440 1462 τηνικαῦτα
466 1377 556 1462 παρά
582 1377 643 1460 τὴν
672 1377 777 1462 ὀργὴν
799 1376 893 1461 ὑμῶν
916 1375 956 1440 τά
978 1376 1171 1459 βουλήματα

119 1501 145 1543 ιε
159 1483 271 1566 λαβὼν
292 1493 362 1560 τοῖς
384 1493 512 1568 καιροῖς
535 1481 751 1550 ἐναντιοῦται.
789 1483 843 1550 δεῖ
863 1477 900 1546 δέ
922 1482 982 1547 τὸν
999 1483 1170 1550 πολιτευό-

158 1611 262 1672 μενον
282 1584 366 1674 ὑπδρ
389 1587 498 1672 ὑμῶν,
522 1587 597 1673 οὐχὶ
619 1599 689 1666 τοῖς
712 1589 868 1673 ἐξαίφνης
891 1582 960 1670 μετ’
987 1586 1088 1671 ὀργῆς
1109 1588 1171 1652 πά-

157 1682 261 1760 θεσιν
292 1693 372 1779 ὑμῖν
409 1697 653 1778 συμπίπτουσιν
690 1693 949 1776 ἐπακολουθεῖν,
985 1692 1069 1757 άλλά
1099 1704 1170 1770 τοῖς

158 1804 328 1884 λογισμοῖς
344 1797 400 1866 καί
414 1811 482 1877 τοῖς
495 1800 663 1885 πράγμασι
677 1798 732 1868 καί
746 1810 816 1876 τοῖς
828 1798 1015 1884 ὑπάρχουσι
1029 1810 1168 1883 καιροῖς·

157 1906 198 1970 τά
216 1903 277 1990 μέν
294 1907 357 1990 γάρ
376 1909 458 1990 ταχὺ
477 1909 688 1990 μεταπίπτειν
707 1911 862 1988 είδισται,
883 1905 923 1974 τά
942 1902 979 1970 δέ
999 1903 1169 1990 διαμένειν

157 2010 213 2078 καὶ
235 2014 336 2077 πλείω
358 2014 482 2097 χρόνον
502 2010 675 2096 ὑπάρχειν·
700 2007 748 2078 ὧν
767 2005 864 2088 οὗτος
883 2006 984 2076 οὐδέν
1003 2011 1169 2096 ἐνθυμού·

157 2140 257 2202 μενος
288 2115 411 2201 ἐλέγχει
442 2117 632 2203 τάπόρρητα
662 2127 721 2201 τῆς
750 2119 930 2198 πολιτείας,
963 2117 1047 2183 ὥστε
1073 2113 1165 2184 ταῦτ’

158 2221 401 2305 ἀναγκάζεσθαι
423 2221 480 2289 καί
502 2225 600 2308 κύρια
622 2221 679 2290 καί
701 2224 801 2288 πάλιν
824 2223 930 2308 ἄκυρα
953 2235 1070 2291 ποιεῖν.
1169 2235 1222 2286 806

118 2348 144 2388 ιι
244 2323 329 2394 Ἀλλ’
350 2335 430 2406 ῖσως
453 2329 504 2398 ὅτι
526 2330 608 2411 πρὸς
631 2329 777 2406 ἅπαντας
798 2327 851 2394 άεὶ
873 2340 1078 2414 προαιρεῖται
1100 2335 1168 2396 λοι-

159 2435 333 2519 δορεῖσθαι
355 2433 411 2501 καὶ
434 2437 638 2519 διαβοᾶσθαι
655 2434 710 2501 καὶ
728 2433 920 2520 μέμφεσθαι
937 2436 977 2500 τὰ
996 2437 1167 2520 λεγόμενα,

158 2541 214 2606 διά
232 2549 335 2606 ταῦτα
353 2550 565 2626 περιποιῆσαι
583 2549 647 2606 νῦν
662 2541 764 2607 αὐτὸν
779 2539 940 2625 ἁρμόττει.
969 2541 1052 2609 άλλδι
1065 2542 1168 2607 ταῦτά

157 2669 194 2730 γε
221 2646 264 2730 νη
291 2647 353 2730 την
372 2642 521 2729 Ἀθηνᾶν
547 2648 676 2724 ὄνειδός
698 2647 788 2715 ἐστιν
812 2647 931 2732 ἄνδρες
954 2646 1105 2713 δικασταὶ
1128 2657 1167 2733 τῇ

156 2755 250 2818 πόλει
273 2749 441 2837 γιγνόμεν’
468 2751 521 2818 ἐπὶ
543 2763 605 2819 τοῦ
627 2757 783 2838 βήματος,
807 2751 862 2818 καί
885 2755 941 2821 διά
964 2755 1022 2830 τὰς
1039 2754 1168 2822 τούτων

157 2858 316 2933 ἀπονοίας
339 2857 565 2924 ἐπονείδιστον
588 2860 652 2943 ἤδη
675 2860 716 2929 τὸ,
736 2860 972 2928 πολιτεύεσθαι
992 2861 1080 2944 παρὰ
1098 2872 1169 2938 τοῖς

157 2961 333 3030 ἐπιεικέσιν
361 2963 483 3048 [ὑμῶν]
512 2964 610 3031 ἐστίν.
656 2967 688 3030 εί
713 2960 744 3030 δ’
772 2959 834 3031 οὖν
858 2963 926 3031 τινὶ
948 2963 1046 3031 ταῦθ’
1073 2965 1167 3051 ὑμῶν

156 3069 193 3134 ἐν
229 3070 334 3156 ἡδονῇ
367 3069 590 3155 συμβέβηκεν,
627 3070 688 3137 οὐκ
720 3071 901 3156 άπορησετε
933 3082 1000 3138 τῶν
1030 3081 1167 3139 τοιαῦτα

156 3178 380 3260 ποιησόντων,
409 3175 479 3243 ἐπεὶ
505 3175 560 3244 καί
588 3187 651 3244 νῦν
674 3179 855 3263 μεστὸν-τὸ
878 3171 956 3262 βῆμ’
982 3177 1080 3244 ἐστίν.
1125 3178 1168 3244 οὐ

156 3282 219 3363 γάρ
248 3280 400 3365 ἐπιτιμᾶν
425 3293 495 3360 τοῖς
523 3282 865 3368 συμβεβουλευμένοις
892 3288 1051 3369 χαλεπόν,
1084 3284 1168 3352 ἀλλὰ

158 3386 403 3466 συμβουλεῦσαι
425 3387 481 3453 καὶ
504 3392 617 3458 πεῖσαί
636 3401 758 3460 τιτῶν
780 3391 928 3456 δεόντων
949 3389 1035 3474 ὑμᾶς
1061 3393 1167 3474 ψηφί·

6 3582 9 3591 1
118 3492 311 3560 πεσεῖσθαι.Ἰ
336 3493 418 3573 πρὸς
449 3489 486 3558 δέ
513 3496 658 3579 τούτοις,
675 3498 732 3568 ,εί
753 3492 813 3580 μέν
845 3498 888 3580 μὴ
921 3493 975 3560 καὶ
1002 3498 1167 3582 πρόπλου
