2612 3918
178 145 224 232 χρ
495 151 567 202 xx1.
589 149 869 202 ΔΗιιοεοεαουε

177 308 234 393 ἐφ’
264 299 286 396 ᾗ
317 310 381 394 γὰρ
410 308 535 388 ἐκεῖνος
565 310 730 394 ἠτίμωκεν
756 307 875 376 ἑαυτὸν
901 307 964 375 ούιι
990 307 1190 390 ἐπεξελθών,

179 414 337 499 οὐδεμιᾶς
355 413 451 500 ἔγωγ’
469 419 516 482 ότι
534 415 738 501 προσδέομαι
757 416 861 498 δίκης,
884 411 955 481 ἀλλ’
978 415 1097 499 ἱκανήν
1114 415 1188 498 ἔχω.

127 536 168 576 ¹⁰⁴
179 514 252 586 ἀλλ’
274 519 291 586 δ
314 519 369 587 καί
391 522 504 588 δεινὸν
523 517 549 588 ὦ
568 522 688 606 ἀνδρες
703 515 875 603 Ἀθηναῖοι
892 518 948 586 καί
964 519 1115 606 σχέτλιον
1133 515 1190 587 καὶ

179 627 294 692 κοινὸν
316 624 420 712 ἔμοιγ’
447 623 599 712 ἀσέβημ’,
625 627 687 693 οὐκ
710 626 853 710 ἀδίκημα
876 629 981 711 μόνον
1003 626 1110 714 τούτῳ
1133 645 1191 690 πε·
1287 713 1288 718 ¹

178 738 327 817 πρᾶχθαι
351 734 458 817 δοκεῖ,
481 727 570 800 τοῦτ’
597 732 670 818 έρῶ.
715 741 760 820 τῷ
783 733 846 818 γάρ
870 731 977 820 ἀθλίῳ
1001 726 1055 796 καί
1077 734 1190 796 ταλαι·

179 839 279 926 πώρῳ
304 848 405 922 κακῆς
427 838 482 906 καλ
505 843 646 923 χαλεπῆς
669 838 842 923 συμβάσης
864 839 970 914 αἰτίας
988 831 1189 924 Ἀριστάρχῳ

178 953 223 1032 τῳ
246 947 400 1030 Μόσχου,
423 947 460 1011 τὸ
483 941 544 1029 μδν
567 955 700 1030 πρῶτον
723 939 749 1009 ώ
773 945 893 1029 ἀνδρες
911 941 1084 1026 Ἀθηναῖοι
1106 943 1190 1008 κατὰ

177 1050 239 1132 τήν
258 1049 383 1135 ἀγορδιν
402 1052 538 1135 περιιών
558 1050 687 1134 ἀσεβεῖς
705 1048 760 1115 καὶ
780 1050 912 1126 δεινούς
929 1051 1051 1131 λόγους
1069 1048 1190 1132 ἐτόλμα

177 1152 253 1239 περὶ
277 1155 358 1241 ἐμοῦ
380 1155 504 1240 λέγειν,
528 1156 572 1232 ώς
594 1155 658 1239 ἐγὼ
681 1157 719 1222 τὸ
741 1148 864 1241 πρᾶγμ’
885 1152 952 1239 είμλ
973 1152 1072 1221 τοῦθ’
1093 1153 1112 1220 δ
1136 1155 1189 1219 δε-

179 1261 319 1345 δρακώς·
350 1261 395 1339 ὡς
422 1256 453 1327 δ’
484 1258 585 1327 οὐδέν
612 1263 694 1346 ήνυε
721 1263 868 1346 τούτοις,
894 1261 1093 1346 προσελθών
1119 1271 1189 1338 τοῖς

179 1360 228 1431 ἐπ’
259 1367 387 1433 ἐκείνου
414 1368 534 1451 ἀγουσι
561 1368 623 1452 τήν
651 1369 760 1433 αίτίαν
786 1375 847 1432 τοῦ
876 1368 1000 1450 φόνου,
1033 1377 1102 1443 τοίς
1128 1375 1189 1432 τοῦ

177 1475 443 1557 τετελευτηκότος
466 1476 610 1555 οίκείοις,
633 1471 777 1558 χρήμαθ’
800 1473 990 1559 ὑπισχνεῖτο
1014 1471 1136 1538 δώσειν
1159 1474 1191 1538 εί

177 1589 238 1644 τοῦ
256 1579 446 1664 πράγματος
464 1577 609 1667 αἰτιῷντ’
627 1577 694 1664 ἐμέ,
713 1576 769 1644 καὶ
787 1579 862 1644 οὔτε
877 1581 980 1655 θεοὺς
994 1575 1071 1644 οὔθ’
1090 1576 1188 1643 όσίαν

126 1699 165 1742 1⁰⁵
178 1682 248 1750 οὔτ’
285 1681 386 1750 οὐδὲν
417 1682 584 1768 ἐποιήσατ’
616 1683 771 1790 ἐμποδών
802 1685 942 1772 τοιούτῳ
975 1686 1078 1772 λόγῳ,
1110 1678 1186 1750 οὐδ’

178 1790 343 1874 ὤκνησεν,
371 1785 442 1855 ἀλλ’
469 1788 549 1856 οὐδέ
575 1792 658 1874 πρὸς
684 1789 745 1867 οὓς
767 1786 851 1872 ἔλεγ’
877 1788 999 1866 αύτούς
1021 1787 1187 1876 ᾐσχύνθη,

178 1899 210 1962 εί
234 1906 367 1963 τοιοῦτο
394 1898 496 1962 κακὸν
523 1894 579 1961 καλ
605 1890 771 1979 τηλικοῦτ’
801 1895 914 1979 ἐπάγει
940 1919 1002 1984 τῳ,
1035 1890 1106 1961 ἀλλ’
1136 1890 1185 1962 ἕν’

178 2002 259 2088 όρον
277 2000 418 2088 θέμενος
436 2000 535 2068 παντί
552 2005 663 2090 τρόπῳ
684 1998 718 2085 μ’
741 2001 881 2084 ἀνελείν,
906 1997 1008 2067 οὐδέν
1026 2000 1188 2067 ἐλλείπειν

177 2106 260 2196 βετο
282 2109 365 2190 δεῖν,
388 2107 433 2185 ώς
451 2106 540 2190 δέον,
564 2114 598 2174 εί
611 2131 661 2185 τις
678 2105 853 2192 ὑβρισθείς
869 2109 935 2174 ὑπὸ
954 2109 1075 2174 τούτου
1094 2109 1188 2193 δίκης

178 2214 267 2295 ἀξιοῖ
291 2225 404 2299 τυχείν
430 2211 485 2280 καί
508 2214 552 2299 μή
577 2222 701 2300 σιωπᾷ,
729 2223 850 2280 τοῦτον
871 2213 1041 2299 ἐξόριστον
1065 2213 1187 2300 ἀνηρή-

177 2327 260 2387 σθαι
282 2318 337 2385 καὶ
355 2321 489 2405 μηδαμῇ
508 2325 705 2404 παρεθῆναι,
725 2318 808 2384 ἀλλά
826 2317 881 2386 καί
899 2318 1090 2397 λιποταξίου
1107 2343 1187 2405 γρα-

177 2429 248 2512 ῳὴν
274 2425 436 2511 ἡλωκέναι
463 2424 518 2492 καί
546 2423 599 2511 ἐφ’
627 2426 739 2510 αἵματι
767 2426 905 2509 φεύγειν
930 2423 986 2493 καί
1012 2428 1119 2511 μόνον
1145 2425 1187 2492 ού

177 2538 425 2618 προσηλῶσθαι.
455 2536 563 2598 καίτοι
576 2528 674 2596 ταῦθ’
691 2531 773 2597 ὅταν
786 2530 963 2618 ἐξελεγχθῇ
976 2542 1082 2597 ποιών
1095 2533 1179 2617 πρὸς
1187 2546 1237 2594 549

178 2631 229 2716 οἷς
250 2636 384 2722 ὕβριζέν
406 2662 445 2723 με
468 2647 691 2722 χορηγοῦντα,
721 2640 812 2713 τίνος
834 2639 1031 2724 συγγνώμης
1052 2637 1073 2722 ἢ
1095 2643 1188 2716 τίνος

125 2761 164 2803 1⁰⁶
178 2747 282 2826 λόγου
301 2745 435 2821 δικαίως
452 2742 598 2821 τεύξεται
616 2738 694 2826 παρ’
710 2743 819 2826 ύμώνς
840 2741 903 2825 ἐγώ
921 2740 982 2829 μὲν
1000 2745 1064 2829 γάρ
1082 2745 1187 2812 αὐτόν

128 2903 130 2907 ,
178 2847 203 2916 ώ
225 2852 346 2935 ἀνδρες
360 2848 533 2933 Ἀθηναῖοι
550 2853 685 2934 νομίζω,
709 2849 884 2933 αὐτόχειρά
901 2872 967 2934 μου
983 2857 1187 2935 γεγενῆσθαι

176 2958 307 3034 τούτοις
329 2967 398 3034 τοῖς
422 2959 542 3042 ἔργοις,
564 2953 619 3020 καί
642 2957 714 3020 τότε
738 2951 799 3038 μὲν
820 2965 891 3032 τοϊς
908 2959 1106 3033 Διονυσίοις
1125 2957 1188 3040 τήν

176 3063 389 3148 παρασκευήν
406 3060 461 3128 καὶ
479 3062 517 3127 τὸ
535 3073 629 3144 σῶμα
645 3059 701 3125 καλ
714 3057 928 3145 τάναλώμαθ’
944 3061 1102 3146 ὑβρίζειν,
1121 3071 1187 3128 νῦν

177 3166 214 3234 δέ
236 3170 367 3246 τούτοις
389 3159 441 3245 οἷς
463 3165 566 3232 ἐποίει
589 3165 644 3231 καὶ
667 3164 869 3250 διεπράττετ’
891 3165 1000 3232 ἐκεῖνά
1020 3187 1055 3232 τε
1073 3165 1128 3232 καί
1146 3169 1187 3234 τὰ

177 3276 276 3342 λοιπδι
298 3276 416 3358 πάντα,
438 3275 500 3358 τήν
523 3276 631 3356 πόλιν,
655 3274 692 3339 τὸ
715 3271 822 3357 γένος,
845 3273 907 3356 τήν
928 3271 1106 3356 ἐπιτιμίαν,
1128 3274 1187 3350 τάς

177 3381 324 3458 ἐλπίδας·
343 3383 375 3446 εί
391 3381 454 3467 γάρ
473 3381 510 3445 ἓν
529 3374 576 3445 ὧν
595 3378 812 3463 ἐπεβούλευσε
828 3378 1063 3462 κατώρθωσεν,
1082 3378 1186 3446 ἀπάν-

176 3509 244 3549 των
275 3484 318 3550 ἀν
350 3485 577 3570 ἀπεστερήμην
610 3485 673 3567 ἐγώ
706 3482 761 3551 καὶ
793 3480 876 3568 μηδὲ
907 3493 1054 3569 ταφῆναι
1084 3501 1186 3569 προσ-
