2614 3904
177 183 241 249 358
481 188 577 242 xm.
601 187 881 240 Διιποεοοιιουε

177 344 283 432 φέρον
314 346 403 436 αύτῷ
436 350 579 431 νομίζων
607 345 698 413 ταῦτ’
731 346 960 433 ἐπιδειχθῆναι
992 345 1070 432 παρ’
1102 347 1212 432 ὑμῖν.

137 468 164 509 ⁴⁴
177 451 289 536 ἐπειδή
313 456 430 519 τοίνυν
453 451 642 538 ὡμολόγηθ’
669 449 725 519 ὑπ’
753 452 864 518 αὐτῶν
886 454 1024 534 τούτων,
1048 454 1108 518 τὸν
1134 476 1211 519 ποι-

175 553 243 642 τέρ’
264 558 358 643 ήμῶν
381 563 585 624 τελευτῶντα
607 568 769 625 τοσοῦτον
790 559 952 643 ἀργύριον
971 559 1099 625 τούτων
1121 557 1208 625 ἑκά-

174 680 242 752 στφ
267 664 400 747 δοῦναι,
429 667 606 750 τεκμήριον
630 665 666 730 οί
687 665 873 744 δικάζοντες
895 666 968 730 τότε
990 667 1049 742 τδς
1072 664 1206 750 ὁμολο-

175 772 250 854 γίας
276 769 474 854 ἐποιήσαντο
502 771 622 848 τούτοις
649 781 709 837 τοῦ
737 774 889 855 πλήθους
910 781 978 836 τῶν
1001 771 1205 856 χρημάτων·

175 877 267 952 ὅστις
293 877 357 960 γὰρ
386 875 449 942 ἀπὸ
474 887 542 942 τῶν
565 878 673 942 ὄντων
694 874 832 962 τέτταρα
854 877 999 942 τάλαντα
1021 874 1076 943 καὶ
1100 894 1204 961 τρισ-

175 984 283 1067 χιλίας
305 993 426 1066 προλκα
449 979 505 1048 καλ
529 983 672 1068 δωρειάν
695 984 808 1067 ἔδωκε,
832 983 981 1067 φανερὸν
999 977 1042 1065 ήν
1061 982 1202 1048 ὅτιούκ

177 1087 240 1154 άπὸ
268 1097 386 1174 μικρᾶς
413 1087 544 1171 οὐσίας,
573 1088 656 1156 ἀλλὰ
683 1087 785 1155 πλέον
812 1089 833 1173 ή
860 1091 1034 1166 διπλασίας
1056 1082 1095 1171 ής
1119 1087 1201 1172 ἐμοὶ

135 1209 162 1250 ⁴⁶
176 1193 344 1260 κατέλειπε
372 1192 462 1261 ταῦτ’
490 1193 635 1278 ἀφεῖλεν.
682 1195 723 1261 ού
751 1196 815 1278 γάρ
843 1192 886 1260 δν
914 1193 1021 1261 ἐδόκει
1047 1195 1107 1259 τὸν
1131 1191 1199 1279 μὲν

176 1300 254 1366 υίὸν
287 1295 343 1384 έμὲ
374 1299 498 1386 πένητα
527 1301 712 1384 βούλεσθαι
738 1309 955 1384 καταστήσειε,
987 1300 1127 1377 τούτους
1141 1297 1198 1366 ’δὲ

176 1408 360 1483 πλουσίους
382 1407 480 1484 ὄντας
498 1409 546 1473 ἔτι
564 1405 830 1492 πλουσιωτέρους
847 1417 984 1491 ποιήσαι
1003 1406 1197 1490 ἐπιθυμεῖν,

178 1509 249 1576 ἀλλ’
272 1510 368 1577 ἕνεκα
390 1522 451 1579 τοῦ
472 1515 624 1596 πλήθους
642 1523 709 1578 τῶν
728 1511 800 1597 ἐμοὶ
818 1510 1105 1596 καταλειπομένων
1126 1515 1195 1596 Θη-

177 1617 316 1704 ριππίδη
342 1641 378 1684 τε
405 1619 463 1696 τάς
491 1617 717 1702 ἑβδομήκοντα
740 1627 823 1703 μνᾶς
845 1616 900 1684 καὶ
922 1624 1128 1702 Δημοφῶντι
1151 1619 1194 1683 τὰ

177 1723 240 1789 δύο
263 1723 422 1808 τάλαντα,
446 1723 539 1790 οὕτω
562 1722 716 1808 μέλλοντι
739 1733 778 1810 τη
802 1724 930 1810 ἀδελφή
955 1732 995 1809 τή
1019 1723 1079 1808 έμή
1103 1737 1247 1788 συν-858

177 1831 341 1912 οικήσειν,
370 1834 581 1915 καρποῦσθαι
609 1830 737 1894 δοῦναι.
783 1838 886 1894 ταῦτα
915 1830 955 1913 δή
983 1831 1023 1894 τά
1050 1827 1189 1914 χρήματ’

157 1949 158 1954 ’
177 1934 328 2019 οὐδαμοῦ
343 1937 513 2020 παραδοὺς
529 1934 694 2019 ἐφαίνετο,
715 1931 788 2001 οὐδ’
808 1935 928 2000 ἐλάττω
943 1934 1084 2020 μικροῖς·
1107 1934 1191 2000 άλλά

176 2041 217 2105 τδ
244 2036 305 2124 μὲν
329 2038 550 2125 ἀνηλωκέναι,
577 2041 617 2105 τά
641 2038 671 2106 δ’
700 2040 741 2106 οὐ
765 2043 880 2124 λαβεῖν
902 2043 981 2125 ἔφη,
1009 2041 1049 2105 τὰ
1071 2034 1102 2106 δ’
1128 2040 1190 2106 ούκ

177 2145 317 2229 είδίνοιι,
344 2147 384 2212 τὰ
408 2142 445 2213 δέ
466 2147 526 2211 τὸν
551 2140 633 2212 δείν’
659 2148 762 2231 ἔχειν,
784 2147 825 2211 τὰ
848 2140 878 2211 δ’
906 2148 1005 2212 ἔνδον
1027 2141 1128 2229 εἶναι,
1149 2147 1190 2212 τά

178 2248 215 2317 δὲ
239 2253 346 2318 πάντα
369 2256 496 2337 μᾶλλον
518 2250 539 2336 ή
563 2252 648 2318 ὅπου
671 2251 861 2338 παρέδωκεν
884 2247 950 2338 εἶχε
973 2251 1090 2335 λέγειν.

138 2373 166 2415 ⁴⁴
270 2356 355 2442 Περὶ
378 2354 415 2423 δὲ
437 2366 498 2423 τοῦ
517 2357 560 2441 μή
579 2362 844 2441 καταλειφθῆναι
861 2358 901 2422 τά
919 2355 1056 2442 χρήματ’
1078 2357 1186 2442 ἔνδον,

177 2466 342 2549 βούλομαι
373 2463 488 2548 σαφῶς
516 2463 595 2548 ὑμῖν
623 2461 780 2540 ἐπιδείξαι
807 2463 1025 2547 ψευδόμενον.
1070 2473 1187 2528 τοῦτον

177 2573 241 2656 γάρ
259 2572 319 2635 τὸν
338 2573 440 2651 λόγον
458 2575 625 2652 καθεῖκεν,
650 2568 761 2652 ἐπειδή
780 2569 820 2635 τὰ
839 2570 987 2654 χρήματα
1005 2564 1067 2652 μὲν
1084 2571 1186 2634 πολλὰ

177 2675 326 2761 πέφηνεν
354 2675 449 2758 ὄντα,
481 2673 541 2740 οὐκ
569 2677 635 2759 ἔχει
664 2671 695 2739 δ’
726 2673 884 2753 ἐπιδείξαι
910 2666 1009 2765 ταῦθ’
1039 2674 1084 2751 ὡς
1110 2674 1186 2739 άπο-

179 2782 339 2864 δέδωκεν,
372 2775 416 2845 ἵν’
447 2780 480 2861 έξ
513 2782 638 2862 εἰκότος
668 2777 768 2846 οὐδὲν
795 2789 965 2865 προσῆκον
991 2779 1071 2865 ἡμῖν
1099 2790 1184 2866 φανῇ

137 2905 164 2946 ⁴⁴
178 2891 371 2973 κομίζεσθαι
403 2887 443 2952 τά
473 2884 504 2970 χ’
535 2888 615 2952 ὄντα
642 2880 720 2970 παρ’
750 2885 837 2970 ἡμῖν.
883 2888 915 2953 εί
940 2882 1001 2971 μὲν
1027 2886 1183 2952 τοίνυνδ

177 2995 284 3079 πατήρ
312 2992 441 3076 ήπίστει
466 2993 612 3076 τούτοις,
641 2993 744 3075 δήλου
768 2992 818 3057 ὅτι
842 2988 911 3058 οὔτ’
938 2990 980 3058 δν
1002 2986 1093 3057 πάλλ’
1119 2991 1183 3058 ἐέ-

177 3122 308 3185 τρεπεν,
333 3096 401 3165 οὒτ’
430 3097 472 3163 ἂν
494 3095 591 3163 ἐκεῖν’
616 3097 703 3164 οὕτω
726 3102 932 3164 καταλείπων
955 3097 1068 3174 αὐτοῖς
1089 3101 1183 3182 ἔφρα-

180 3209 246 3285 ζεν·
265 3207 348 3271 ὥστε
367 3206 475 3270 πόθεν
494 3211 618 3282 ίσασιν;
640 3206 671 3270 εί
688 3201 718 3268 δ’
742 3203 922 3287 ἐπίστευεν,
940 3202 1002 3269 οὐκ
1020 3201 1062 3268 άν
1081 3203 1182 3286 δήπου

178 3311 220 3375 τδ
247 3308 309 3395 μὲν
331 3307 455 3376 πλεῖστ’
482 3310 595 3387 αύιοίς
616 3320 684 3376 τῶν
706 3310 882 3395 χρημάτων
905 3309 1095 3393 ἐνεχείρισε,
1121 3319 1182 3374 τῶν

181 3413 211 3480 δ’
235 3417 296 3481 οὐκ
320 3414 362 3481 διν
381 3419 516 3501 κυρίους
535 3415 700 3502 ἐποίησεν,
720 3412 792 3480 οὐδ’
814 3413 857 3482 δν
875 3423 914 3500 τῇ
933 3410 992 3500 μὲν
1010 3419 1108 3499 μητρί
1122 3437 1181 3498 μου

181 3529 283 3584 ταῦτα
311 3521 490 3604 φυλάττειν
514 3524 748 3607 [παρ]ἔδωκεν,
777 3522 882 3605 αὐτήν
904 3516 942 3586 δὲ
966 3519 1113 3604 [ταύτην]
1136 3517 1180 3585 ἑνὶ
