2612 3918
169 149 232 214 126
474 151 560 202 xxn.
584 147 862 201 ΔΗυοΣοωαονΣ

166 333 264 394 μενος
290 308 367 392 παρ’
394 309 473 394 ὑμῖν
502 309 730 394 ἀπελυσάμην,
759 305 830 374 ἀλλ’
857 309 939 374 ὥστε
967 310 1004 373 τὸ
1027 306 1175 391 πέμπτον

166 415 265 501 μέρος
296 418 338 501 μὴ
372 419 485 500 λαβεῖν
517 416 655 493 τούτους
686 426 754 480 τῶν
784 417 922 500 ψήφων
963 412 1097 480 τουτονὶ
1129 409 1231 479 δὲσνι

166 517 243 606 μεθ’
269 522 362 607 ὑμῶν
384 523 581 608 πειράσομαι
603 519 658 588 καί
680 531 745 587 νῦν
768 519 905 588 καὶτὸν
928 522 1031 586 ἄλλον
1054 515 1172 584 ἅπαντ’

166 627 353 712 ἀμύνεσθαι
362 631 493 715 χρόνον.
513 626 654 710 καὶπερὶ
664 625 801 713 μὲντῶν
812 629 908 694 ίδίων
918 629 1002 712 ἔχων
1012 627 1176 691 ἐπιπολλολ

167 732 274 817 λέγειν
301 733 400 798 ἐάσω·
429 731 505 819 περί
533 730 564 798 δ’
592 728 639 800 ὧν
667 738 772 799 οίσετε
799 734 860 817 τὴν
882 742 997 818 ψῆφον
1019 731 1097 799 νυνί
1120 731 1176 797 καλ

165 838 240 925 περὶ
264 834 311 906 ὧν
334 834 431 918 οὗτος
452 841 594 927 δημοσίᾳ
613 838 887 924 πεπολιτευμένος
906 838 967 904 οὐκ
986 838 1068 923 ὀλίγ’
1091 839 1176 924 ὑμᾶς

166 948 319 1029 ἔβλαψεν,
342 945 364 1012 ά
386 970 448 1032 μοι·
465 949 680 1025 παραλείπειν
699 945 883 1030 Εὐκτήμων
901 945 1019 1028 ἐδόκει,
1044 944 1175 1030 βέλτιον

167 1049 199 1116 δ’
220 1052 305 1137 ὑμᾶς
327 1051 478 1135 ἀκοῦσαι,
502 1060 604 1118 ταῦτα
628 1051 811 1130 διεξελθεῖν
834 1050 870 1116 ἐν
888 1051 1046 1137 βραχέσιν
1064 1052 1171 1136 πειρά-

139 1174 273 1243 ισομαι.
311 1157 373 1241 ἐγὼ
396 1159 460 1244 γάρ
484 1160 515 1223 εί
536 1153 597 1243 μέν
620 1155 733 1243 ἑώρων
755 1154 818 1223 τιν’
841 1156 948 1242 ἁπλῆν
970 1158 1077 1246 τούτφ
1099 1156 1174 1242 περὶ

166 1257 214 1329 ὧν
236 1265 352 1348 φεύγει
375 1265 456 1349 πρὸς
478 1264 563 1347 ὑμᾶς
586 1258 692 1329 οὖσαν
715 1263 911 1345 ἀπολογίαν,
938 1263 999 1329 οὐκ
1022 1262 1064 1329 άν
1087 1263 1172 1329 ἐποι-

166 1370 273 1454 ούμην
298 1369 373 1457 περὶ
396 1370 496 1454 αὐτῆς
519 1373 637 1454 μνείαν
659 1369 827 1455 οὐδεμίαν.
873 1378 937 1435 νῦν
960 1366 991 1434 δ’
1018 1364 1094 1436 οίδα
1117 1386 1173 1435 σα-

166 1486 237 1560 φῶς
266 1476 318 1544 ὅτι
351 1471 448 1554 οὗτος
480 1475 608 1542 ἁπλοῦν
640 1474 702 1561 μὲν
733 1473 812 1541 οὐδὲ
845 1477 976 1542 δίκαιον
1004 1473 1104 1542 οὐδὲν
1132 1475 1174 1542 άν

166 1584 270 1648 εἰπεῖν
293 1584 373 1666 ἔχοι,
397 1581 559 1660 ἐξαπατᾶν
582 1580 613 1648 δ’
636 1583 720 1665 ὑμᾶς
740 1583 930 1668 πειράσεται
948 1584 1100 1648 πλάττων
1118 1581 1174 1647 καί

165 1688 323 1773 παράγων
341 1690 423 1773 πρὸς
437 1687 556 1754 ἕκαστα
569 1689 697 1755 τούτων
711 1691 918 1774 κακούργους
932 1692 1060 1772 λόγους.
1082 1691 1173 1755 ἐστιν

164 1796 228 1880 γὰρ
252 1791 278 1860 ὦ
297 1796 416 1881 ἄνδρες
431 1793 606 1879 Ἀθηναῖοι
623 1799 771 1880 τεχνίτης
789 1805 849 1861 τοῦ
868 1795 977 1880 λέγειν
994 1793 1191 1868 καίπάντα

164 1903 223 1966 τὸν
250 1903 326 1984 βίον
354 1901 530 1984 ἐσχόλακεν
556 1902 671 1989 τούτῳ.
718 1898 800 1984 ὑπὲρ
829 1897 891 1967 οὖν
918 1911 978 1968 τοῦ
1003 1903 1047 1987 μὴ
1070 1924 1173 1987 παρα-

164 2006 391 2092 κρονσθέντας
412 2007 498 2092 ὑμᾶς
520 2006 653 2073 ἐναντία
673 2003 733 2092 μέν
752 2019 821 2084 τοῖς
840 2007 1086 2093 ὀμωμοσμένοις
1104 2031 1173 2074 πει-

165 2119 290 2198 σθῆναι
312 2116 542 2197 ψηφίσασθαι,
569 2113 703 2198 ἀφεῖναι
727 2111 764 2180 δέ
786 2123 907 2180 τοῦτον
929 2113 969 2179 ὃν
991 2114 1071 2200 ὑμῖν
1093 2121 1173 2182 πολ-

165 2227 233 2286 λῶν
255 2219 339 2286 ἕνεκ’
362 2221 455 2298 άξιον
477 2221 626 2302 κολάσαι,
648 2219 822 2305 προσέχετε
845 2222 904 2286 τὸν
926 2231 1010 2287 νοῦν
1028 2214 1078 2299 οἷς
1096 2222 1173 2308 ἐρῶ,

164 2322 217 2393 ἵν’
239 2327 438 2404 ἀκούσαντες
471 2327 552 2411 ἐμοῦ
583 2327 666 2412 πρὸς
698 2325 837 2392 ἕκαστον
863 2338 930 2392 τῶν
956 2329 1021 2393 ὑπὸ
1050 2330 1173 2396 τούτου

165 2433 407 2519 ῥηθησομένων
430 2427 524 2517 ἔχηθ’
549 2433 797 2517 ὑπολαμβάνειν
820 2432 840 2497 ά
864 2435 923 2498 δεῖ.

138 2554 151 2595 ⁶
244 2539 359 2606 Ἔστιν
382 2541 445 2625 γάρ
468 2531 515 2616 εἷς
538 2537 599 2625 μέν
622 2539 662 2605 ὃν
681 2545 785 2606 οίεται
803 2551 959 2624 τεχνικῶς
977 2543 1063 2625 ἐχειν
1082 2543 1171 2632 αὐτῷ

164 2651 262 2732 λόγος
293 2646 367 2731 περί
399 2655 460 2712 τού
487 2646 766 2730 ἀπροβουλεύτου.
811 2649 913 2730 νόμος
940 2645 1024 2729 ἐστὶ,
1056 2647 1199 2733 φησλιφ

164 2755 223 2820 ἐὰν
251 2754 347 2833 ἀξίως
373 2752 394 2836 ἡ
420 2754 525 2836 βουλε)
549 2754 630 2838 δοκῇ
654 2754 833 2836 βουλεῦσαι
856 2754 1010 2835 δωρειᾶς,
1038 2755 1171 2821 διδόναι

163 2862 223 2926 τὸν
246 2862 358 2944 δῆμον
374 2860 434 2942 τὴν
458 2861 599 2944 δωρειάν
622 2858 713 2944 αὐτῇ.
758 2856 849 2924 ταῦτ’
877 2858 1041 2944 ἐπήρετο,
1055 2859 1170 2945 φησίν,

164 2967 375 3051 ούπιστάτης,
404 2967 687 3052 διεχειροτόνησεν
714 2964 732 3032 ὁ
756 2967 874 3050 δῆμος,
902 2966 1024 3046 ἔδοξεν.
1069 2965 1171 3037 οὐδὲν

164 3077 230 3157 δεῖ,
254 3071 351 3158 φησί,
374 3072 664 3157 προβουλεύματος
687 3070 847 3137 ἐνταῦθα·
870 3073 957 3138 ’κατά
978 3074 1042 3157 γάρ
1064 3077 1171 3160 νόμον

165 3178 206 3265 ἦν
228 3181 268 3245 τά
290 3181 478 3263 γιγνόμενα.
519 3176 583 3261 ἐγὼ
608 3174 639 3242 δ’
666 3177 746 3243 αὐτὸ
769 3178 967 3244 τούναντίον
990 3175 1091 3264 οἶμαι,
1114 3205 1170 3247 νο-

164 3291 243 3372 μίζω
267 3283 304 3350 δέ
321 3283 377 3350 καί
395 3283 475 3369 ὑμῖν
493 3283 678 3366 συνδόξειν,
701 3281 776 3366 περὶ
794 3285 923 3350 τούτων
941 3286 1013 3350 δελν
1031 3287 1072 3351 τά
1090 3309 1169 3372 προ-

164 3385 361 3476 βουλεύματ’
391 3389 542 3475 ἐκφέρειν
569 3393 697 3474 μόνων,
729 3389 804 3472 περὶ
832 3386 880 3457 ὧν
907 3393 1101 3458 κελεύουσιν
1128 3395 1225 3459 οίσθσ

165 3499 273 3580 νόμοι,
296 3495 364 3562 ἐπεὶ
383 3500 461 3576 περί
476 3493 505 3572 γ’
530 3492 577 3561 ὧν
596 3497 639 3581 μὴ
657 3509 782 3564 κεῖνται
800 3500 908 3582 νόμοι,
930 3494 1009 3564 οὐδὲ
1027 3501 1169 3584 γράφειν
