2612 3918
170 177 214 244 82
486 183 557 234 XXI.
581 179 860 234 ΔΗΜΟΣΘΕΝΟΤΣ

170 333 266 406 ούσαν
285 341 448 426 ἀντιλαχεῖν
465 343 535 424 ἐξῆν
554 343 636 430 αύτῷ
656 343 764 424 δήπου,
786 343 837 407 καί
854 343 929 425 πρὸς
946 341 996 424 ἐμὲ
1014 341 1047 406 τδ
1065 353 1186 426 πρᾶγμα

171 440 420 521 καταστήσασθαι,
442 439 516 523 πρὸς
540 441 632 523 ὅνπερ
654 441 684 516 ἐξ
707 439 797 523 ἀρχῆς
820 435 860 522 ήν
882 437 902 520 ή
926 442 1004 520 δίκη.
1040 435 1103 502 ἀλλ’
1127 439 1185 502 ούκ
1243 493 1246 500 .

169 536 318 618 ἐβούλετο·
355 533 419 600 ἀλλ’
444 537 494 599 ἵνα
522 537 562 618 μή
586 537 717 612 Μειδίας
745 537 885 618 ἀτίμητον
912 535 1091 620 ἀγωνίσηται
1113 535 1199 600 δέκα

170 624 253 714 μνῶν
275 634 374 714 δίκην,
396 633 469 716 πρὸς
491 631 531 714 ἣν
549 621 746 714 ούκίυνήντα
764 633 843 714 δέον,
865 633 916 697 καλ
933 635 961 696 εί
977 631 1031 714 μέν
1049 632 1185 714 ἠδίκηκε,

169 730 257 810 δίκην
281 731 335 816 δῷ,
358 728 385 792 εί
407 728 438 793 δέ
461 730 512 812 μή,
536 729 697 816 ἀποφύγη,
720 717 825 811 ἀτιμον
845 725 1016 810 Ἀθηναίων
1039 725 1082 792 ἐν’
1107 724 1185 792 εἶναι

170 827 218 888 δεῖ
239 825 290 889 καί
316 825 387 906 μήτε
414 827 590 909 συγγνώμης
613 827 684 908 μήτε
706 826 794 909 λόγου
822 826 893 908 μήτε
915 825 1070 899 ἐπιεικείας
1093 825 1184 907 μηδε-

169 931 238 1002 μιᾶς
263 929 380 1004 τυχεῖν,
406 921 426 986 ἀ
453 921 503 986 καί
530 930 591 997 τοῖς
619 919 711 995 δντως
734 920 889 985 ἀδικοῦσιν
911 917 1027 985 ἀπανθ’
1052 921 1200 1004 ῦπύρχει.’

128 1015 233 1080 91ἀλλ’
257 1017 358 1100 ἐπειδή
380 1015 409 1102 γ’
433 1019 579 1102 ήτίμιοσεν
601 1015 638 1081 δν
660 1017 831 1099 ἠβουλήθη,
854 1019 905 1082 καί
927 1015 1007 1082 τοῦτ’
1027 1014 1198 1102 ἐχαρίσαθ”’

170 1115 259 1201 αύτῷ,
281 1116 332 1178 καί
354 1117 409 1196 τήν
431 1115 539 1198 ἀναιδῆ
561 1116 696 1199 γνώμην,
718 1103 739 1204 ᾗ
762 1125 853 1178 ταῦτα
874 1122 1055 1198 προαιρεῖται
1075 1123 1183 1197 ποιεῖν,

168 1210 327 1292 ἐνέπλησεν
354 1213 462 1293 αὑτοῦ,
488 1208 577 1276 ἐκεῖν’
602 1213 736 1294 ἐποίησε,
764 1213 818 1292 τήν
845 1214 1007 1293 καταδίκην
1034 1213 1183 1295 ἐκτέτεικε,

170 1304 210 1370 δι’
234 1307 280 1388 ήν.
296 1310 348 1372 τὸν
370 1308 534 1392 ἀνδραπον
557 1309 721 1387 ἀπύλεσενς
749 1308 819 1373 ούδέ
841 1315 970 1398 χαλκοῦν
993 1309 1109 1372 ούδέπυ
1131 1310 1184 1373 καλ

169 1406 310 1488 τήμερον,
337 1405 409 1469 ἀλλὰ
434 1409 521 1488 δίκην
543 1407 666 1487 ἐξούλης
689 1406 830 1488 ύπομίνει
851 1407 982 1488 φεύγειν.
1028 1407 1140 1470 ούκοῦν
1163 1404 1181 1470 δ

170 1501 224 1584 μέν
245 1502 386 1584 ἠτίμωται
407 1504 457 1567 καλ
479 1505 699 1584 παραπόλωλεν,
722 1503 738 1566 δ
758 1499 787 1566 δ’
808 1498 877 1566 ούδ’
898 1501 1000 1566 ὁτιοῦν
1017 1503 1182 1585 πέπονθεν,

170 1596 233 1662 ἀλλ’
252 1598 315 1663 ἀνω
336 1603 414 1664 κύτω
437 1602 506 1675 τούς
528 1601 650 1681 νόμους,
673 1603 742 1676 τούς
766 1597 1046 1680 διαιτητὰς,πάνθ’
1067 1596 1112 1663 ὅτ’
1132 1600 1171 1664 διν
1181 1609 1240 1661 644

97 1773 99 1780 ¹
129 1711 156 1750 ⁹¹
169 1699 312 1778 βούληται
336 1697 460 1778 στρέφει.
495 1698 546 1760 καλ
568 1697 623 1778 τήν
645 1696 700 1779 μὲν
722 1696 794 1764 κατὰ
817 1707 870 1760 τοῦ
889 1699 1041 1778 διαιτητοῦ
1059 1709 1181 1780 γνῶσιν,

169 1791 209 1873 ήν
227 1792 429 1876 ἐτιρόσκλητον
446 1797 656 1858 κατεσκεύασεν
673 1793 772 1872 αδτδς,
789 1794 897 1874 κυρίαν
911 1792 993 1878 αύτῷ
1006 1795 1181 1874 πεποίηκεν·

169 1887 209 1969 ήν
232 1886 259 1951 δ’
282 1889 370 1964 αὐτὸς
393 1883 491 1970 ὦφλεν
513 1890 579 1970 ἐμοί
600 1890 808 1972 προσκληθείς,
831 1888 926 1970 είδδος,
950 1889 1006 1952 ούκ
1029 1889 1181 1972 ἀπαντῶν,

169 1984 282 2069 ἄκυρον
304 1993 390 2049 ποιεῖ.
438 1987 544 2050 καίτοι
571 1986 603 2049 εί
625 1985 714 2068 παρὰ
735 1995 803 2049 τῶν
826 1985 950 2068 ἔρημον
972 1985 1180 2069 καταδιαιτη-

170 2090 301 2176 σάντων
333 2089 437 2154 αὐτοῦ
466 2081 668 2176 τηλικαύτην
695 2091 792 2174 δίκην
819 2084 917 2166 οὗτος
943 2087 1032 2168 ἀξιοῖ
1046 2091 1181 2175 λαμβά-

169 2188 343 2277 νειν,,τίν”
359 2195 440 2280 ὑμῖν
462 2198 621 2279 προσήκει
643 2196 733 2278 παρὰ
750 2196 872 2261 τούτου
889 2198 1015 2279 λαβεῖν,
1037 2205 1098 2261 τοῦ
1116 2221 1180 2281 φα·
1241 2271 1243 2278 ρ

169 2289 275 2386 νερῶς
301 2301 390 2382 ούτιοΙ
415 2298 699 2393 τοὺςύμετέρους
725 2302 850 2384 νόμους
877 2295 931 2386 ἐφ’
957 2301 1053 2386 ὕβρει
1074 2323 1179 2387 παρα-

169 2395 359 2490 βαίνοντος;
382 2411 410 2473 εί
429 2409 485 2493 γὰρ
509 2408 608 2490 ἀτιμία
624 2409 674 2472 καί
692 2410 793 2490 νόμων
811 2411 862 2472 καλ
881 2411 973 2472 δικῶν
990 2409 1041 2474 καί
1058 2412 1179 2474 πάντων

170 2505 302 2588 στέρησις
323 2505 438 2573 ἐκείνου
461 2505 656 2585 τάδικήματος
678 2501 859 2587 προσήκουσ’
879 2506 957 2569 ἐστίν
976 2507 1055 2587 δίκη,
1078 2518 1130 2588 τῆς
1147 2504 1177 2591 γ’

129 2617 156 2658 ετ
170 2604 283 2685 ὕβρεως
310 2603 399 2688 μικρὰ
428 2604 560 2676 θάνατος
590 2603 735 2681 φαίνεται.
781 2598 864 2664 ἀλλὰ
895 2600 961 2683 μήν
993 2599 1038 2677 ὡς
1068 2599 1201 2688 ἀληθῆ,

170 2703 271 2789 λέγω,
298 2705 391 2770 κιίλει
413 2729 470 2789 μοι
492 2706 622 2770 τούτων
644 2706 722 2781 τοὺς
744 2705 928 2789 μάρτυρας,
953 2703 1008 2771 καλ
1029 2707 1090 2771 τὸν
1111 2718 1179 2788 τῶν
1197 2763 1200 2768 .

171 2811 347 2895 διαιτητῶν
371 2809 546 2905 ἀνάγνωθι
568 2812 682 2895 νόμον.
1198 2801 1201 2812 ’

570 3011 772 3066 mmmm

199 3179 218 3204 ‚¹
283 3121 516 3204 ,[Μκύστραιος
538 3122 777 3204 Μυρρινούσιος,
804 3122 920 3196 Φανίας
938 3115 1112 3201 Ἀφιδναῖος
1133 3125 1200 3188 οῖ’-Ἰ

215 3221 308 3302 δαμέν.
325 3218 537 3300 Δημοσθένην,
557 3206 580 3303 ᾧ
599 3227 814 3300 μαρτυροῦμεν,
831 3218 881 3281 καί
895 3221 1028 3281 Μειδίαν
1046 3220 1097 3282 τὸν
1115 3245 1179 3304 κρι-

214 3317 342 3398 νόμενον
355 3317 423 3380 asma
447 3314 678 3395 Δημοσθένους,
705 3310 749 3377 ὅτ’
773 3315 853 3400 αὐτῷ
876 3317 1076 3396 Δημοσθένης
1098 3316 1198 3401 ἐλαχε-

211 3413 349 3494 «τήνζτοῦ
375 3413 557 3496 κακηγορίου
584 3413 688 3492 δίκην,
719 3411 875 3493 ἑλομένους
903 3413 1055 3492 διαιτητήν
1082 3412 1202 3498 Στρύ-Ι

202 3515 305 3591 sm,
321 3509 451 3573 καλύπεί
468 3502 541 3589 ήκεν
558 3505 686 3588 ήκυρία
703 3519 756 3571 τοῦ
773 3509 886 3586 νόμον,
897 3509 953 3572 ούτ
970 3507 1180 3590 ἀπαντήσαντα
1200 3545 1201 3552 ¹
