<?xml version="1.0" encoding="UTF-8"?>
<!DOCTYPE html PUBLIC "-//W3C//DTD XHTML 1.0 Transitional//EN"
    "http://www.w3.org/TR/xhtml1/DTD/xhtml1-transitional.dtd">
<html xmlns="http://www.w3.org/1999/xhtml" xml:lang="en" lang="en">
 <head>
  <title>
</title>
<meta http-equiv="Content-Type" content="text/html;charset=utf-8" />
  <meta name='ocr-system' content='tesseract 3.04.00' />
  <meta name='ocr-capabilities' content='ocr_page ocr_carea ocr_par ocr_line ocrx_word'/>
</head>
<body>
  <div class='ocr_page' id='page_1' title='image "./orationes00demogoog_0443.png"; bbox 0 0 2590 3900; ppageno 0'>
   <div class='ocr_carea' id='block_1_1' title="bbox 166 169 866 252">
    <p class='ocr_par' dir='ltr' id='par_1_1' title="bbox 166 169 866 252">
     <span class='ocr_line' id='line_1_1' title="bbox 166 169 866 252; baseline -0.014 -18"><span class='ocrx_word' id='word_1_1' title='bbox 166 169 232 234; x_wconf 81' lang='lat'><strong><em>292</em></strong></span> <span class='ocrx_word' id='word_1_2' title='bbox 477 173 561 227; x_wconf 78' lang='lat' dir='ltr'>xxv,</span> <span class='ocrx_word' id='word_1_3' title='bbox 586 171 866 252; x_wconf 71' lang='grc' dir='ltr'><strong><em>ειεειοεοεηοεε</em></strong></span> 
     </span>
    </p>
   </div>
   <div class='ocr_carea' id='block_1_2' title="bbox 165 326 1286 820">
    <p class='ocr_par' dir='ltr' id='par_1_2' title="bbox 165 326 1286 820">
     <span class='ocr_line' id='line_1_2' title="bbox 166 326 1178 416; baseline 0 -20"><span class='ocrx_word' id='word_1_4' title='bbox 166 330 202 396; x_wconf 91' lang='grc' dir='ltr'><strong><em>οί</em></strong></span> <span class='ocrx_word' id='word_1_5' title='bbox 227 326 287 416; x_wconf 72' lang='grc' dir='ltr'><strong><em>μὲν</em></strong></span> <span class='ocrx_word' id='word_1_6' title='bbox 313 332 484 398; x_wconf 90' lang='grc' dir='ltr'><strong><em>κάλλιστοι</em></strong></span> <span class='ocrx_word' id='word_1_7' title='bbox 510 330 566 398; x_wconf 82' lang='grc' dir='ltr'><strong><em>καὶ</em></strong></span> <span class='ocrx_word' id='word_1_8' title='bbox 594 330 770 415; x_wconf 78' lang='grc' dir='ltr'><strong><em>ἁγιώτατοι</em></strong></span> <span class='ocrx_word' id='word_1_9' title='bbox 798 332 834 398; x_wconf 88' lang='grc' dir='ltr'><strong><em>ἐν</em></strong></span> <span class='ocrx_word' id='word_1_10' title='bbox 857 331 941 416; x_wconf 78' lang='grc' dir='ltr'><strong><em>αύτή</em></strong></span> <span class='ocrx_word' id='word_1_11' title='bbox 964 339 1003 416; x_wconf 73' lang='grc' dir='ltr'><strong><em>τῇ</em></strong></span> <span class='ocrx_word' id='word_1_12' title='bbox 1026 340 1116 416; x_wconf 76' lang='grc' dir='ltr'><strong><em>ψυχή</em></strong></span> <span class='ocrx_word' id='word_1_13' title='bbox 1139 340 1178 416; x_wconf 81' lang='grc' dir='ltr'><strong><em>τῇ</em></strong></span> 
     </span>
     <span class='ocr_line' id='line_1_3' title="bbox 166 433 1179 523; baseline 0 -22"><span class='ocrx_word' id='word_1_14' title='bbox 166 433 306 502; x_wconf 75' lang='grc' dir='ltr'><em>ἑκάστου</em></span> <span class='ocrx_word' id='word_1_15' title='bbox 328 436 383 503; x_wconf 79' lang='grc' dir='ltr'><strong><em>καί</em></strong></span> <span class='ocrx_word' id='word_1_16' title='bbox 405 447 445 523; x_wconf 74' lang='grc' dir='ltr'><strong><em>τῇ</em></strong></span> <span class='ocrx_word' id='word_1_17' title='bbox 464 439 575 521; x_wconf 88' lang='grc' dir='ltr'><strong><em>φύσει,</em></strong></span> <span class='ocrx_word' id='word_1_18' title='bbox 600 438 635 504; x_wconf 87' lang='grc' dir='ltr'><strong><em>οί</em></strong></span> <span class='ocrx_word' id='word_1_19' title='bbox 651 434 688 504; x_wconf 71' lang='grc' dir='ltr'><strong><em>δὲ</em></strong></span> <span class='ocrx_word' id='word_1_20' title='bbox 706 436 761 503; x_wconf 81' lang='grc' dir='ltr'><strong><em>καὶ</em></strong></span> <span class='ocrx_word' id='word_1_21' title='bbox 779 446 875 523; x_wconf 72' lang='grc' dir='ltr'><strong><em>κοινή</em></strong></span> <span class='ocrx_word' id='word_1_22' title='bbox 894 447 964 514; x_wconf 85' lang='grc' dir='ltr'><strong><em>τοῖς</em></strong></span> <span class='ocrx_word' id='word_1_23' title='bbox 981 446 1063 502; x_wconf 83' lang='grc' dir='ltr'><strong><em>πᾶσι</em></strong></span> <span class='ocrx_word' id='word_1_24' title='bbox 1080 446 1179 522; x_wconf 86' lang='grc' dir='ltr'><strong><em>τιμᾶν</em></strong></span> 
     </span>
     <span class='ocr_line' id='line_1_4' title="bbox 166 539 1286 645; baseline 0.001 -39"><span class='ocrx_word' id='word_1_25' title='bbox 166 541 353 626; x_wconf 78' lang='grc' dir='ltr'><strong><em>ἱδρυμένοι·</em></strong></span> <span class='ocrx_word' id='word_1_26' title='bbox 390 539 462 609; x_wconf 88' lang='grc' dir='ltr'><strong><em>ἀλλ’</em></strong></span> <span class='ocrx_word' id='word_1_27' title='bbox 495 544 557 609; x_wconf 88' lang='grc' dir='ltr'><strong><em>οὐκ</em></strong></span> <span class='ocrx_word' id='word_1_28' title='bbox 584 542 819 628; x_wconf 76' lang='grc' dir='ltr'><strong><em>ἀναισχυντίας</em></strong></span> <span class='ocrx_word' id='word_1_29' title='bbox 846 539 927 608; x_wconf 70' lang='grc' dir='ltr'><strong><em>οὐδὲ</em></strong></span> <span class='ocrx_word' id='word_1_30' title='bbox 954 547 1179 626; x_wconf 77' lang='grc' dir='ltr'><strong><em>συκοφαντίας</em></strong></span> <span class='ocrx_word' id='word_1_31' title='bbox 1285 617 1286 645; x_wconf 30' lang='grc' dir='ltr'><strong><em>χ</em></strong></span> 
     </span>
     <span class='ocr_line' id='line_1_5' title="bbox 166 644 1286 738; baseline 0.002 -26"><span class='ocrx_word' id='word_1_32' title='bbox 166 644 238 712; x_wconf 83' lang='grc' dir='ltr'><strong><em>οὐδ’</em></strong></span> <span class='ocrx_word' id='word_1_33' title='bbox 262 647 430 732; x_wconf 76' lang='grc' dir='ltr'><strong><em>ἐπιορκίας</em></strong></span> <span class='ocrx_word' id='word_1_34' title='bbox 453 644 528 717; x_wconf 84' lang='grc' dir='ltr'><strong><em>οὐδ’</em></strong></span> <span class='ocrx_word' id='word_1_35' title='bbox 549 649 750 734; x_wconf 88' lang='grc' dir='ltr'><strong><em>ἀχαριστίας,</em></strong></span> <span class='ocrx_word' id='word_1_36' title='bbox 774 649 795 715; x_wconf 80' lang='grc' dir='ltr'><strong><em>δ</em></strong></span> <span class='ocrx_word' id='word_1_37' title='bbox 817 649 925 715; x_wconf 87' lang='grc' dir='ltr'><strong><em>πάντα</em></strong></span> <span class='ocrx_word' id='word_1_38' title='bbox 947 650 1054 738; x_wconf 85' lang='grc' dir='ltr'><strong><em>τούτφ</em></strong></span> <span class='ocrx_word' id='word_1_39' title='bbox 1078 650 1180 734; x_wconf 89' lang='grc' dir='ltr'><strong><em>πρόσ-</em></strong></span> <span class='ocrx_word' id='word_1_40' title='bbox 1285 683 1286 692; x_wconf 42' lang='lat'>¹</span> 
     </span>
     <span class='ocr_line' id='line_1_6' title="bbox 165 770 264 820; baseline 0.01 -1"><span class='ocrx_word' id='word_1_41' title='bbox 165 770 264 820; x_wconf 89' lang='grc' dir='ltr'><strong><em>εστιν.</em></strong></span> 
     </span>
    </p>
   </div>
   <div class='ocr_carea' id='block_1_3' title="bbox 125 855 1286 1056">
    <p class='ocr_par' dir='ltr' id='par_1_3' title="bbox 125 855 1286 1056">
     <span class='ocr_line' id='line_1_7' title="bbox 125 855 1286 962; baseline 0.005 -43"><span class='ocrx_word' id='word_1_42' title='bbox 125 878 152 920; x_wconf 86' lang='grc' dir='ltr'><strong><em>ιι</em></strong></span> <span class='ocrx_word' id='word_1_43' title='bbox 256 855 342 927; x_wconf 78' lang='grc' dir='ltr'><strong><em>Οἶδα</em></strong></span> <span class='ocrx_word' id='word_1_44' title='bbox 363 864 481 928; x_wconf 87' lang='grc' dir='ltr'><strong><em>τοίνυν</em></strong></span> <span class='ocrx_word' id='word_1_45' title='bbox 504 861 555 928; x_wconf 83' lang='grc' dir='ltr'><strong><em>ὅτι</em></strong></span> <span class='ocrx_word' id='word_1_46' title='bbox 576 862 639 946; x_wconf 84' lang='grc' dir='ltr'><strong><em>τήν</em></strong></span> <span class='ocrx_word' id='word_1_47' title='bbox 661 858 722 947; x_wconf 76' lang='grc' dir='ltr'><strong><em>μὶν</em></strong></span> <span class='ocrx_word' id='word_1_48' title='bbox 743 861 852 947; x_wconf 80' lang='grc' dir='ltr'><strong><em>ὀρθήν</em></strong></span> <span class='ocrx_word' id='word_1_49' title='bbox 869 859 926 927; x_wconf 78' lang='grc' dir='ltr'><strong><em>καὶ</em></strong></span> <span class='ocrx_word' id='word_1_50' title='bbox 944 863 1078 927; x_wconf 89' lang='grc' dir='ltr'><strong><em>δικαίαν</em></strong></span> <span class='ocrx_word' id='word_1_51' title='bbox 1096 860 1178 926; x_wconf 85' lang='grc' dir='ltr'><strong><em>όδὸν</em></strong></span> <span class='ocrx_word' id='word_1_52' title='bbox 1285 955 1286 962; x_wconf 14' lang='grc' dir='ltr'><strong><em>χ</em></strong></span> 
     </span>
     <span class='ocr_line' id='line_1_8' title="bbox 164 961 1286 1056; baseline 0.002 -27"><span class='ocrx_word' id='word_1_53' title='bbox 164 971 223 1048; x_wconf 88' lang='grc' dir='ltr'><strong><em>τής</em></strong></span> <span class='ocrx_word' id='word_1_54' title='bbox 246 963 426 1050; x_wconf 78' lang='grc' dir='ltr'><strong><em>ἀπολογίας</em></strong></span> <span class='ocrx_word' id='word_1_55' title='bbox 448 961 547 1044; x_wconf 82' lang='grc' dir='ltr'><strong><em>οὗτος</em></strong></span> <span class='ocrx_word' id='word_1_56' title='bbox 569 966 733 1053; x_wconf 81' lang='grc' dir='ltr'><strong><em>φεύξεται,</em></strong></span> <span class='ocrx_word' id='word_1_57' title='bbox 758 967 883 1048; x_wconf 77' lang='grc' dir='ltr'><strong><em>ἐξωδεν</em></strong></span> <span class='ocrx_word' id='word_1_58' title='bbox 904 964 941 1033; x_wconf 84' lang='grc' dir='ltr'><strong><em>δέ</em></strong></span> <span class='ocrx_word' id='word_1_59' title='bbox 960 967 1069 1056; x_wconf 82' lang='grc' dir='ltr'><strong><em>κύκλφ</em></strong></span> <span class='ocrx_word' id='word_1_60' title='bbox 1088 969 1177 1050; x_wconf 81' lang='grc' dir='ltr'><strong><em>περί</em></strong></span> <span class='ocrx_word' id='word_1_61' title='bbox 1285 1025 1286 1030; x_wconf 73' lang='grc'><strong><em>,</em></strong></span> 
     </span>
    </p>
   </div>
   <div class='ocr_carea' id='block_1_4' title="bbox 126 1068 1229 3591">
    <p class='ocr_par' dir='ltr' id='par_1_4' title="bbox 126 1068 1229 3591">
     <span class='ocr_line' id='line_1_9' title="bbox 165 1068 1229 1158; baseline 0.001 -24"><span class='ocrx_word' id='word_1_62' title='bbox 165 1085 229 1134; x_wconf 93' lang='grc' dir='ltr'><strong><em>εισι</em></strong></span> <span class='ocrx_word' id='word_1_63' title='bbox 257 1071 515 1158; x_wconf 89' lang='grc' dir='ltr'><strong><em>λοιδορούμενος</em></strong></span> <span class='ocrx_word' id='word_1_64' title='bbox 537 1071 593 1139; x_wconf 78' lang='grc' dir='ltr'><strong><em>καὶ</em></strong></span> <span class='ocrx_word' id='word_1_65' title='bbox 615 1073 805 1155; x_wconf 75' lang='grc' dir='ltr'><strong><em>διαβάλλων</em></strong></span> <span class='ocrx_word' id='word_1_66' title='bbox 827 1070 883 1139; x_wconf 81' lang='grc' dir='ltr'><strong><em>καὶ</em></strong></span> <span class='ocrx_word' id='word_1_67' title='bbox 904 1068 1229 1158; x_wconf 73' lang='grc' dir='ltr'><strong><em>ύπισχνούμενόςλει</em></strong></span> 
     </span>
     <span class='ocr_line' id='line_1_10' title="bbox 164 1175 1178 1264; baseline 0.004 -24"><span class='ocrx_word' id='word_1_68' title='bbox 164 1187 302 1259; x_wconf 80' lang='grc' dir='ltr'><strong><em>κρινεῖν,</em></strong></span> <span class='ocrx_word' id='word_1_69' title='bbox 326 1176 481 1262; x_wconf 78' lang='grc' dir='ltr'><strong><em>εἰσάξειν,</em></strong></span> <span class='ocrx_word' id='word_1_70' title='bbox 504 1180 727 1264; x_wconf 88' lang='grc' dir='ltr'><strong><em>παραδώσειν,</em></strong></span> <span class='ocrx_word' id='word_1_71' title='bbox 749 1180 791 1244; x_wconf 78' lang='grc' dir='ltr'><strong><em>τὰ</em></strong></span> <span class='ocrx_word' id='word_1_72' title='bbox 810 1187 946 1245; x_wconf 84' lang='grc' dir='ltr'><strong><em>τοιαῦτα</em></strong></span> <span class='ocrx_word' id='word_1_73' title='bbox 965 1180 1016 1263; x_wconf 92' lang='grc' dir='ltr'><strong><em>δή.</em></strong></span> <span class='ocrx_word' id='word_1_74' title='bbox 1053 1181 1122 1244; x_wconf 85' lang='grc' dir='ltr'><strong><em>ἐστι</em></strong></span> <span class='ocrx_word' id='word_1_75' title='bbox 1141 1175 1178 1244; x_wconf 79' lang='grc' dir='ltr'><strong><em>δέ</em></strong></span> 
     </span>
     <span class='ocr_line' id='line_1_11' title="bbox 164 1277 1178 1372; baseline 0.005 -27"><span class='ocrx_word' id='word_1_76' title='bbox 164 1277 260 1346; x_wconf 85' lang='grc' dir='ltr'><strong><em>πάντ’</em></strong></span> <span class='ocrx_word' id='word_1_77' title='bbox 287 1282 376 1372; x_wconf 70' lang='grc' dir='ltr'><strong><em>αὐτῷ</em></strong></span> <span class='ocrx_word' id='word_1_78' title='bbox 399 1281 505 1368; x_wconf 85' lang='grc' dir='ltr'><strong><em>ταῦτ’,</em></strong></span> <span class='ocrx_word' id='word_1_79' title='bbox 534 1285 654 1369; x_wconf 86' lang='grc' dir='ltr'><strong><em>ἐάνπερ</em></strong></span> <span class='ocrx_word' id='word_1_80' title='bbox 677 1285 771 1369; x_wconf 87' lang='grc' dir='ltr'><strong><em>ὑμεῖς</em></strong></span> <span class='ocrx_word' id='word_1_81' title='bbox 793 1284 905 1370; x_wconf 73' lang='grc' dir='ltr'><strong><em>ὀρθῶς</em></strong></span> <span class='ocrx_word' id='word_1_82' title='bbox 928 1282 1077 1369; x_wconf 88' lang='grc' dir='ltr'><strong><em>ἀκούητ’,</em></strong></span> <span class='ocrx_word' id='word_1_83' title='bbox 1100 1284 1178 1350; x_wconf 88' lang='grc' dir='ltr'><strong><em>ἀδό-</em></strong></span> 
     </span>
     <span class='ocr_line' id='line_1_12' title="bbox 165 1388 1178 1476; baseline 0.003 -25"><span class='ocrx_word' id='word_1_84' title='bbox 165 1410 253 1472; x_wconf 88' lang='grc' dir='ltr'><strong><em>κιμα.</em></strong></span> <span class='ocrx_word' id='word_1_85' title='bbox 297 1391 334 1455; x_wconf 91' lang='grc' dir='ltr'><strong><em>τί</em></strong></span> <span class='ocrx_word' id='word_1_86' title='bbox 360 1391 424 1475; x_wconf 85' lang='grc' dir='ltr'><strong><em>γάρ</em></strong></span> <span class='ocrx_word' id='word_1_87' title='bbox 457 1391 520 1457; x_wconf 88' lang='grc' dir='ltr'><strong><em>οὐκ</em></strong></span> <span class='ocrx_word' id='word_1_88' title='bbox 552 1390 777 1476; x_wconf 71' lang='grc' dir='ltr'><strong><em>ἐξελήλεγκται</em></strong></span> <span class='ocrx_word' id='word_1_89' title='bbox 808 1391 937 1456; x_wconf 89' lang='grc' dir='ltr'><strong><em>τούτων</em></strong></span> <span class='ocrx_word' id='word_1_90' title='bbox 964 1388 1017 1457; x_wconf 82' lang='grc' dir='ltr'><strong><em>ἐπὶ</em></strong></span> <span class='ocrx_word' id='word_1_91' title='bbox 1043 1390 1178 1456; x_wconf 88' lang='grc' dir='ltr'><strong><em>πάντων</em></strong></span> 
     </span>
     <span class='ocr_line' id='line_1_13' title="bbox 126 1492 1178 1582; baseline 0.01 -30"><span class='ocrx_word' id='word_1_92' title='bbox 126 1512 152 1553; x_wconf 84' lang='grc' dir='ltr'><strong><em>ιτ</em></strong></span> <span class='ocrx_word' id='word_1_93' title='bbox 166 1495 338 1571; x_wconf 82' lang='grc' dir='ltr'><strong><em>πολλάκις;</em></strong></span> <span class='ocrx_word' id='word_1_94' title='bbox 371 1494 426 1562; x_wconf 84' lang='grc' dir='ltr'><strong><em>καλ</em></strong></span> <span class='ocrx_word' id='word_1_95' title='bbox 452 1497 493 1562; x_wconf 78' lang='grc' dir='ltr'><strong><em>τά</em></strong></span> <span class='ocrx_word' id='word_1_96' title='bbox 521 1492 581 1581; x_wconf 79' lang='grc' dir='ltr'><strong><em>μέν</em></strong></span> <span class='ocrx_word' id='word_1_97' title='bbox 607 1493 679 1564; x_wconf 85' lang='grc' dir='ltr'><strong><em>ἀλλ’</em></strong></span> <span class='ocrx_word' id='word_1_98' title='bbox 706 1497 805 1563; x_wconf 83' lang='grc' dir='ltr'><strong><em>ἐάσω·</em></strong></span> <span class='ocrx_word' id='word_1_99' title='bbox 837 1493 908 1562; x_wconf 91' lang='grc' dir='ltr'><strong><em>ἀλλ’</em></strong></span> <span class='ocrx_word' id='word_1_100' title='bbox 936 1494 1178 1582; x_wconf 80' lang='grc' dir='ltr'><strong><em>Ἀριστογεῖτον</em></strong></span> 
     </span>
     <span class='ocr_line' id='line_1_14' title="bbox 165 1598 1178 1687; baseline 0.002 -21"><span class='ocrx_word' id='word_1_101' title='bbox 165 1598 244 1666; x_wconf 79' lang='grc' dir='ltr'><strong><em>ἑκτά</em></strong></span> <span class='ocrx_word' id='word_1_102' title='bbox 274 1601 406 1684; x_wconf 80' lang='grc' dir='ltr'><strong><em>γραφὰς</em></strong></span> <span class='ocrx_word' id='word_1_103' title='bbox 432 1600 584 1687; x_wconf 76' lang='grc' dir='ltr'><strong><em>κέκρικάς</em></strong></span> <span class='ocrx_word' id='word_1_104' title='bbox 611 1599 671 1686; x_wconf 75' lang='grc' dir='ltr'><strong><em>με,</em></strong></span> <span class='ocrx_word' id='word_1_105' title='bbox 698 1613 768 1679; x_wconf 90' lang='grc' dir='ltr'><strong><em>τοῖς</em></strong></span> <span class='ocrx_word' id='word_1_106' title='bbox 794 1598 878 1684; x_wconf 77' lang='grc' dir='ltr'><strong><em>ὑπὲρ</em></strong></span> <span class='ocrx_word' id='word_1_107' title='bbox 910 1605 1078 1668; x_wconf 87' lang='grc' dir='ltr'><strong><em>Φιλίππου</em></strong></span> <span class='ocrx_word' id='word_1_108' title='bbox 1104 1603 1178 1668; x_wconf 89' lang='grc' dir='ltr'><strong><em>τότε</em></strong></span> 
     </span>
     <span class='ocr_line' id='line_1_15' title="bbox 164 1706 1179 1792; baseline 0.004 -22"><span class='ocrx_word' id='word_1_109' title='bbox 164 1707 347 1790; x_wconf 91' lang='grc' dir='ltr'><strong><em>πράττουσι</em></strong></span> <span class='ocrx_word' id='word_1_110' title='bbox 377 1708 518 1774; x_wconf 86' lang='grc' dir='ltr'><strong><em>σεαυτὸν</em></strong></span> <span class='ocrx_word' id='word_1_111' title='bbox 545 1709 734 1792; x_wconf 72' lang='grc' dir='ltr'><strong><em>μισθώσας,</em></strong></span> <span class='ocrx_word' id='word_1_112' title='bbox 766 1706 822 1774; x_wconf 84' lang='grc' dir='ltr'><strong><em>καὶ</em></strong></span> <span class='ocrx_word' id='word_1_113' title='bbox 850 1708 997 1785; x_wconf 74' lang='grc' dir='ltr'><strong><em>εὐθύνας</em></strong></span> <span class='ocrx_word' id='word_1_114' title='bbox 1025 1711 1179 1787; x_wconf 78' lang='grc' dir='ltr'><strong><em>διδόντος</em></strong></span> 
     </span>
     <span class='ocr_line' id='line_1_16' title="bbox 165 1809 1177 1899; baseline 0.003 -22"><span class='ocrx_word' id='word_1_115' title='bbox 165 1809 217 1888; x_wconf 79' lang='grc' dir='ltr'><strong><em>δὶς</em></strong></span> <span class='ocrx_word' id='word_1_116' title='bbox 243 1815 479 1897; x_wconf 90' lang='grc' dir='ltr'><strong><em>κατηγόρησας.</em></strong></span> <span class='ocrx_word' id='word_1_117' title='bbox 525 1811 581 1879; x_wconf 80' lang='grc' dir='ltr'><strong><em>καί</em></strong></span> <span class='ocrx_word' id='word_1_118' title='bbox 605 1811 820 1895; x_wconf 83' lang='grc' dir='ltr'><strong><em>Ἀδράστειαν</em></strong></span> <span class='ocrx_word' id='word_1_119' title='bbox 842 1809 904 1897; x_wconf 80' lang='grc' dir='ltr'><strong><em>μέν</em></strong></span> <span class='ocrx_word' id='word_1_120' title='bbox 926 1815 1107 1899; x_wconf 76' lang='grc' dir='ltr'><strong><em>ἅνθρωπος</em></strong></span> <span class='ocrx_word' id='word_1_121' title='bbox 1130 1815 1177 1880; x_wconf 79' lang='grc' dir='ltr'><strong><em>ὢν</em></strong></span> 
     </span>
     <span class='ocr_line' id='line_1_17' title="bbox 164 1915 1178 2005; baseline 0.003 -23"><span class='ocrx_word' id='word_1_122' title='bbox 164 1928 358 2002; x_wconf 82' lang='grc' dir='ltr'><strong><em>προσκυνῶ,</em></strong></span> <span class='ocrx_word' id='word_1_123' title='bbox 384 1915 440 1983; x_wconf 81' lang='grc' dir='ltr'><strong><em>καὶ</em></strong></span> <span class='ocrx_word' id='word_1_124' title='bbox 469 1920 532 2002; x_wconf 83' lang='grc' dir='ltr'><strong><em>ἔχω</em></strong></span> <span class='ocrx_word' id='word_1_125' title='bbox 557 1929 627 1996; x_wconf 80' lang='grc' dir='ltr'><strong><em>τοῖς</em></strong></span> <span class='ocrx_word' id='word_1_126' title='bbox 649 1925 743 1997; x_wconf 76' lang='grc' dir='ltr'><strong><em>θεοῖς</em></strong></span> <span class='ocrx_word' id='word_1_127' title='bbox 765 1918 820 1985; x_wconf 77' lang='grc' dir='ltr'><strong><em>καί</em></strong></span> <span class='ocrx_word' id='word_1_128' title='bbox 843 1929 944 1984; x_wconf 81' lang='grc' dir='ltr'><strong><em>πᾶσιν</em></strong></span> <span class='ocrx_word' id='word_1_129' title='bbox 966 1920 1047 2005; x_wconf 86' lang='grc' dir='ltr'><strong><em>ὑμῖν</em></strong></span> <span class='ocrx_word' id='word_1_130' title='bbox 1071 1916 1097 1986; x_wconf 87' lang='grc' dir='ltr'><strong><em>ώ</em></strong></span> <span class='ocrx_word' id='word_1_131' title='bbox 1120 1922 1178 1986; x_wconf 82' lang='grc' dir='ltr'><strong><em>ἀν-</em></strong></span> 
     </span>
     <span class='ocr_line' id='line_1_18' title="bbox 166 2018 1178 2111; baseline 0.006 -23"><span class='ocrx_word' id='word_1_132' title='bbox 166 2023 242 2108; x_wconf 87' lang='grc' dir='ltr'><strong><em>δρες</em></strong></span> <span class='ocrx_word' id='word_1_133' title='bbox 265 2018 439 2108; x_wconf 76' lang='grc' dir='ltr'><strong><em>Ἀθηναῖοι</em></strong></span> <span class='ocrx_word' id='word_1_134' title='bbox 465 2034 535 2100; x_wconf 83' lang='grc' dir='ltr'><strong><em>τοῖς</em></strong></span> <span class='ocrx_word' id='word_1_135' title='bbox 564 2025 695 2090; x_wconf 90' lang='grc' dir='ltr'><strong><em>σώσασί</em></strong></span> <span class='ocrx_word' id='word_1_136' title='bbox 718 2047 757 2110; x_wconf 87' lang='grc' dir='ltr'><strong><em>με</em></strong></span> <span class='ocrx_word' id='word_1_137' title='bbox 785 2027 912 2109; x_wconf 88' lang='grc' dir='ltr'><strong><em>πολλήν</em></strong></span> <span class='ocrx_word' id='word_1_138' title='bbox 939 2027 1050 2111; x_wconf 90' lang='grc' dir='ltr'><strong><em>χάριν·</em></strong></span> <span class='ocrx_word' id='word_1_139' title='bbox 1083 2027 1178 2095; x_wconf 86' lang='grc' dir='ltr'><strong><em>οὐδε·</em></strong></span> 
     </span>
     <span class='ocr_line' id='line_1_19' title="bbox 164 2124 1178 2215; baseline 0.005 -21"><span class='ocrx_word' id='word_1_140' title='bbox 164 2128 294 2196; x_wconf 86' lang='grc' dir='ltr'><strong><em>πώποτε</em></strong></span> <span class='ocrx_word' id='word_1_141' title='bbox 318 2124 350 2194; x_wconf 89' lang='grc' dir='ltr'><strong><em>δ’</em></strong></span> <span class='ocrx_word' id='word_1_142' title='bbox 377 2126 478 2195; x_wconf 72' lang='grc' dir='ltr'><strong><em>οὐδὲν</em></strong></span> <span class='ocrx_word' id='word_1_143' title='bbox 501 2127 625 2213; x_wconf 73' lang='grc' dir='ltr'><strong><em>ἀληθὲς</em></strong></span> <span class='ocrx_word' id='word_1_144' title='bbox 647 2129 754 2214; x_wconf 86' lang='grc' dir='ltr'><strong><em>λόγων</em></strong></span> <span class='ocrx_word' id='word_1_145' title='bbox 777 2130 917 2215; x_wconf 82' lang='grc' dir='ltr'><strong><em>ἐφάνης,</em></strong></span> <span class='ocrx_word' id='word_1_146' title='bbox 947 2129 1018 2197; x_wconf 88' lang='grc' dir='ltr'><strong><em>ἀλλ’</em></strong></span> <span class='ocrx_word' id='word_1_147' title='bbox 1046 2130 1097 2198; x_wconf 82' lang='grc' dir='ltr'><strong><em>ἀεὶ</em></strong></span> <span class='ocrx_word' id='word_1_148' title='bbox 1120 2151 1178 2198; x_wconf 92' lang='grc' dir='ltr'><strong><em>συ-</em></strong></span> 
     </span>
     <span class='ocr_line' id='line_1_20' title="bbox 165 2230 1178 2323; baseline 0.004 -23"><span class='ocrx_word' id='word_1_149' title='bbox 165 2245 342 2320; x_wconf 81' lang='grc' dir='ltr'><strong><em>κοφαντῶν</em></strong></span> <span class='ocrx_word' id='word_1_150' title='bbox 374 2233 525 2320; x_wconf 84' lang='grc' dir='ltr'><strong><em>ήλέγχου.</em></strong></span> <span class='ocrx_word' id='word_1_151' title='bbox 580 2234 639 2302; x_wconf 78' lang='grc' dir='ltr'><strong><em>ἐὰν</em></strong></span> <span class='ocrx_word' id='word_1_152' title='bbox 671 2230 734 2301; x_wconf 86' lang='grc' dir='ltr'><strong><em>οὖν</em></strong></span> <span class='ocrx_word' id='word_1_153' title='bbox 766 2235 910 2322; x_wconf 88' lang='grc' dir='ltr'><strong><em>ἀκύρους</em></strong></span> <span class='ocrx_word' id='word_1_154' title='bbox 940 2241 1020 2315; x_wconf 87' lang='grc' dir='ltr'><strong><em>τοὺς</em></strong></span> <span class='ocrx_word' id='word_1_155' title='bbox 1054 2242 1178 2323; x_wconf 92' lang='grc' dir='ltr'><strong><em>νόμους</em></strong></span> 
     </span>
     <span class='ocr_line' id='line_1_21' title="bbox 166 2334 1178 2429; baseline 0.007 -24"><span class='ocrx_word' id='word_1_156' title='bbox 166 2334 259 2407; x_wconf 83' lang='grc' dir='ltr'><strong><em>οὗτοι</em></strong></span> <span class='ocrx_word' id='word_1_157' title='bbox 287 2345 485 2424; x_wconf 77' lang='grc' dir='ltr'><strong><em>ποιήσαντες</em></strong></span> <span class='ocrx_word' id='word_1_158' title='bbox 513 2341 627 2425; x_wconf 80' lang='grc' dir='ltr'><strong><em>ἀφῶσί</em></strong></span> <span class='ocrx_word' id='word_1_159' title='bbox 651 2358 688 2407; x_wconf 94' lang='grc' dir='ltr'><strong><em>σε</em></strong></span> <span class='ocrx_word' id='word_1_160' title='bbox 715 2345 873 2427; x_wconf 81' lang='grc' dir='ltr'><strong><em>τήμερον,</em></strong></span> <span class='ocrx_word' id='word_1_161' title='bbox 901 2353 966 2409; x_wconf 85' lang='grc' dir='ltr'><strong><em>νῦν</em></strong></span> <span class='ocrx_word' id='word_1_162' title='bbox 993 2342 1026 2429; x_wconf 88' lang='grc' dir='ltr'><strong><em>μ’</em></strong></span> <span class='ocrx_word' id='word_1_163' title='bbox 1055 2345 1178 2429; x_wconf 82' lang='grc' dir='ltr'><strong><em>ἐξελέγ-</em></strong></span> 
     </span>
     <span class='ocr_line' id='line_1_22' title="bbox 126 2443 1178 2535; baseline 0.011 -29"><span class='ocrx_word' id='word_1_164' title='bbox 126 2466 152 2506; x_wconf 85' lang='grc' dir='ltr'><strong><em>ω</em></strong></span> <span class='ocrx_word' id='word_1_165' title='bbox 167 2447 246 2525; x_wconf 84' lang='grc' dir='ltr'><strong><em>ξεις;</em></strong></span> <span class='ocrx_word' id='word_1_166' title='bbox 270 2443 346 2532; x_wconf 76' lang='grc' dir='ltr'><strong><em>περὶ</em></strong></span> <span class='ocrx_word' id='word_1_167' title='bbox 363 2455 438 2526; x_wconf 76' lang='grc' dir='ltr'><strong><em>τοῦς</em></strong></span> <span class='ocrx_word' id='word_1_168' title='bbox 463 2458 614 2512; x_wconf 80' lang='grc' dir='ltr'><strong><em>σκοπεῖτε</em></strong></span> <span class='ocrx_word' id='word_1_169' title='bbox 633 2448 697 2531; x_wconf 83' lang='grc' dir='ltr'><strong><em>γὰρ</em></strong></span> <span class='ocrx_word' id='word_1_170' title='bbox 716 2447 848 2512; x_wconf 86' lang='grc' dir='ltr'><strong><em>οὑτωσί.</em></strong></span> <span class='ocrx_word' id='word_1_171' title='bbox 885 2445 938 2513; x_wconf 89' lang='grc' dir='ltr'><strong><em>δύ’</em></strong></span> <span class='ocrx_word' id='word_1_172' title='bbox 961 2451 1015 2534; x_wconf 83' lang='grc' dir='ltr'><strong><em>ἐτη</em></strong></span> <span class='ocrx_word' id='word_1_173' title='bbox 1034 2452 1178 2535; x_wconf 84' lang='grc' dir='ltr'><strong><em>βιάζεται</em></strong></span> 
     </span>
     <span class='ocr_line' id='line_1_23' title="bbox 166 2546 1178 2642; baseline 0.004 -24"><span class='ocrx_word' id='word_1_174' title='bbox 166 2551 275 2636; x_wconf 81' lang='grc' dir='ltr'><strong><em>λέγειν</em></strong></span> <span class='ocrx_word' id='word_1_175' title='bbox 307 2546 420 2635; x_wconf 83' lang='grc' dir='ltr'><strong><em>οὗτος,</em></strong></span> <span class='ocrx_word' id='word_1_176' title='bbox 454 2551 515 2618; x_wconf 89' lang='grc' dir='ltr'><strong><em>ούκ</em></strong></span> <span class='ocrx_word' id='word_1_177' title='bbox 547 2552 621 2633; x_wconf 78' lang='grc' dir='ltr'><strong><em>ἐξὸν</em></strong></span> <span class='ocrx_word' id='word_1_178' title='bbox 654 2552 759 2642; x_wconf 70' lang='grc' dir='ltr'><strong><em>αύτῷ,</em></strong></span> <span class='ocrx_word' id='word_1_179' title='bbox 790 2552 874 2619; x_wconf 79' lang='grc' dir='ltr'><strong><em>ἀλλὰ</em></strong></span> <span class='ocrx_word' id='word_1_180' title='bbox 905 2551 994 2639; x_wconf 82' lang='grc' dir='ltr'><strong><em>λέγει</em></strong></span> <span class='ocrx_word' id='word_1_181' title='bbox 1020 2550 1052 2639; x_wconf 92' lang='grc' dir='ltr'><strong><em>γ’</em></strong></span> <span class='ocrx_word' id='word_1_182' title='bbox 1082 2559 1178 2642; x_wconf 85' lang='grc' dir='ltr'><strong><em>ὅμως.</em></strong></span> 
     </span>
     <span class='ocr_line' id='line_1_24' title="bbox 166 2653 1178 2747; baseline 0.006 -23"><span class='ocrx_word' id='word_1_183' title='bbox 166 2653 264 2724; x_wconf 81' lang='grc' dir='ltr'><strong><em>ἔπειτ’</em></strong></span> <span class='ocrx_word' id='word_1_184' title='bbox 295 2657 332 2724; x_wconf 84' lang='grc' dir='ltr'><strong><em>ἐν</em></strong></span> <span class='ocrx_word' id='word_1_185' title='bbox 364 2659 495 2735; x_wconf 89' lang='grc' dir='ltr'><strong><em>τούτοις</em></strong></span> <span class='ocrx_word' id='word_1_186' title='bbox 522 2659 581 2724; x_wconf 90' lang='grc' dir='ltr'><strong><em>τὸν</em></strong></span> <span class='ocrx_word' id='word_1_187' title='bbox 609 2654 670 2743; x_wconf 74' lang='grc' dir='ltr'><strong><em>μὲν</em></strong></span> <span class='ocrx_word' id='word_1_188' title='bbox 698 2661 908 2741; x_wconf 88' lang='grc' dir='ltr'><strong><em>ταλαίπωρον</em></strong></span> <span class='ocrx_word' id='word_1_189' title='bbox 939 2663 1096 2747; x_wconf 88' lang='grc' dir='ltr'><strong><em>Φωκίδην</em></strong></span> <span class='ocrx_word' id='word_1_190' title='bbox 1123 2661 1178 2729; x_wconf 78' lang='grc' dir='ltr'><strong><em>καὶ</em></strong></span> 
     </span>
     <span class='ocr_line' id='line_1_25' title="bbox 166 2763 1177 2854; baseline 0.007 -25"><span class='ocrx_word' id='word_1_191' title='bbox 166 2766 225 2831; x_wconf 93' lang='grc' dir='ltr'><strong><em>τὸν</em></strong></span> <span class='ocrx_word' id='word_1_192' title='bbox 248 2766 456 2850; x_wconf 91' lang='grc' dir='ltr'><strong><em>χαλκοτύπον</em></strong></span> <span class='ocrx_word' id='word_1_193' title='bbox 478 2765 538 2831; x_wconf 78' lang='grc' dir='ltr'><strong><em>τὸν</em></strong></span> <span class='ocrx_word' id='word_1_194' title='bbox 561 2764 597 2830; x_wconf 84' lang='grc' dir='ltr'><strong><em>ἐκ</em></strong></span> <span class='ocrx_word' id='word_1_195' title='bbox 620 2769 787 2850; x_wconf 79' lang='grc' dir='ltr'><strong><em>Πειραιῶς</em></strong></span> <span class='ocrx_word' id='word_1_196' title='bbox 808 2763 940 2832; x_wconf 79' lang='grc' dir='ltr'><strong><em>καὶτὸν</em></strong></span> <span class='ocrx_word' id='word_1_197' title='bbox 959 2770 1177 2854; x_wconf 78' lang='grc' dir='ltr'><strong><em>σκυλόδεψον,</em></strong></span> 
     </span>
     <span class='ocr_line' id='line_1_26' title="bbox 166 2868 1179 2958; baseline 0.006 -22"><span class='ocrx_word' id='word_1_198' title='bbox 166 2868 222 2936; x_wconf 84' lang='grc' dir='ltr'><strong><em>καὶ</em></strong></span> <span class='ocrx_word' id='word_1_199' title='bbox 245 2872 335 2936; x_wconf 85' lang='grc' dir='ltr'><strong><em>ὅσων</em></strong></span> <span class='ocrx_word' id='word_1_200' title='bbox 357 2872 468 2936; x_wconf 84' lang='grc' dir='ltr'><strong><em>ἀλλων</em></strong></span> <span class='ocrx_word' id='word_1_201' title='bbox 490 2873 693 2958; x_wconf 84' lang='grc' dir='ltr'><strong><em>κατηγόρηκε</em></strong></span> <span class='ocrx_word' id='word_1_202' title='bbox 715 2868 792 2956; x_wconf 91' lang='grc' dir='ltr'><strong><em>παρ’</em></strong></span> <span class='ocrx_word' id='word_1_203' title='bbox 819 2872 910 2956; x_wconf 81' lang='grc' dir='ltr'><strong><em>ὑμῖν,</em></strong></span> <span class='ocrx_word' id='word_1_204' title='bbox 936 2868 998 2938; x_wconf 80' lang='grc' dir='ltr'><strong><em>εἶδ’</em></strong></span> <span class='ocrx_word' id='word_1_205' title='bbox 1025 2874 1179 2942; x_wconf 84' lang='grc' dir='ltr'><strong><em>ἀδικοῦν·</em></strong></span> 
     </span>
     <span class='ocr_line' id='line_1_27' title="bbox 166 2971 1179 3067; baseline 0.007 -26"><span class='ocrx_word' id='word_1_206' title='bbox 166 3001 224 3053; x_wconf 90' lang='grc' dir='ltr'><strong><em>τας</em></strong></span> <span class='ocrx_word' id='word_1_207' title='bbox 250 2978 311 3060; x_wconf 90' lang='grc' dir='ltr'><strong><em>τήν</em></strong></span> <span class='ocrx_word' id='word_1_208' title='bbox 340 2980 453 3061; x_wconf 90' lang='grc' dir='ltr'><strong><em>πόλιν,</em></strong></span> <span class='ocrx_word' id='word_1_209' title='bbox 483 2974 539 3062; x_wconf 71' lang='grc' dir='ltr'><strong><em>ἐμὲ</em></strong></span> <span class='ocrx_word' id='word_1_210' title='bbox 567 2971 599 3042; x_wconf 88' lang='grc' dir='ltr'><strong><em>δ’</em></strong></span> <span class='ocrx_word' id='word_1_211' title='bbox 625 2978 686 3063; x_wconf 84' lang='grc' dir='ltr'><strong><em>οὐχ</em></strong></span> <span class='ocrx_word' id='word_1_212' title='bbox 709 2975 795 3061; x_wconf 79' lang='grc' dir='ltr'><strong><em>ἑώρα</em></strong></span> <span class='ocrx_word' id='word_1_213' title='bbox 817 2979 876 3043; x_wconf 91' lang='grc' dir='ltr'><strong><em>τὸν</em></strong></span> <span class='ocrx_word' id='word_1_214' title='bbox 900 2977 1026 3064; x_wconf 81' lang='grc' dir='ltr'><strong><em>ῥήτορ’,</em></strong></span> <span class='ocrx_word' id='word_1_215' title='bbox 1055 2971 1179 3067; x_wconf 74' lang='grc' dir='ltr'><strong><em>ῷέπο-</em></strong></span> 
     </span>
     <span class='ocr_line' id='line_1_28' title="bbox 166 3078 1180 3173; baseline 0.005 -25"><span class='ocrx_word' id='word_1_216' title='bbox 166 3082 272 3166; x_wconf 84' lang='grc' dir='ltr'><strong><em>λέμει,</em></strong></span> <span class='ocrx_word' id='word_1_217' title='bbox 300 3078 380 3148; x_wconf 72' lang='grc' dir='ltr'><strong><em>οὐδὲ</em></strong></span> <span class='ocrx_word' id='word_1_218' title='bbox 407 3084 467 3148; x_wconf 87' lang='grc' dir='ltr'><strong><em>τὸν</em></strong></span> <span class='ocrx_word' id='word_1_219' title='bbox 489 3087 706 3168; x_wconf 84' lang='grc' dir='ltr'><strong><em>Λυκοῦργον,</em></strong></span> <span class='ocrx_word' id='word_1_220' title='bbox 734 3080 813 3149; x_wconf 72' lang='grc' dir='ltr'><strong><em>οὐδὲ</em></strong></span> <span class='ocrx_word' id='word_1_221' title='bbox 838 3087 916 3160; x_wconf 83' lang='grc' dir='ltr'><strong><em>τοὺς</em></strong></span> <span class='ocrx_word' id='word_1_222' title='bbox 938 3085 1075 3170; x_wconf 85' lang='grc' dir='ltr'><strong><em>ἀλλους,</em></strong></span> <span class='ocrx_word' id='word_1_223' title='bbox 1103 3085 1180 3173; x_wconf 73' lang='grc' dir='ltr'><strong><em>περὶ</em></strong></span> 
     </span>
     <span class='ocr_line' id='line_1_29' title="bbox 167 3183 1176 3280; baseline 0.008 -27"><span class='ocrx_word' id='word_1_224' title='bbox 167 3183 214 3254; x_wconf 83' lang='grc' dir='ltr'><strong><em>ὧν</em></strong></span> <span class='ocrx_word' id='word_1_225' title='bbox 242 3183 359 3253; x_wconf 76' lang='grc' dir='ltr'><strong><em>αὐτίκα</em></strong></span> <span class='ocrx_word' id='word_1_226' title='bbox 387 3189 428 3272; x_wconf 86' lang='grc' dir='ltr'><strong><em>δή</em></strong></span> <span class='ocrx_word' id='word_1_227' title='bbox 456 3191 496 3253; x_wconf 82' lang='grc' dir='ltr'><strong><em>τά</em></strong></span> <span class='ocrx_word' id='word_1_228' title='bbox 522 3184 617 3254; x_wconf 86' lang='grc' dir='ltr'><strong><em>πόλλ’</em></strong></span> <span class='ocrx_word' id='word_1_229' title='bbox 643 3188 725 3273; x_wconf 76' lang='grc' dir='ltr'><strong><em>ἐρεῖς</em></strong></span> <span class='ocrx_word' id='word_1_230' title='bbox 753 3187 808 3254; x_wconf 79' lang='grc' dir='ltr'><strong><em>καὶ</em></strong></span> <span class='ocrx_word' id='word_1_231' title='bbox 831 3191 897 3274; x_wconf 90' lang='grc' dir='ltr'><strong><em>μήν</em></strong></span> <span class='ocrx_word' id='word_1_232' title='bbox 919 3188 989 3256; x_wconf 89' lang='grc' dir='ltr'><strong><em>κατ’</em></strong></span> <span class='ocrx_word' id='word_1_233' title='bbox 1016 3189 1176 3280; x_wconf 80' lang='grc' dir='ltr'><strong><em>ἀμφότερ’</em></strong></span> 
     </span>
     <span class='ocr_line' id='line_1_30' title="bbox 166 3291 1180 3385; baseline 0.008 -28"><span class='ocrx_word' id='word_1_234' title='bbox 166 3292 258 3370; x_wconf 82' lang='grc' dir='ltr'><strong><em>ἀξιός</em></strong></span> <span class='ocrx_word' id='word_1_235' title='bbox 285 3291 351 3358; x_wconf 89' lang='grc' dir='ltr'><strong><em>ἐστ’</em></strong></span> <span class='ocrx_word' id='word_1_236' title='bbox 383 3293 604 3377; x_wconf 80' lang='grc' dir='ltr'><strong><em>ἀπολωλέναι,</em></strong></span> <span class='ocrx_word' id='word_1_237' title='bbox 632 3303 730 3361; x_wconf 84' lang='grc' dir='ltr'><strong><em>τοῦτο</em></strong></span> <span class='ocrx_word' id='word_1_238' title='bbox 758 3292 835 3379; x_wconf 72' lang='grc' dir='ltr'><strong><em>μὲν,</em></strong></span> <span class='ocrx_word' id='word_1_239' title='bbox 863 3301 897 3361; x_wconf 86' lang='grc' dir='ltr'><strong><em>εί</em></strong></span> <span class='ocrx_word' id='word_1_240' title='bbox 919 3320 951 3362; x_wconf 89' lang='grc' dir='ltr'><strong><em>τι</em></strong></span> <span class='ocrx_word' id='word_1_241' title='bbox 978 3296 1057 3363; x_wconf 77' lang='grc' dir='ltr'><strong><em>καθ’</em></strong></span> <span class='ocrx_word' id='word_1_242' title='bbox 1084 3300 1180 3385; x_wconf 75' lang='grc' dir='ltr'><strong><em>ἡμῶν</em></strong></span> 
     </span>
     <span class='ocr_line' id='line_1_31' title="bbox 167 3395 1176 3485; baseline 0.012 -27"><span class='ocrx_word' id='word_1_243' title='bbox 167 3399 252 3477; x_wconf 87' lang='grc' dir='ltr'><strong><em>ἐχων</em></strong></span> <span class='ocrx_word' id='word_1_244' title='bbox 276 3395 419 3481; x_wconf 90' lang='grc' dir='ltr'><strong><em>ἀδίκημα</em></strong></span> <span class='ocrx_word' id='word_1_245' title='bbox 443 3400 624 3483; x_wconf 86' lang='grc' dir='ltr'><strong><em>δεικνύναι,</em></strong></span> <span class='ocrx_word' id='word_1_246' title='bbox 647 3399 732 3485; x_wconf 76' lang='grc' dir='ltr'><strong><em>ἡμᾶς</em></strong></span> <span class='ocrx_word' id='word_1_247' title='bbox 755 3397 816 3484; x_wconf 67' lang='grc' dir='ltr'><strong><em>μὲν</em></strong></span> <span class='ocrx_word' id='word_1_248' title='bbox 838 3401 941 3484; x_wconf 87' lang='grc' dir='ltr'><strong><em>ήφίει,</em></strong></span> <span class='ocrx_word' id='word_1_249' title='bbox 965 3401 1018 3468; x_wconf 79' lang='grc' dir='ltr'><strong><em>ἐπὶ</em></strong></span> <span class='ocrx_word' id='word_1_250' title='bbox 1041 3408 1119 3481; x_wconf 84' lang='grc' dir='ltr'><strong><em>τοὺς</em></strong></span> <span class='ocrx_word' id='word_1_251' title='bbox 1143 3402 1176 3470; x_wconf 86' lang='grc' dir='ltr'><strong><em>δ’</em></strong></span> 
     </span>
     <span class='ocr_line' id='line_1_32' title="bbox 170 3500 1179 3591; baseline 0.015 -32"><span class='ocrx_word' id='word_1_252' title='bbox 170 3500 302 3577; x_wconf 75' lang='grc' dir='ltr'><strong><em>ἰδιώτας</em></strong></span> <span class='ocrx_word' id='word_1_253' title='bbox 321 3501 506 3586; x_wconf 84' lang='grc' dir='ltr'><strong><em>ἐπορεύετο,</em></strong></span> <span class='ocrx_word' id='word_1_254' title='bbox 529 3514 628 3572; x_wconf 88' lang='grc' dir='ltr'><strong><em>τοῦτο</em></strong></span> <span class='ocrx_word' id='word_1_255' title='bbox 647 3503 693 3589; x_wconf 89' lang='grc' dir='ltr'><strong><em>δ’,</em></strong></span> <span class='ocrx_word' id='word_1_256' title='bbox 716 3508 748 3571; x_wconf 88' lang='grc' dir='ltr'><strong><em>εί</em></strong></span> <span class='ocrx_word' id='word_1_257' title='bbox 764 3503 869 3591; x_wconf 72' lang='grc' dir='ltr'><strong><em>μηδὲν</em></strong></span> <span class='ocrx_word' id='word_1_258' title='bbox 888 3509 971 3591; x_wconf 89' lang='grc' dir='ltr'><strong><em>ἐχων</em></strong></span> <span class='ocrx_word' id='word_1_259' title='bbox 989 3508 1098 3574; x_wconf 79' lang='grc' dir='ltr'><strong><em>εἵνεκα</em></strong></span> <span class='ocrx_word' id='word_1_260' title='bbox 1116 3518 1179 3576; x_wconf 88' lang='grc' dir='ltr'><strong><em>τοῦ</em></strong></span> 
     </span>
    </p>
   </div>
   <div class='ocr_carea' id='block_1_5' title="bbox 0 0 1302 3900">
    <p class='ocr_par' dir='ltr' id='par_1_5' title="bbox 0 0 1302 3900">
     <span class='ocr_line' id='line_1_33' title="bbox 0 0 1302 3900; baseline 0 0"><span class='ocrx_word' id='word_1_261' title='bbox 0 0 1302 3900; x_wconf 95' lang='lat' dir='ltr'><strong><em> </em></strong></span> 
     </span>
    </p>
   </div>
  </div>
 </body>
</html>
