2616 3910
495 187 595 239 ΠΡΟΣ
613 188 806 239 Ammon.
1091 185 1156 249 429

147 351 211 434 γάρ
234 346 467 432 ἐπαγγέλλεται
489 345 544 412 καὶ
568 347 678 422 δεινὸς
700 342 797 429 εἶναι,
820 345 875 412 καὶ
893 346 1055 432 ἀργύριον
1075 348 1161 410 αι’τεῑ

147 452 203 520 καὶ
229 454 381 539 μαθητὰς
405 451 558 536 συλλέγει
580 451 656 536 περὶ
678 451 789 517 αὐτῶν
810 451 939 518 τούτων
963 451 1157 534 ἐπαγγελλό-

108 580 134 621 ιι
148 582 248 644 μενος
269 558 449 624 παιδεύειν.
485 555 541 623 καὶ
563 569 696 642 πρῶτον
719 555 878 642 μὲντοὺς
896 558 1158 641 άδελφοὺςταὺς

149 665 253 732 αὑτοῦ
271 664 445 731 ἐπαίδευσε
463 664 525 746 τήν
540 664 697 728 παιδείαν
714 662 850 746 ταύτην,
868 662 911 746 ἣν
929 662 1023 746 ὑμεῖς
1041 662 1160 726 αἰσθά-

148 775 250 836 νεσθε
273 772 423 854 πονηράν
444 767 501 836 καὶ
523 771 641 835 ἄδικον
665 764 691 834 ὦ
714 770 834 853 άνδρες
857 769 1022 849 δικασταί,
1052 769 1161 832 δανεί-

151 880 265 956 ζεσθαι
300 875 339 942 έν
369 885 415 965 τῷ
447 874 592 963 έμπορίρι
623 875 763 940 ναυτικὰ
794 875 945 958 χρήματα
977 871 1032 938 καί
1063 869 1157 938 ταῦτ’

149 981 343 1066 ἀποστερεῖν
369 980 426 1047 καὶ
450 982 495 1066 μή
517 980 725 1046 ἀποδιδόναι.
770 990 840 1055 πῶς
863 977 905 1044 άυ
927 978 1078 1062 γένοιντο
1101 999 1160 1042 πο-

148 1091 323 1172 νηρότεροι
349 1087 525 1172 ἄνθρωποι
550 1085 571 1170 ἢ
593 1095 655 1151 τοῦ
678 1085 896 1162 παιδεύοντος
917 1086 959 1150 τά
980 1093 1116 1150 τοιαῦτα
1139 1081 1160 1166 ή

149 1194 261 1260 αὐτῶν
282 1204 350 1259 τῶν
372 1189 637 1276 παιδευομένους
661 1189 732 1256 ἐπεὶ
755 1188 787 1257 δ’
809 1185 872 1256 οὖν
892 1191 1001 1268 δεινός
1019 1189 1088 1256 έστι
1106 1187 1162 1253 καὶ

148 1300 296 1365 πιστεύει
317 1307 363 1386 τῷ
386 1295 497 1380 λέγειν
518 1295 573 1363 καὶ
596 1307 668 1374 ταῖς
688 1300 809 1382 χιλίαις
832 1298 1007 1381 δραχμαῖς,
1033 1287 1086 1373 αἷς
1110 1293 1162 1359 δέ·

108 1427 136 1467 ιε
151 1407 235 1471 δωκε
262 1412 308 1494 τῷ
337 1403 541 1492 διδασκάλῳ,
572 1403 747 1468 κελεύσατε
775 1401 878 1468 αὐτὸν
907 1401 1038 1480 διδάξαι
1064 1402 1161 1485 ὑμᾶς,

150 1510 171 1595 ή
199 1511 244 1588 δις
269 1511 310 1575 τά
336 1507 472 1594 χρήματ’
504 1508 567 1574 ούκ
593 1511 715 1592 ἔλαβον
741 1504 818 1593 παρ’
848 1507 958 1592 ήμῶν,
985 1506 1006 1591 ἢ
1034 1508 1079 1584 ὡς
1106 1511 1163 1572 λα-

150 1620 265 1702 βόντες
292 1615 558 1698 ἀποδεδώκασιν,
585 1613 606 1698 ἢ
635 1615 685 1680 ὅτι
707 1615 765 1691 τὰς
786 1615 945 1690 ναυτικάς
968 1613 1163 1698 συγγραφάς

151 1721 193 1788 ού
216 1724 270 1788 δεῖ
289 1724 407 1806 κυρίας
428 1716 527 1803 εἶναι,
549 1719 570 1804 ἢ
594 1721 639 1797 ὡς
663 1722 716 1786 δελ
736 1720 816 1785 ἄλλο
836 1743 867 1784 τι
886 1722 1075 1804 χρήσασθαι
1093 1729 1163 1794 τοῖς

150 1833 316 1914 χρήμασιν
337 1826 359 1912 ἢ
382 1824 435 1910 ἐφ’
458 1818 508 1904 οἷς
529 1829 650 1911 ἔλαβον
668 1827 750 1892 κατὰ
767 1827 829 1910 τήν
848 1827 1054 1910 συγγραφήν.
1087 1825 1163 1888 τού-

150 1958 218 2001 των
240 1935 259 2000 ὅ
281 1957 314 2000 τι
331 1935 487 2018 βούλεται
503 1933 647 1998 πεισάτω
666 1933 759 2016 ὑμᾶς.
794 1929 851 1997 καί
870 1933 972 2014 ἔγωγε
990 1927 1046 1996 καὶ
1065 1929 1164 2007 αὐτὸς

151 2051 311 2125 συγχωρῶ
344 2039 540 2123 σοφώτατον
572 2034 658 2104 εἶναι
689 2047 825 2120 τοῦτον,
858 2036 917 2102 έδν
948 2037 1035 2120 ὑμᾶς
1066 2039 1163 2121 πείσῃ

151 2148 231 2222 τοὺς
252 2144 328 2231 περὶ
349 2157 417 2211 τῶν
439 2148 652 2230 συμβολαίων
672 2155 739 2208 τῶν
758 2142 946 2227 ἐμπορικῶν
964 2143 1164 2220 δικάζοντας.

153 2250 224 2316 ἀλλ’
250 2246 289 2316 εὖ
316 2247 380 2316 οἷδ’
407 2251 459 2318 δτι
487 2247 587 2318 οὐδὲν
614 2248 657 2316 ἂν
683 2251 812 2316 τούτων
839 2240 910 2325 οἷός
936 2241 965 2312 τ’
992 2253 1042 2331 είη
1067 2243 1165 2325 οὗτος

153 2357 230 2423 ούτε
253 2355 384 2435 διδάξαι
406 2358 483 2422 ούτε
505 2367 626 2421 πείσαι.

110 2484 140 2524 ιι
243 2460 353 2548 Χωρὶς
375 2459 412 2528 δὲ
434 2463 574 2545 τούτων,
597 2462 679 2547 φέρε
701 2463 785 2547 πρὸς
804 2472 872 2525 τῶν
889 2465 982 2526 θεῶν
1000 2455 1026 2525 δ)
1045 2461 1165 2545 ἄνδρες

154 2570 322 2652 δικασταί,
354 2569 387 2634 εί
415 2567 614 2634 τούναντίον
646 2570 876 2651 συνεβεβήκει,
907 2567 951 2651 μή
984 2565 1003 2631 ὁ
1034 2567 1156 2632 τούτου
1166 2577 1217 2626 939

153 2675 298 2758 ἀδελφὸς
329 2673 348 2739 ὁ
378 2673 615 2756 τετελευτηκὼς
644 2670 719 2758 ἐμοὶ
745 2674 866 2757 ὤφειλε
892 2675 1057 2758 χρήματα,
1090 2670 1161 2737 ἀλλ’

153 2779 217 2864 έγύ
240 2803 286 2868 τω
308 2779 446 2862 τούτων,
470 2778 633 2844 τάλαντον
656 2778 676 2862 ή
698 2778 903 2863 ὀγδοήκοντα
921 2787 1006 2862 μνᾶς
1024 2778 1044 2861 ή
1063 2777 1166 2844 πλέον

153 2885 174 2970 ἢ
198 2888 345 2968 ἔλαττον,
368 2878 420 2970 ἆρ’
445 2882 488 2948 ἂν
510 2889 624 2950 οἴεσθε
646 2885 815 2970 Λάκριτον
837 2882 972 2950 τουτονὶ
996 2879 1022 2948 δι
1046 2884 1166 2970 άνδρες

154 2989 306 3059 δικασταὶ
322 2993 401 3068 τοὺς
419 2990 541 3067 αὐτοὺς
559 2993 681 3073 λόγους
699 2988 819 3074 λέγειν,
838 2981 953 3076 οἷσπερ
972 2988 1051 3056 νυνὶ
1069 3014 1166 3056 κατα-

154 3108 286 3184 χρῆται,
312 3095 333 3180 ή
361 3097 502 3180 φάσκειν
528 3095 570 3162 δν
593 3097 696 3162 αὑτὸν
719 3097 781 3162 οὐκ
804 3091 889 3162 εἶναι
911 3096 1165 3181 κληρονόμονῆ

154 3204 360 3289 ἀφίστασθαι
377 3213 446 3268 τῶν
463 3213 524 3270 τοῦ
542 3202 702 3286 ἀδελφοῦ,
720 3201 776 3269 καὶ
794 3202 857 3268 ούκ
875 3200 917 3267 δν
935 3203 1025 3268 πάνυ
1041 3213 1166 3287 πικρῶς

154 3311 360 3394 εἰσπράττειν
383 3332 433 3393 με,
457 3309 567 3394 ὥσπερ
590 3307 645 3374 καὶ
667 3309 757 3393 παρὰ
777 3318 844 3373 τῶν
862 3308 974 3373 ἄλλων
992 3306 1165 3391 εἰσπέπρα-

153 3439 241 3497 κται,
266 3421 300 3482 εί
317 3417 368 3492 τίς
389 3437 421 3479 τι
444 3413 559 3501 ἐκείνῳ
583 3423 627 3501 τῷ
651 3416 895 3497 τετελευτηκότι
918 3414 1062 3496 ὤφειλεν
1084 3411 1104 3494 ή
1129 3410 1166 3476 ἐν

114 3539 142 3580 ⁴⁶
158 3523 321 3604 Φασήλιδι
348 3519 369 3604 ἢ
397 3520 523 3586 άλλοθί
546 3541 626 3596 πούς
654 3515 711 3584 καὶ
738 3525 805 3602 είγε
832 3541 882 3594 τις
909 3518 1004 3601 ήμῶν
1030 3517 1166 3600 φεύγων
