2616 3910
471 177 571 229 ΤΠΕΡ
589 177 814 233 ΦΟΡΜῙΩΝΟΣ.
1081 177 1148 241 443

138 335 157 401 ὁ
176 337 234 412 σὸς
252 335 293 402 οὐ
311 345 440 420 πρῶτος
458 332 538 402 οὐδέ
556 338 668 419 μόνος,
687 335 760 402 οὐδ’
778 336 881 402 αὑτὸν
898 335 1043 420 ὑβρίζων
1062 335 1134 402 οὐδ’
1148 348 1201 398 954

138 441 221 525 ὑμᾶς
244 445 322 519 τοὺς
344 442 437 524 υίείς,
462 441 544 506 ἀλλά
567 444 674 526 μόνην
692 441 782 527 δρῶν
800 445 967 526 σωτηρίαν
985 451 1054 517 τοῖς
1072 440 1147 507 ἑαυ-

138 556 198 612 τοῦ
227 548 432 632 πράγμασιν,
465 549 497 612 εί
521 556 641 614 τοῦτον
673 546 798 634 ἀνάγκη
826 550 995 631 ποιήσειεν
1023 549 1147 612 οίιιείον

136 653 228 738 ὑμῖν,
252 654 354 719 έδωκε
376 653 438 736 τήν
461 651 581 718 ἑαυτοῦ
604 663 757 736 γυναῖκα,
782 651 905 737 μητέρα
929 650 959 718 δ’
985 652 1147 737 ὑμετέραν

96 776 123 816 ³1
136 761 252 849 τούτῳ.
298 759 380 843 πρὸς
411 755 473 842 μέν
505 753 567 824 οὖν
598 761 639 822 τὰ
671 755 871 844 συμφέροντ’
904 757 963 824 έάν
990 759 1146 844 ἐξετάζῃς,

136 871 243 942 καλῶς
270 863 534 948 βεβουλευμένον
557 864 660 929 αὐτὸν
682 863 845 949 εὑρήσεις·
878 866 910 929 εί
931 859 968 930 δέ
990 865 1073 948 πρὸς
1095 862 1147 947 γέ-

136 994 217 1048 νους
245 969 347 1048 δόξαν
374 969 504 1036 ἀναίνει
528 973 709 1054 Φορμίωνα
735 971 912 1054 κηδεστήν,
940 970 1002 1056 δρα
1027 971 1071 1054 μή
1094 993 1147 1052 γε-

136 1081 231 1142 λοῖον
253 1066 275 1162 ᾖ
298 1071 335 1140 σέ
357 1083 461 1140 ταῦτα
484 1072 601 1158 λέγειν.
637 1076 669 1140 εί
689 1075 753 1156 γάρ
775 1098 825 1151 τις
847 1077 956 1159 ἔροιτό
978 1091 1025 1158 σε,
1048 1077 1146 1141 ποῖόν

135 1177 198 1248 τιν’
222 1181 299 1265 ήγεί
318 1183 378 1248 τὸν
401 1180 523 1267 πατέρα
547 1183 620 1262 [τὸν
643 1184 799 1262 σεαυτοῦ]
824 1175 921 1264 εἶναι,
942 1183 1085 1266 χρηστὸν
1108 1175 1146 1247 εὖ

135 1284 201 1354 οἶδ’
227 1287 279 1353 ὅτι
302 1290 442 1372 φήσειας
464 1287 514 1352 ἀν.
550 1283 659 1370 πότερ’
683 1280 746 1350 οὖν
769 1291 832 1352 οίει
854 1291 981 1370 μᾶλλον
1004 1285 1146 1352 ἐοικέναι

133 1395 194 1461 τὸν
226 1396 351 1477 τρόπον
382 1391 437 1458 καὶ
468 1392 575 1457 πάντα
604 1393 663 1457 τὸν
691 1394 767 1474 βίον
794 1397 948 1458 Πασίωνι
975 1395 1098 1458 σαυτὸν
1124 1392 1145 1477 ή

132 1501 284 1577 τουτονί;
304 1497 368 1582 ἐγὼ
387 1495 448 1583 μὲν
466 1499 530 1584 γάρ
547 1506 675 1563 τοῦτον.
710 1492 775 1562 εἶθ’
793 1497 829 1575 ὅς
848 1496 938 1563 έστιν
956 1498 1146 1583 ὁμοιότερος

133 1617 197 1673 σοῦ
230 1612 276 1692 τῷ
308 1612 356 1692 σῷ
385 1607 499 1687 πατρί,
530 1613 666 1686 τοῦτον,
699 1605 731 1668 εί
755 1604 817 1687 τήν
843 1603 967 1689 μητέρα
992 1606 1054 1689 τήν
1081 1605 1145 1688 σήν

92 1731 117 1772 ω
133 1705 242 1797 ἔγημ’,
264 1709 406 1788 ἀναίνει;
432 1709 514 1774 ἀλλά
533 1709 599 1793 μήν
619 1709 669 1774 ότι
689 1711 806 1785 δόντος
824 1733 861 1791 γε
879 1709 1146 1794 κάπισκήψαντος

131 1827 192 1885 τοῦ
218 1826 282 1882 σοῦ
304 1816 427 1899 πατρὸς
448 1809 539 1879 ταῦτ’
561 1813 722 1898 ἐπράχθη,
746 1814 787 1880 οὐ
810 1817 915 1898 μόνον
938 1813 973 1879 έιι
994 1824 1052 1899 τής
1076 1817 1143 1881 δια-

131 1928 242 2009 θήκης
269 1924 360 1987 ἔστιν
388 1921 474 1985 ίδείν
501 1914 528 1984 ὦ
556 1920 676 2005 ἀνδρες
699 1917 886 2004 Ἀθηναῖοι,
915 1919 998 1986 ἀλλά
1023 1919 1145 1986 καὶσὺ

132 2032 260 2116 μάρτυς
282 2025 381 2102 αὐτὸς
398 2024 546 2109 γέγονας.
584 2026 637 2090 ὅτε
655 2027 719 2110 γάρ
736 2027 777 2090 τά
795 2034 928 2113 μητρῷα
946 2027 1028 2111 πρὸς
1046 2027 1145 2112 μέρος

132 2137 248 2220 ήξίους
269 2129 442 2215 νέμεσθαι,
465 2133 573 2197 όντων
595 2133 724 2196 παίδων
748 2130 783 2196 ἐκ
805 2140 863 2214 τής
880 2133 1036 2213 γυναικὸς
1057 2137 1144 2216 Φορ-

132 2244 233 2327 μίωνι
256 2242 392 2329 τουτῳί,
415 2236 489 2304 τόθ’
516 2239 697 2322 ὡμολόγεις
718 2240 840 2322 κυρίως
863 2237 980 2314 δόντος
1000 2248 1062 2304 τοῦ
1083 2261 1144 2304 πα-

130 2350 210 2433 τρὸς
231 2353 293 2410 τοῦ
317 2354 379 2410 σοῦ
400 2345 481 2410 κατά
499 2347 578 2421 τοὺς
595 2347 720 2427 νόμους
739 2343 843 2426 αὐτήν
860 2350 1077 2427 γεγαμῆσθαι.
1114 2347 1146 2410 εί

131 2456 197 2538 γάρ
230 2450 335 2534 αιἰτήν
367 2445 433 2534 εἶχε
466 2451 577 2534 λαβὼν
610 2449 731 2526 ἀδίκως
763 2450 820 2515 ὅδε
846 2449 989 2532 μηδενὸς
1016 2451 1143 2532 δόντος,

132 2560 195 2627 οὐκ
219 2553 307 2642 ἦσαν
330 2557 366 2621 οί
385 2556 500 2632 παῖδες
521 2558 738 2640 κληρονόμοι,
765 2566 835 2631 τοῖς
857 2551 895 2620 δέ
918 2556 961 2639 μή
985 2560 1144 2641 κληρονό-

131 2690 208 2752 μοις
230 2663 294 2730 οάκ
315 2657 358 2746 ήν
381 2664 539 2746 μετουσία
556 2672 624 2727 τῶν
642 2663 758 2727 όντων.
795 2660 878 2725 ἀλλά
895 2661 963 2744 μήν
980 2662 1032 2727 δτι
1050 2658 1141 2728 ταῦτ’

131 2772 243 2857 ἀληθῆ
273 2766 374 2852 λέγω,
401 2769 645 2853 μεμαρτύρηται
670 2769 708 2833 τὸ
730 2765 887 2852 τέταρτον
908 2765 1008 2851 μέρος
1030 2771 1144 2853 λαβεῖν

131 2876 187 2943 καὶ
211 2877 347 2960 ἀφεῖναι
369 2884 437 2938 τῶν
461 2873 672 2956 ἐγκλημάτων
695 2872 858 2938 ἀπάντων.

89 3003 116 3044 ιι
222 2978 304 3048 Κατ’
336 2977 437 3046 οὐδὲν
467 2983 585 3045 τοίνυν
614 2975 639 3044 ὦ
667 2980 786 3063 ἀνδρες
815 2972 987 3062 Ἀθηναῖοι
1014 2980 1144 3047 δίκαιον

129 3087 235 3158 οὐδὲν
254 3090 339 3173 έχων
357 3088 473 3166 εἰπεῖν,
493 3085 748 3162 ἀναιδεστάτους
766 3087 887 3168 λόγους
902 3084 1022 3170 ἐτόλμα
1036 3085 1144 3170 λέγειν

130 3197 216 3281 πρὸς
238 3201 285 3281 τῷ
306 3194 468 3277 διαιτητῇ,
489 3189 565 3276 περὶ
584 3186 632 3257 άιν
649 3187 890 3274 προακηκοέναι
908 3188 1039 3274 βέλτιόν
1058 3190 1130 3256 ἐσθ’
1144 3203 1195 3252 εσυ

130 3303 234 3386 ὑμᾶς,
267 3297 325 3363 ἕνα
358 3293 419 3380 μὲν
450 3298 487 3362 τὸ
519 3299 675 3381 παράπαν
707 3298 750 3380 μή
780 3294 938 3378 γενέσθαι
966 3297 1143 3380 διαθήκην,

131 3405 206 3473 ἀλλ’
234 3399 320 3470 εἶναι
342 3411 441 3468 τοῦτο
464 3399 673 3486 πλάσμακαὶ
697 3394 881 3484 σκευώρημ’
908 3401 1002 3480 ὅλον,
1031 3399 1144 3484 ἕτερον

132 3508 163 3578 δ’
185 3512 298 3577 εἵνεκα
320 3509 443 3575 τούτου
465 3510 572 3574 πάντα
594 3517 696 3573 ταῦτα
720 3517 905 3592 συγχωρεῖν
924 3507 983 3570 τὸν
1001 3506 1066 3587 πρὸ
1084 3514 1145 3570 τοῦ
