2614 3904
173 193 238 260 362
474 199 572 252 xm.
594 197 873 250 Διευοαοευοον

170 357 276 445 τούτῳ
303 364 348 445 τῷ
377 366 442 430 νῦν
468 355 524 423 ὑπ’
551 358 655 423 αὐτοῦ
680 357 840 442 φεύγοντι
862 367 928 422 τῶν
952 358 1189 442 ψευδομαρτυ-

173 471 267 544 ριῶν,
289 464 429 541 τούτους
451 460 512 548 μέν
531 463 658 548 ἀφῆκεν
677 463 821 540 άκούσας
839 463 950 529 αὐτῶν
969 463 1030 546 ὅτι,
1053 465 1085 528 εί
1101 459 1184 547 μεθ’
1284 531 1285 538 ¹

172 566 274 652 ὅρκου
310 579 412 634 ταῦτα
450 569 672 654 διαιτησουσι,
708 575 976 653 καταγνώσονται
1011 571 1073 651 τὴν
1105 568 1248 634 ἐπι-862

171 674 313 756 τροπήν,
346 673 398 740 ἐπὶ
429 676 489 740 τὸν
519 677 689 759 κληρωτὸν
722 671 759 741 δέ
792 676 962 758 διαιτητὴν
989 673 1100 739 ἐλθὼν
1126 673 1188 740 καὶ

172 774 273 843 οὐδέν
292 781 376 864 ἔχων
395 780 628 847 ἀπολύσασθαι
646 791 714 847 τῶν
732 778 989 865 ἐγκεκλημένων,
1011 774 1101 865 ὦφλε
1120 781 1188 864 τὴν

131 903 157 943 σε
173 883 310 950 δίαιταν.
361 887 396 953 οί
421 884 571 952 δικασταὶ
600 880 631 952 δ’
662 885 877 968 ἀκούσαντες,
909 887 956 962 είς
984 885 1043 964 οὓς
1070 885 1185 971 ἐφῆκε,

170 989 274 1055 ταύτὰ
304 989 359 1057 καὶ
390 1002 461 1069 τοῖς
487 993 608 1058 τούτου
635 995 747 1076 φίλοις
774 990 828 1058 καὶ
855 1001 900 1080 τῷ
931 993 1079 1077 διαιτητῇ
1106 991 1186 1077 περὶ

171 1095 282 1161 αὐτῶν
309 1099 458 1180 ἔγνωσαν
485 1095 540 1188 καὶ
569 1094 647 1163 δέκα
674 1097 845 1163 ταλάντων
872 1095 1044 1182 ἐτίμησαν,
1074 1098 1115 1165 ού
1138 1100 1186 1182 μδ

171 1197 230 1266 Δί’
255 1202 315 1287 οὐχ
339 1203 389 1268 δτι
412 1204 471 1268 τὸν
494 1203 633 1268 Μιλύαν
656 1202 869 1286 ὡμολόγησεν
891 1198 977 1268 εἶναι
1001 1202 1185 1288 ἐλεύθερον

171 1306 283 1381 (τοῦτο
306 1305 452 1393 μὲνγὰρ
477 1304 577 1375 οὐδέν
599 1303 672 1394 ἣν),
698 1305 770 1373 ἀλλ’
797 1308 848 1374 ὅτι
870 1311 1105 1376 πεντεκαίδεκα
1127 1333 1184 1375 τα-

171 1415 300 1480 λάντων
323 1414 439 1491 οὐσίας
461 1437 518 1498 μοι
536 1416 825 1499 καταλειφθείσης,
848 1415 909 1480 τὸν
927 1411 989 1499 μέν
1007 1411 1101 1481 οἶκον
1120 1415 1186 1481 οὐκ

171 1519 352 1604 ἐμίσθωσε,
380 1518 458 1586 δέκα
487 1517 516 1587 δ’
548 1522 603 1604 ἔτη
631 1520 711 1604 μετὰ
737 1530 805 1585 τῶν
833 1522 1083 1606 συνεπιτρόπων
1112 1522 1183 1585 δια-

170 1629 330 1712 χειρίσας,
355 1628 437 1709 πρὸς
459 1623 520 1711 μέν
541 1627 603 1710 τὴν
627 1629 815 1710 συμμορίαν
838 1621 922 1710 ὑπὲρ
945 1627 1063 1703 παιδὸς
1086 1627 1184 1704 ὄντος

131 1750 157 1789 ⁶0
171 1731 252 1816 ἐμοῦ
274 1730 370 1798 πέντε
393 1742 476 1816 μνᾶς
499 1725 690 1811 συνετάξατ’
714 1729 893 1816 εἰσφέρειν,
917 1733 1060 1817 ὅσονπερ
1083 1736 1182 1817 Τιμό-

171 1843 252 1915 θεος
269 1837 287 1904 ὁ
304 1841 462 1915 Κόνωνος
478 1836 533 1903 καὶ
553 1839 588 1904 οί
602 1839 642 1903 τὰ
661 1836 797 1923 μέγιστα
816 1837 1006 1922 κεκτημένοι
1025 1837 1176 1924 τιμήματ’

171 1942 355 2029 εἰσέφερον,
378 1947 501 2028 χρόνον
524 1939 561 2009 δέ
582 1952 745 2009 τοσοῦτον
767 1945 807 2009 τὰ
830 1946 978 2028 χρήματα
1000 1939 1091 2009 ταῦτ’
1113 1945 1181 2011 ε’πι-

169 2050 367 2133 τροπεύσας,
395 2044 477 2133 ὑπέρ
505 2043 553 2115 ὧν
580 2049 779 2132 τηλικαύτην
807 2049 906 2126 αὐτὸς
929 2051 1091 2134 εἰσφοράν
1114 2050 1181 2133 ἠξί-

173 2172 258 2220 ωσεν
285 2153 466 2239 εἰσφέρειν,
495 2151 568 2238 ἐμοὶ
595 2154 633 2219 τὸ
654 2150 722 2238 μέν
746 2148 824 2221 καθ’
851 2154 953 2220 αὑτὸν
976 2153 1049 2220 οὐδ’
1075 2161 1181 2221 είκοσι

172 2272 264 2347 μνῶν
292 2261 366 2340 άξια
393 2257 576 2342 παρέδωκε,
605 2261 685 2344 μετά
713 2257 743 2326 δ’
771 2259 908 2326 ἐκείνων
935 2262 996 2326 ὅλα
1017 2262 1057 2326 τά
1079 2263 1179 2346 κεφά-

172 2373 248 2433 λαια
274 2364 328 2432 καὶ
352 2367 410 2443 τάς
433 2367 625 2448 ἐπικαρπίας
648 2364 876 2449 ἀπεστέρησεν.
923 2365 1039 2443 θέντες
1062 2361 1124 2431 οὖν
1147 2368 1182 2432 οί

172 2471 322 2539 δικασταὶ
352 2482 422 2548 τοῖς
449 2479 528 2534 πᾶσι
555 2473 720 2556 χρήμασιν
749 2469 809 2535 ούκ
838 2467 890 2555 ἐφ’
923 2472 989 2560 ὅσῳ
1018 2479 1179 2558 μισθοῦσι

170 2581 249 2655 τοὺς
277 2583 389 2656 οίκους
416 2579 530 2659 τόκου,
562 2570 634 2641 ἀλλ’
665 2575 701 2652 ὃς
727 2571 770 2659 ἣν
798 2575 981 2663 ἐλάχιστος,
1014 2573 1114 2663 εὗρον
1140 2580 1178 2645 τὸ

172 2686 305 2769 σύμπαν
335 2682 436 2750 πλέον
467 2683 487 2767 ἣ
520 2683 695 2768 τριάκοντα
726 2677 859 2747 τάλαντ’
890 2683 1011 2761 αὐτοὺς
1043 2683 1178 2750 άποστε·

172 2800 324 2871 ροῦντας·
348 2792 401 2856 διδ
424 2790 529 2877 τούτῳ
552 2799 619 2853 τῶν
643 2785 721 2852 δέκα
743 2789 913 2854 ταλάντων
937 2789 1101 2874 ἐτίμησαν.

569 3124 781 3138 μ
