2938 4180
231 150 296 216 134
539 156 624 206 xxfl.
648 153 929 206 ΔΗΜΟΣΘΕΝΟΤΣ

230 314 334 378 κόσιν.
380 311 467 399 ἑώρα
489 315 552 399 γάρ
576 312 697 397 ἐκεῖνο,
726 315 776 379 ὅτι
798 323 868 391 τοῖς
890 318 1025 390 πολλοῖς
1047 313 1142 397 ὑμῶν
1164 311 1240 392 ἐξὸν

231 417 339 501 λέγειν
366 418 407 484 οὐ
434 417 558 502 λέγετε,
586 419 669 485 ὥστε
695 422 794 486 τοῦτό
822 416 853 504 γ’
880 415 980 485 οὐδὲν
1006 417 1117 503 ἡγεῖτο
1140 420 1238 504 βαρύ,

230 522 286 589 καὶ
312 521 405 589 πόλλ’
433 522 475 589 εἰν
498 519 600 609 εἶχεν,
629 531 662 590 εί
679 547 717 608 γε
739 526 889 604 κολάζειν
912 525 1066 608 ἐβούλετο
1088 526 1238 608 τούτους,

192 647 216 689 ω
231 631 439 714 χαλεπώτερα
462 637 583 696 θεῖναι.
629 628 701 697 ἀλλ’
728 631 769 696 ού
790 627 880 696 τοῦτ’
908 631 1128 712 ἐσπούδασεν,
1156 630 1239 696 άλλδ

229 732 320 803 ταῦτ’
346 735 461 801 ἄπειπε
484 731 567 821 ὑπὲρ
590 735 684 821 ὑμῶν
706 734 761 802 καὶ
783 745 841 820 τῆς
862 739 1035 814 πολιτείας.
1077 735 1150 823 ᾔδει
1172 737 1236 822 γὰρ

229 839 303 926 ᾔδει
329 852 399 919 τοῖς
426 844 568 927 αἰσχρῶς
590 844 787 926 βεβιωκόσιν
809 853 924 908 πασῶν
947 837 1053 909 οὖσαν
1076 842 1295 908 ἐναντιω-οοο

230 947 331 1031 τάτην
359 951 542 1022 πολιτείαν,
571 947 607 1013 ἐν
634 937 655 1034 ᾖ
683 956 784 1013 πᾶσιν
812 947 915 1026 ἔξεστι
941 946 1051 1031 λέγειν
1078 949 1239 1015 τάκείνων

230 1051 352 1136 ὀνείδη.
389 1049 511 1118 ἔστιδ’
535 1049 617 1135 αύτη
636 1054 699 1129 τίς;
724 1052 934 1138 δημοκρατία.
971 1053 1097 1118 οὔκουν
1115 1050 1235 1138 ἐνόμιζ’

231 1152 385 1240 άσφαλές,
404 1164 438 1224 εί
451 1180 529 1222 ποτε
547 1159 759 1241 συμβήσεται,
777 1157 935 1241 γενέσθαι
949 1161 1094 1242 συχνοὺς
1107 1157 1238 1245 ἀνθρά-

229 1285 314 1340 πους
340 1264 421 1328 κατὰ
448 1264 526 1340 τοὺς
554 1261 675 1340 αὐτοὺς
702 1267 856 1347 χρόνους,
888 1264 992 1329 εἰπεῖν
1019 1259 1079 1347 μὲν
1107 1265 1239 1343 δεινοὺς

229 1366 285 1434 καὶ
307 1374 456 1453 θρασεῖς,
478 1369 639 1435 τοιούτων
663 1365 693 1433 δ’
717 1368 858 1434 ὀνειδῶν
879 1366 933 1434 καὶ
956 1380 1067 1435 κακῶν
1085 1371 1238 1454 μεστούς·

189 1493 217 1534 ω
229 1475 336 1540 πολλοὶ
362 1475 425 1560 γάρ
453 1472 496 1539 δν
521 1476 581 1539 τὸν
609 1475 716 1558 δῆμον
743 1471 798 1540 ὑπ’
825 1473 935 1539 αὐτῶν
963 1472 1143 1559 ὑπαχθέντ’
1170 1475 1237 1554 ἐξα·

230 1591 377 1666 μαρτεῑν,
399 1579 572 1658 κάκείνους
595 1580 667 1662 ἤτοι
689 1583 873 1646 καταλῦσαί
891 1573 922 1663 γ’
944 1577 987 1645 δν
1004 1588 1183 1666 πειρᾶσθαι
1200 1583 1238 1648 τὸ

230 1688 385 1768 παράπαν
407 1687 466 1752 τὸν
489 1687 596 1770 δῆμον
620 1683 670 1772 (ἐν
693 1686 757 1770 γὰρ
775 1695 846 1762 ταῖς
865 1684 1077 1770 ὀλιγαρχίαις,
1102 1684 1174 1751 οὐδ’
1196 1686 1239 1754 άν

231 1788 313 1857 ὦσιν
341 1789 384 1858 ἐτ’
409 1788 648 1874 Ἀνδροτίωνός
674 1813 762 1867 τινες
789 1797 920 1876 αἴσχιον
942 1794 1150 1875 βεβιωκότες,
1177 1792 1239 1858 ούκ

230 1901 320 1964 ἔστιν
348 1896 456 1980 λέγειν
480 1909 586 1974 κακῶς
607 1900 686 1974 τοὺς
708 1897 882 1982 άρχοντας)
905 1895 926 1981 ἢ
948 1900 1107 1983 προάγειν
1130 1896 1172 1964 άν
1195 1900 1239 1976 ὡς

230 2005 477 2088 πονηροτάτους
495 1998 593 2086 εἶναι,
611 1997 656 2068 ἵν’
674 2003 718 2078 ὡς
736 2002 924 2087 ὁμοιότατοι
943 2007 1061 2088 σφίσιν
1079 1999 1148 2070 ὦσι.
1177 2006 1239 2088 την

232 2105 294 2176 οὖν
317 2110 422 2194 ἀρχὴν
443 2120 513 2186 τοῖς
535 2109 699 2185 τοιούτοις
717 2107 831 2173 άπείπε
852 2111 896 2193 μὴ
915 2107 1061 2194 μετέχειν
1079 2120 1140 2176 τοῦ
1158 2127 1239 2197 συμ

230 2217 416 2300 βουλεύειν,
430 2216 486 2280 ἵνα
500 2215 544 2300 μη
559 2211 773 2299 φενακισθεὶς
788 2213 805 2279 ὁ
823 2215 923 2298 δῆμος
939 2213 1113 2299 ἐξαμάρτοι
1126 2215 1239 2301 μηδέν.

233 2433 304 2493 δεῖν
327 2426 435 2510 λέγειν
457 2424 511 2492 καὶ
532 2427 675 2512 γράφειν
694 2426 755 2490 οὐκ
774 2427 859 2509 ἐξόν,
883 2426 965 2492 ἀλλὰ
983 2425 1038 2492 καὶ
1055 2429 1144 2514 παρὰ
1161 2431 1240 2507 τοὺς

231 2536 357 2619 νόμους
378 2543 480 2600 ταῦτα
503 2543 620 2598 ποιείν.

192 2659 219 2701 ιε
322 2638 407 2724 Περὶ
424 2642 541 2705 τοίνυν
558 2649 619 2706 τοῦ
637 2641 744 2724 νόμον
761 2635 839 2704 καθ’
857 2636 907 2720 δν,
927 2638 1118 2724 ὠφληκότος
1136 2641 1240 2709 αὐτοῦ

231 2757 292 2813 τοῦ
310 2747 434 2827 πατρὸς
450 2759 495 2834 τῷ
515 2747 664 2833 δημοσίῳ
682 2746 841 2829 χρήματα,
862 2741 916 2811 καὶ
935 2745 996 2810 οὐκ
1015 2746 1239 2827 ἐκτετεικότος,

233 2853 294 2919 ούκ
322 2852 424 2932 ἔξεστι
452 2850 561 2934 λέγειν
588 2847 667 2916 οὐδὲ
689 2852 832 2935 γράφειν
854 2851 976 2938 τούτῳ,
1004 2852 1107 2918 ταύτά
1130 2853 1239 2919 δίκαια

234 2959 342 3042 λέγειν
365 2956 407 3023 άν
430 2954 527 3041 ἔχοιτ’
555 2959 698 3040 εἰκότως,
721 2956 779 3022 ἐὰν
803 2965 849 3042 φῇ
869 2958 945 3022 δεῖν
967 2956 1052 3042 ἡμᾶς
1074 2957 1240 3029 ἐνδεικνύ-

233 3089 297 3131 ναι.
343 3066 440 3130 τοῦτό
467 3086 502 3128 τε
528 3063 592 3148 γάρ
619 3064 815 3147 ποιήσομεν,
843 3061 884 3127 οὐ
909 3063 955 3147 μὰ
979 3057 1037 3129 Δί’
1065 3063 1138 3149 ούχλ
1165 3075 1240 3148 νῦν,

233 3172 330 3256 ἡνίκα
358 3172 412 3236 δεῖ
436 3166 467 3234 σ’
498 3167 619 3254 ἑτέρων
646 3163 694 3234 ὧν
722 3168 845 3246 άδικείς
872 3170 991 3235 δοῦναι
1019 3173 1135 3254 λόγον,
1165 3169 1237 3238 ἀλλ’

234 3280 314 3344 ὅταν
342 3267 363 3364 ἦ
390 3284 558 3362 προσῆκον
587 3273 624 3340 ἐκ
650 3283 711 3340 τοῦ
737 3277 858 3358 νόμον,
891 3272 946 3340 καὶ
973 3283 1037 3341 νῦν
1066 3278 1240 3362 δείκνυμεν

235 3383 295 3449 οὐκ
319 3382 423 3449 ἐῶντα
444 3382 587 3465 γράφειν
611 3376 657 3463 σ’,
681 3376 753 3446 οὐδ’
777 3378 797 3443 δ
819 3390 889 3456 τοίς
911 3381 1024 3457 ἄλλοις
1044 3379 1158 3464 ἔξεστι,
1181 3385 1241 3449 τὸν

196 3503 223 3544 u
235 3491 349 3571 νόμον.
381 3487 427 3564 ὡς
445 3481 506 3553 οὖν
526 3485 587 3552 οὐκ
606 3482 689 3570 ὦφλ’
708 3484 726 3552 ὁ
744 3487 850 3572 πατήρ
867 3501 941 3570 σου,
959 3480 1048 3552 τοῦτ’
1066 3486 1239 3573 ἐπίδειξον,
