2590 3900
145 169 213 238 310
437 171 533 224 xm
559 168 862 243 [οευοεοεοοεε]

588 419 709 489 xm

312 580 453 656 ΚΑΤΑ
479 579 936 657 ΑΡΙΣΤΟΓΕΙΤΟΝΟΣ
963 581 1006 655 B.

226 749 297 822 ’Ότι
324 750 385 839 μὲν
407 757 525 821 τοίνυν
547 751 603 819 καὶ
625 750 754 837 ὀφείλει
775 759 821 841 τρλ
845 754 993 840 δημοσίῳ
1013 749 1159 839 Ἀριστο-

144 863 264 944 γείτων
291 861 422 942 οὑτοσί,
449 857 505 925 καλ
533 859 595 925 ούιι
622 861 713 926 ἔστιν
737 858 900 944 ἐπίτιμος,
927 857 983 925 καὶ
1005 860 1041 926 οί
1060 862 1159 945 νόμοι

146 968 331 1053 διαρρήδην
358 965 626 1050 ἀπαγορεύουσιν
653 966 697 1050 μη
725 964 846 1044 ἐξεῖναι
868 963 977 1050 λέγειν
999 976 1070 1044 τοῖς
1090 989 1159 1033 τοι·

145 1072 267 1155 ούτοις,
291 1083 444 1157 φανερῶς
465 1069 684 1138 ἐπιδέδεικται
703 1066 730 1137 ὦ
748 1073 868 1155 ἄνδρες
883 1069 1065 1156 Ἀθηναῖοι.
1097 1074 1212 1138 δεῖεοι

145 1171 177 1244 δ’
198 1177 282 1263 ὑμᾶς
299 1177 445 1254 ἅπαντας
461 1173 528 1262 μὲν
543 1177 709 1264 ἀνείργειν
727 1175 781 1243 καί
800 1177 942 1244 κωλύειν
959 1181 1038 1255 τοὺς
1055 1198 1157 1264 παρα·

144 1291 341 1369 νομοῦντας,
364 1285 451 1350 πολὺ
470 1278 507 1350 δὲ
525 1283 667 1368 μάλιστα
684 1285 763 1360 τοὺς
781 1282 819 1348 ἐν
836 1293 909 1361 ταῖς
926 1283 1042 1370 ἀρχαῖς
1060 1285 1159 1361 ὄντας

118 1388 199 1456 ικαὶ
226 1393 306 1467 τοὺς
331 1387 622 1474 πολιτευομένους·
655 1390 712 1456 διδ
737 1390 802 1473 γὰρ
829 1389 969 1468 τούτους
995 1390 1035 1455 τδ
1061 1391 1158 1456 κοινὰ

144 1493 201 1561 καλ
224 1495 431 1579 βλάπτεσθαι
453 1492 613 1578 πέφυκεν,
637 1494 697 1560 ἐὰν
720 1489 783 1560 ὦσι
804 1499 941 1579 φαῦλοι,
962 1491 1018 1560 καὶ
1039 1496 1080 1560 τὰ
1103 1493 1158 1580 μέ-

144 1616 241 1686 γιστα
267 1602 367 1667 πόλιν
395 1600 615 1684 ὠφελεῖσθαι,
644 1599 703 1666 ἐὰν
730 1594 813 1666 ὦσιν
840 1599 992 1678 ἐπιεικεῖς
1017 1598 1074 1666 καλ
1099 1598 1158 1666 δέ·

144 1711 248 1774 λωσιν
272 1704 424 1792 ἐμμένειν
447 1715 517 1783 τοῖς
539 1707 663 1790 νόμοις.
709 1705 769 1787 ὡς,
793 1705 852 1774 ἐὰν
874 1706 959 1786 ἅπαξ
982 1708 1066 1772 δῶτε
1088 1718 1158 1785 τοῖς

144 1808 227 1896 ὑπὲρ
255 1823 322 1878 τῶν
349 1822 474 1878 κοινῶν
501 1811 688 1896 ἐγχειροῦσι
714 1811 870 1895 πράττειν
892 1812 931 1878 τό
953 1825 1157 1898 παρανομεῖν

143 1916 200 1985 καὶ
225 1928 449 2001 καταφρονεῖν
475 1929 543 1984 τῶν
570 1915 765 2003 ὡρισμένων
793 1918 946 2002 δικαίων,
975 1919 1157 2002 ἀναγκαῖόν

145 2024 236 2091 ἐστιν
258 2024 405 2102 ἅπαντας
428 2023 610 2090 ἀπολαύειν
631 2026 710 2100 τούς
732 2022 927 2108 μετέχοντας
948 2033 1005 2108 τῆς
1022 2028 1157 2103 πόλεως.

118 2131 254 2215 ιβσπερ
283 2129 345 2215 γάρ
372 2139 440 2194 τῶν
467 2129 504 2195 ἐν
529 2139 602 2206 ταῖς
624 2127 746 2194 ναυσὶν
769 2127 1010 2214 ἁμαρτημάτων
1033 2131 1054 2197 ἀ
1076 2150 1157 2218 συμ·

144 2237 253 2322 βαίνει
284 2233 360 2321 περὶ
390 2237 470 2312 τούς
500 2241 620 2319 πλοῦς,
653 2235 733 2301 όταν
765 2231 825 2319 μὲν
855 2247 922 2302 τῶν
949 2249 1081 2304 ναυτῶν
1108 2261 1157 2317 τις

144 2339 284 2426 ύμάρτη,
308 2343 465 2426 βραχεῖαν
487 2343 550 2426 τὴν
572 2341 701 2426 βλάβην
724 2341 873 2424 ἤνεγκεν,
899 2343 979 2408 ὅταν
1002 2339 1033 2409 δ’
1059 2343 1077 2411 ὁ
1100 2369 1157 2410 κυ-

144 2449 306 2533 βερνήτης
333 2452 461 2532 σφαλῇ,
488 2449 606 2532 κοινὴν
632 2447 694 2530 τὴν
721 2447 861 2532 ἀτυχίαν
885 2448 988 2514 ἅπασι
1010 2460 1080 2527 τοῖς
1102 2450 1156 2535 ἐμ·

143 2551 283 2619 πλέουσι
307 2553 570 2636 παρεσκεύασεν,
598 2553 755 2631 ὡσαύτως
777 2554 819 2619 τὰ
841 2550 902 2638 μὲν
924 2566 992 2621 τῶν
1015 2557 1157 2623 ἰδιωτῶν

144 2657 359 2744 ἁμαρτήματα
382 2658 443 2724 ούκ
467 2661 513 2736 είς
535 2660 573 2726 τό
596 2664 739 2743 πλῆθος,
768 2661 816 2736 είς
838 2656 869 2726 δ’
895 2660 1017 2739 αύτούς
1039 2663 1156 2746 ἧνεγκε

144 2767 202 2843 τὰς
229 2765 369 2849 βλάβας,
396 2766 437 2831 τὰ
465 2762 502 2832 δὲ
529 2775 597 2832 τῶν
620 2765 792 2851 ἀρχόντων
814 2763 870 2832 καί
891 2768 1156 2854 πολιτευομένων

118 2873 192 2949 ιείς
210 2872 356 2949 ἅπαντας
375 2871 571 2956 ἀφικνεῖται.
604 2873 657 2938 διὸ
675 2870 731 2938 καὶ
749 2873 808 2950 τὰς
823 2877 981 2959 τιμωρίας
999 2874 1018 2940 ό
1036 2877 1156 2942 Σόλων

144 2988 214 3055 τοῖς
236 2974 298 3063 μὲν
320 2978 467 3054 ἰδιώταις
485 2979 642 3062 βραδείας
659 2977 804 3062 ἐποίησε,
826 2989 898 3056 ταῖς
916 2977 946 3043 δ’
969 2979 1084 3065 ἀρχαῖς
1101 2979 1156 3047 καί

140 3095 214 3162 ,τοῖς
237 3086 447 3169 δημαγωγοῖς
468 3087 610 3168 ταχείας,
631 3082 879 3169 ὑπολαμβάνων
900 3095 970 3163 τοῖς
987 3083 1049 3170 μὲν
1067 3086 1156 3152 ἐνδέ-

144 3195 263 3273 χεσθαι
290 3189 346 3255 καὶ
373 3191 462 3276 παρὰ
490 3191 548 3256 τὸν
571 3192 695 3275 χρόνον
716 3192 754 3255 τὸ
777 3192 908 3257 δίκαιον
931 3195 1061 3276 λαβεῖν,
1087 3203 1157 3271 τοῖς

146 3292 176 3358 δ’
199 3295 261 3359 ούκ
283 3295 409 3360 ἐνεῖναι
430 3306 632 3382 περιμεῖναι·
654 3298 692 3363 τὸ
715 3298 778 3383 γδιρ
800 3300 1071 3383 τιμωρησόμενον
1095 3298 1156 3386 ούχ

146 3397 285 3474 ὑπέσται,
305 3409 364 3484 της
385 3405 551 3479 πολιτείας
574 3407 824 3488 καταλυθείσης.
859 3401 915 3470 καὶ
936 3405 1067 3482 τούτοις
1086 3416 1156 3483 τοῖς

66 3549 69 3554 .
148 3501 286 3580 δικαίοις
316 3503 428 3582 οὐδεὶς
455 3507 559 3583 οὕτως
587 3502 656 3574 οὔτ’
688 3508 826 3592 ἀναιδὴς
854 3504 932 3576 οὔδ’
961 3507 1044 3594 ὑπὲρ
1071 3510 1156 3595 ὑμᾶς
