2938 4180
227 125 290 190 152
529 129 629 181 xxm.
652 127 931 182 ΔΗιιοεοειιονν

225 282 270 350 ἵν’
295 281 403 372 ᾔδειτε
430 292 557 353 πολλοῦ
585 289 656 354 δεῖν
683 287 777 366 άξιον
805 289 884 352 ὄντα
911 298 1022 372 τυχεῖν
1047 296 1108 353 τοῦ
1129 288 1233 372 ψηφί

225 409 347 476 σματος
371 392 473 458 αὐτὸν
495 396 640 460 τουτουί.
684 391 762 459 νυνὶ
785 387 815 458 δ’
842 392 955 477 ἕτερον
977 394 1099 459 τούτου
1121 396 1233 478 μεῖζον

226 498 281 562 διδ
303 507 364 563 τοῦ
386 503 596 583 ψηφίσματος
619 494 684 566 ἔστ’
707 498 861 583 ἀδίκημα,
883 497 902 564 δ
925 499 979 564 δεῖ
996 500 1159 585 πρότερον
1177 495 1233 563 καὶ

225 610 348 684 μαθεῖν
369 604 454 688 ὑμᾶς
475 601 530 668 καὶ
553 603 775 686 φυλάξασθαι.

199 732 212 772 ι
310 708 450 793 Ἀνάγκη
466 705 502 774 δὲ
518 707 613 791 [ἐστὶ]
628 719 760 793 πρῶτον
772 708 927 774 ἁπάντων
938 711 1042 775 εἰπεῖν
1051 706 1106 774 καὶ
1116 708 1233 792 δεῖξαι,

225 817 261 879 τί
275 813 346 881 ποτ’
364 813 432 882 ἐστὶ
448 816 485 880 τὸ
501 817 715 902 Χερρόνησον
729 814 814 899 ὑμᾶς
828 815 984 900 ἀσφαλῶς
998 817 1084 898 ἔχειν
1097 837 1233 899 πεποιη-

225 923 296 998 κός·
324 923 379 987 διδι
405 923 469 1005 γὰρ
497 928 558 986 τοῦ
583 927 706 1004 μαθεῖν
728 929 826 986 τοῦτο
849 919 904 986 καλ
927 915 1077 1004 τάδίκημ’
1105 919 1123 986 ό
1146 944 1233 1005 φημι

227 1039 340 1112 σαφῶς
358 1029 492 1106 ὄψεσθε.
525 1029 614 1091 ἔστιν
632 1029 749 1092 τοίνυν
762 1022 788 1091 ὦ
803 1028 922 1109 ἄνδρες
937 1020 1108 1110 Ἀθηναῖοι
1122 1035 1233 1106 τοῦτο,

225 1135 262 1199 τὸ
281 1138 535 1219 τελευτησαντος
555 1136 683 1210 Κότυος
696 1133 889 1217 Βηρισάδην
907 1131 961 1198 καὶ
977 1127 1159 1217 Ἀμάδοκον
1177 1131 1233 1199 καὶ

226 1239 479 1325 Κερσοβλέπτην
502 1251 588 1326 τρεῖς
611 1237 688 1305 ἀνθ’
713 1238 787 1317 ἑνὸς
809 1239 967 1324 γενέσθαι
986 1237 1117 1326 Θρᾴκης
1139 1243 1234 1324 βασι-

226 1345 313 1423 λεάς·
332 1347 516 1431 συμβέβηκε
534 1347 609 1431 γάρ,
628 1345 741 1423 αὑτοῖς
759 1341 820 1429 μὲν
839 1344 1037 1423 ἀντιπάλους
1056 1340 1142 1411 εἶναι
1157 1347 1233 1412 τού-

199 1475 313 1534 ετους,
336 1453 421 1537 ὑμᾶς
444 1447 474 1518 δ’
499 1450 703 1537 ὑπέρχεσθαι
725 1449 780 1517 καὶ
802 1452 1009 1537 θεραπεύειν.
1045 1461 1144 1518 τοῦτο
1166 1456 1233 1518 τοί-

225 1582 290 1624 νυν
313 1553 339 1624 ὦ
362 1560 481 1644 άνδρες
501 1551 673 1641 Ἀθηναῖοι
696 1560 898 1642 βουλόμενοί
913 1581 1000 1634 τινες
1018 1567 1153 1642 παῦσαι,
1176 1558 1233 1624 καὶ

225 1669 405 1730 καταλῦσαι
432 1660 493 1749 μὲν
515 1667 593 1741 τοὺς
615 1663 747 1749 ἑτέρους
769 1663 938 1748 βασιλέας,
966 1666 1174 1749 παραδοῦναι
1198 1661 1228 1730 δ’

226 1768 276 1836 ἑνὶ
293 1779 339 1860 τῷ
358 1769 590 1856 Κερσοβλέπτῃ
609 1771 670 1854 την
689 1770 794 1855 ἀρχὴν
813 1770 954 1853 ἅπασαν,
978 1771 1237 1856 διαπράττονταί

226 1891 322 1960 σφισι
339 1885 437 1942 τοῦτο
456 1874 614 1960 γενέσθαι
631 1876 668 1941 τὸ
686 1875 930 1961 προβούλευμα,
949 1885 994 1964 τῷ
1014 1873 1074 1961 μὲν
1092 1877 1232 1944 ἀκοῦσαι

225 1982 467 2068 κεχωρισμένον
498 1993 558 2048 τοῦ
589 2007 621 2048 τι
651 1992 806 2049 τοιοῦτον
838 1983 949 2048 δοκεῖν
977 1984 1231 2067 διαπράξασθαι,

226 2098 270 2177 τῷ
302 2088 333 2155 δ’
364 2093 449 2177 ἔργω
476 2091 611 2155 πάντων
638 2089 777 2172 μάλιστα
803 2097 900 2154 τοῦτο
928 2093 1154 2174 περαίνοντες,
1187 2091 1231 2168 ὡς

189 2217 213 2257 ιο
226 2196 290 2279 ἐγὼ
314 2195 444 2274 διδάξω.
491 2195 602 2279 ἐπειδὴ
626 2194 688 2278 γάρ
712 2192 786 2271 ἑνὸς
808 2198 1062 2279 τελευτησαντος
1084 2207 1151 2262 τῶν
1173 2201 1231 2282 βα-

227 2301 346 2369 σιλέων
364 2303 568 2388 Βηρισάδου,
591 2302 740 2387 παραβάς
762 2303 840 2376 τοὺς
858 2301 978 2387 ὅρκους
995 2300 1049 2366 καὶ
1068 2303 1125 2379 τάς
1144 2319 1221 2368 συν-
1232 2319 1287 2370 624

225 2411 347 2492 θήκας,
379 2406 418 2485 δς
444 2404 521 2492 μεθ’
550 2407 644 2492 ὑμῶν
671 2405 860 2491 ἐποιήσατο,
890 2407 1140 2493 Κερσοβλέπτης
1167 2409 1232 2488 ἐξέ-

227 2537 329 2598 φερεν
361 2517 505 2598 πόλεμον
537 2516 619 2597 πρός
649 2534 684 2577 τε
711 2515 790 2589 τοὺς
812 2513 1003 2596 Βηρισάδου
1030 2517 1149 2592 παῖδας
1176 2516 1231 2582 καί

225 2621 308 2705 πρὸς
327 2617 525 2705 Ἀμάδοκον,
552 2619 696 2703 εὔδηλον
723 2613 765 2701 ην
793 2619 842 2683 ὅτι
866 2630 934 2696 τοῖς
957 2616 1018 2703 μὲν
1039 2623 1231 2705 Βηρισάδου

226 2725 341 2792 παισίν
360 2724 591 2811 Ἀθηνόδωρος
608 2726 784 2810 βοηθήσοι,
808 2734 853 2812 τῷ
873 2722 903 2790 δ’
927 2722 1096 2815 Ἀμαδόκῳ
1115 2731 1231 2813 Σίμων

226 2830 282 2898 καί
308 2832 454 2915 Βιάνωρ·
486 2831 504 2897 ὁ
537 2828 597 2916 μὲν
623 2832 686 2916 γάρ
713 2831 906 2915 Βηρισάδου
932 2834 1105 2917 κηδεστὴς,
1137 2835 1173 2899 οί
1198 2829 1226 2899 δ’

188 2961 213 3001 11
223 2935 407 3021 Ἀμαδόκου
437 2941 622 3020 γεγόνασιν.
668 2937 832 3003 ἐσκόπουν
859 2932 921 3002 οὖν
947 2933 1010 3003 τίν’
1040 2937 1082 3003 άν
1108 2943 1232 3024 τρόπον

222 3044 368 3130 ’ἡσυχίαν
382 3040 442 3128 μὲν
456 3047 542 3128 ἔχειν
557 3043 798 3126 ἀναγκασθεῖεν
812 3038 916 3125 οὗτοι,
933 3043 1064 3129 ἐρήμων
1078 3040 1108 3110 δ’
1125 3048 1232 3112 όντων

227 3152 363 3218 ἐκείνων
384 3151 402 3216 ὁ
420 3148 652 3236 Κερσοβλέπτη
670 3150 822 3235 πράττων
838 3150 900 3234 την
919 3150 1024 3236 ἀρχὴν
1043 3154 1233 3237 Χαρίδημος

228 3257 383 3342 ἀσφαλῶς
403 3257 509 3322 πάντα
527 3255 794 3342 καταστρέψαιτο.
832 3259 863 3322 εί
878 3268 1009 3341 πρῶτον
1028 3254 1099 3341 μὲν,
1123 3260 1164 3323 άν
1182 3284 1232 3337 τις

228 3364 331 3429 αὐτὸν
353 3364 543 3450 άποκτείνη,
566 3361 709 3448 ψήφισμ’
735 3361 895 3448 ὑμέτερον
917 3359 1037 3448 γίνοιτ’
1063 3363 1231 3450 ἀγώγιμον

228 3464 325 3534 εἶναι·
364 3470 520 3554 δεύτερον
552 3469 596 3553 δ’,
628 3472 660 3535 εί
686 3473 935 3556 χειροτονηθείη
964 3473 1143 3556 στρατηγὸς
1168 3468 1228 3558 ὑφ’
