2612 3918
184 148 225 212 ’Ῑ8
500 151 572 206 XXI.
595 149 875 203 ΔΗΜΟΣΘΕΝΟΤΣ

141 325 168 367 '1⁶
183 311 342 376 δοκοῦσιν
357 309 397 375 δέ
409 333 465 395 μοι
479 307 534 376 καλ
548 321 615 376 τῶν
629 310 838 376 δικασάντων
850 311 923 376 τότε
937 311 1069 376 πολλοί·
1084 308 1196 376 ἀκούω

180 417 245 500 γάρ
267 417 370 499 ἔγωγε
393 423 452 502 μιᾷ
475 418 581 500 μόνον
604 415 707 481 αὐτὸν
729 414 854 482 άλωυαι
876 417 993 504 ύήφφ,
1021 411 1077 480 καί
1098 408 1192 480 ταῦτ’

181 521 258 586 οὔτε
281 518 459 586 κλαύσαντ’
482 521 558 587 ούτε
582 520 746 604 δεηθέντα
768 531 836 586 τῶν
860 521 1024 587 δικαστῶν
1045 519 1195 604 ούδενός,

181 627 258 693 οὔτε
280 627 526 712 φιλάνθρωπον
549 626 626 693 οὕτε
649 626 769 712 μικρὸν
790 623 861 692 οὔτ’
884 624 966 711 μέγα
984 621 1058 691 οὐδ’
1080 625 1196 692 ὁτιοῦν

163 745 164 750 ’
181 734 264 818 πρὸς
285 735 365 810 τούς
387 733 543 810 δικαστὰς
563 735 755 817 ποιήσαντα.
791 737 908 817 θῶμεν
925 735 1042 798 τοίνυν
1060 731 1195 815 οὑτωσί,

181 841 259 916 τοὺς
277 834 339 923 μέν
356 840 581 922 καταγνόντας
595 837 700 904 αὐτοῦ
714 838 758 923 μὴ
773 838 824 904 ὅτι
838 837 997 923 ἠμύνατο,
1007 911 1008 917 1
1017 838 1073 904 διά
1085 847 1185 906 τοῦτο
1195 848 1245 898 ⁵³9

181 946 492 1028 καταψηφίσασθαι,
526 938 597 1010 ἀλλ’
628 944 680 1009 ότι
710 951 831 1010 τοῦτον
862 944 922 1009 τὸν
954 945 1080 1030 τρόπον
1111 944 1194 1011 ὥστε

181 1048 403 1134 κάποκτείναι,
425 1051 504 1127 τοὺς
523 1044 554 1114 δ’
576 1048 783 1132 ἀπογνόντας
799 1046 856 1114 καὶ
873 1049 998 1133 ταύτην
1015 1049 1077 1133 την
1095 1049 1194 1135 ὑπερ·

181 1155 286 1238 βολὴν
312 1163 369 1238 τῆς
395 1157 554 1240 τιμωρίας
581 1163 628 1241 τῷ
650 1177 689 1238 γε
711 1155 749 1220 τδ
772 1147 856 1238 σῶμ’
880 1153 1068 1243 ὑβρισμένῳ
1093 1156 1194 1222 δεδω·

142 1277 168 1318 τι
182 1258 283 1325 κέναι.
327 1263 363 1324 τί
387 1255 464 1337 οὖνς
496 1257 569 1343 έμολ
596 1268 642 1349 τιβ
669 1258 813 1346 τοσαύτη
840 1258 1029 1349 κεχρημένῳ
1051 1265 1194 1351 προνοίᾳ

181 1375 241 1430 τοῦ
263 1363 368 1450 μηδὲν
391 1365 573 1450 ἀνήκεστον
595 1364 765 1450 γενέσθαι,
788 1365 872 1430 ὥστε
890 1363 967 1451 μηδ’
989 1365 1193 1451 ἀμύνασθαι,

181 1472 269 1556 παρὰ
292 1480 352 1538 τοῦ
372 1473 434 1556 την
452 1475 614 1558 τιμωρίαν
633 1466 682 1537 ὧν
699 1464 842 1537 πέπονθ’
862 1470 1073 1556 ἀποδοθῆναι
1091 1489 1194 1560 προσ·

181 1580 266 1661 ηκει;
295 1577 359 1661 ἐγὼ
388 1574 449 1662 μέν
477 1572 570 1663 οἶμαι
596 1573 673 1662 παρ’
699 1576 794 1662 ὑμῶν
816 1573 961 1642 καὶτῶν
982 1580 1111 1663 νόμων,
1138 1576 1194 1645 καί

181 1683 388 1769 παράδειγμά
418 1706 458 1768 γε
485 1693 565 1749 πᾶσι
593 1681 753 1766 γενέσθαι
780 1693 851 1760 τοῖς
877 1683 1004 1766 ἄλλοις,
1037 1683 1088 1749 ότι
1114 1688 1194 1763 τούς

181 1788 375 1875 ὑβρίζοντας
397 1790 543 1866 ἅπαντας
564 1787 620 1854 καὶ
642 1791 720 1866 τούς
741 1788 890 1871 ἀσελγεῖς
908 1788 970 1856 ούκ
988 1788 1091 1855 αύτὸυ
1110 1789 1192 1875 ἀμύ-

181 1901 300 1961 νεσθαι
328 1896 408 1980 μετὰ
430 1903 488 1978 τῆς
511 1888 626 1980 ὀργῆς,
655 1889 726 1960 ἀλλ’
752 1891 805 1978 ἐφ’
832 1893 918 1978 ύμάς
939 1895 1033 1978 ἀγειν
1056 1896 1120 1982 δεῖ,
1147 1896 1193 1975 ὡς

180 2001 406 2085 βεβαιούντων
433 2001 528 2085 ὑμῶν
555 1999 610 2066 καὶ
637 2002 873 2084 φυλαττόντων
900 2001 959 2078 τάς
980 1999 1017 2066 έν
1039 2011 1110 2078 τοῖς
1136 2004 1192 2068 νό

181 2131 255 2192 μοις
276 2118 346 2184 τοις
368 2111 517 2172 παθοῦσι
540 2109 708 2191 βοηθείας.

141 2231 167 2270 Π
198 2249 201 2256 «
272 2208 372 2297 Οἶμαι
394 2216 511 2278 τοίνυν
533 2213 625 2288 τινάς
647 2211 742 2297 ὑμῶν
765 2206 792 2277 ὦ
814 2212 934 2297 ἄνδρες
960 2209 1111 2296 δικασταὶ
1133 2234 1192 2280 πο-

180 2325 258 2384 θείυ
284 2318 424 2385 ἀκοῦσαι
451 2320 513 2402 τὴν
540 2319 682 2403 ἔχθραν,
709 2318 781 2402 ἥτις
808 2312 851 2400 ἦν
873 2316 954 2403 ἡμίν
977 2318 1071 2404 [πρὸς
1094 2317 1193 2403 ἀλλή-

181 2427 286 2506 λους]·
309 2427 456 2509 νομίζειν
478 2426 540 2508 γάρ
565 2418 675 2489 οὐδέν’
699 2421 741 2488 άυ
764 2422 954 2508 ἀνθρώπων
975 2423 1079 2500 ούτως
1098 2423 1192 2491 ἀσελ-

180 2541 247 2614 γῶς
278 2527 333 2596 καὶ
359 2532 476 2614 βιαίως
503 2527 618 2595 ούδενλ
643 2539 711 2594 τῶν
738 2534 882 2595 πολιτῶν
910 2531 1114 2615 χρησασθαι,
1146 2532 1192 2616 μὴ

181 2637 326 2721 μεγάλου
353 2637 444 2713 τινὸς
471 2637 567 2711 ὄντος
594 2632 612 2700 δ
637 2634 725 2722 αύτῷ
749 2638 982 2720 προωφείλετο.
1028 2637 1193 2721 βούλομαι

181 2742 223 2825 δη
251 2738 305 2806 καὶ
332 2739 407 2827 περὶ
433 2742 554 2824 ταύτης
579 2739 661 2824 ύμῖν
688 2740 721 2821 ἐξ
749 2740 851 2827 ἀρχῆς
872 2743 977 2807 είπείν
998 2738 1054 2806 καὶ
1077 2743 1192 2827 διηγή-

180 2853 322 2930 σασθαι,
350 2841 395 2912 ἵν’
421 2841 513 2931 ίδηθ’
540 2846 591 2912 ὅτι
613 2844 668 2912 καὶ
690 2848 818 2912 τούτων
840 2847 986 2930 ὀφείλων
1009 2847 1106 2930 δίκην
1128 2871 1193 2932 φα-

180 2956 323 3038 νήσεται.
369 2956 461 3019 ἔσται
488 2948 525 3018 δὲ
552 2954 676 3037 βραχύς
703 2950 778 3037 περὶ
806 2953 917 3019 αὐτῶν
942 2951 960 3018 ὁ
988 2954 1101 3036 λόγος,
1128 2952 1193 3019 κάν

140 3080 167 3119 ιε
181 3061 315 3125 ἀνωθεν
337 3059 500 3144 ἄρχεσθαι
524 3059 620 3123 δοκῶ.
665 3056 764 3141 ἡνίκα
785 3059 843 3136 τὰς
867 3059 961 3135 δίκας
983 3060 1102 3143 ἔλαχον
1124 3071 1193 3126 τῶν

180 3163 341 3253 πατρῴων
363 3177 433 3243 τοῖς
455 3163 654 3250 ἐπιτρόποις,
678 3163 913 3249 μειρακύλλιον
931 3163 978 3230 ὢν
997 3165 1117 3250 κομιδῇ
1135 3163 1192 3230 καὶ

181 3280 301 3337 τοῦτον
324 3269 396 3335 οὐδ’
418 3272 451 3338 εί
470 3264 581 3355 γέγον’
602 3270 699 3346 είδὼς
720 3266 799 3335 οὐδὲ
817 3270 1022 3354 γιγνώσκων,
1045 3269 1090 3347 ὡς
1108 3267 1191 3355 μηδὲ

180 3385 245 3441 νῦν
272 3377 420 3460 ὤφελον,
446 3378 519 3442 τότε
543 3399 600 3460 μοι
622 3380 815 3460 μελλουσῶν
838 3375 975 3442 εἰσιέναι
997 3385 1065 3442 τῶν
1088 3377 1192 3443 δικῶν

181 3483 228 3558 είς
250 3479 377 3565 ἡμέραν
400 3479 539 3566 ὡσπερεὶ
563 3481 720 3564 τετάρτην
743 3480 763 3563 ἣ
784 3479 945 3566 πέμπτην,
968 3483 1191 3568 εἰσεπήδησαν
