2938 4180
237 161 302 228 222
541 165 637 216 mv.
661 161 940 226 Δεινοτοεηονε

209 327 357 390 θτοὺτόν
383 347 418 390 τε
444 330 568 390 παθεῖν
595 317 643 389 ὧν
670 321 761 401 ἀξιός
787 322 865 390 έστι.
910 331 971 390 τοῦ
998 317 1036 388 δέ
1058 322 1250 408 πράγματος

189 429 191 435 ’
237 427 343 495 οὐκέτ’
376 430 472 507 ὄντος
499 430 806 514 ἀμφισβητησίμου,
834 428 918 494 ἀλλὰ
943 437 1076 513 πρῶτον
1103 424 1165 513 μέν
1191 436 1250 512 τῆς

236 537 359 618 βουλῆς
377 537 629 618 κατεγνωκυίας,
648 529 718 599 εἶτα
734 543 795 602 τοῦ
809 534 917 619 δήμου
930 537 1011 617 μίαν
1025 530 1151 618 ἡμέραν
1166 533 1249 616 ὅλην

237 639 291 706 ἐπὶ
309 640 440 716 τούτοις
458 638 571 716 αὐτοῖς
590 637 834 720 ἀναλώσαντος,
852 639 935 724 πρὸς
954 634 991 703 δὲ
1009 637 1140 716 τούτοις
1158 641 1250 705 δικα·

237 750 389 830 στηρίοιν
408 745 505 810 δυοῖν
523 746 571 821 είς
589 742 649 810 ἕνα
666 742 721 810 καὶ
740 747 867 828 χιλίους
886 741 1134 829 ἐψηφισμένων,
1154 744 1249 811 ένού·

237 869 298 935 σης
315 848 345 916 δ’
364 849 520 934 οὐδεμιᾶς
534 843 578 916 ἔτ’
595 848 808 934 ἀποστροφῆς
821 858 881 916 τοῦ
895 850 939 934 μή
954 850 994 915 τὰ
1007 844 1145 935 χρήματ’
1161 853 1249 936 ἔχειν

236 956 332 1040 ὑμᾶς,
354 956 559 1041 Τιμοκράτης
577 953 692 1021 οὑτοσὶ
710 951 848 1020 τοσοῦθ’
871 953 1044 1046 ὑπερεῖδεν
1063 956 1191 1022 ἅπαντα
1209 957 1250 1022 τδ

238 1062 423 1146 πράγματα,
447 1062 529 1127 ὥστε
548 1065 662 1144 τίθησι
680 1058 813 1127 τουτονὶ
831 1061 891 1126 τὸν
911 1063 1029 1145 νόμον,
1054 1060 1097 1126 δι’
1121 1057 1162 1128 οὑ
1180 1074 1248 1129 τίον

239 1169 337 1251 ίερῶν
351 1165 413 1252 μὲν
425 1168 600 1254 χρημάτων
613 1171 692 1244 τοὺς
706 1168 819 1249 θεούς,
829 1177 896 1232 των
909 1166 1012 1232 δσίων
1022 1163 1059 1234 δέ
1072 1169 1134 1252 τήν
1143 1171 1303 1235 πάλιντοο

239 1273 422 1358 ἀποστερεῖ,
441 1274 547 1356 ἀκυρα
566 1269 603 1339 δέ
621 1274 661 1338 τὰ
680 1265 873 1356 γνωσθένθ’
893 1272 959 1338 ὑπὸ
977 1281 1035 1357 τῆς
1053 1275 1175 1357 βουλῆς
1194 1272 1249 1340 καὶ

237 1388 299 1444 τοῦ
322 1379 430 1463 δήμου
452 1376 508 1444 καὶ
529 1387 590 1443 τοῦ
610 1380 825 1464 δικαστηρίου
843 1381 1054 1462 καθίστησιν,
1077 1380 1193 1445 ἀδειαν
1210 1377 1249 1445 δέ

182 1501 226 1582 1ιο
238 1486 279 1549 τά
297 1487 392 1550 κοινά
411 1485 601 1568 διαρπάζειν
619 1491 664 1572 τβ
683 1483 876 1572 βουλομένῳ
895 1489 1080 1568 πεποίηκεν.
1107 1482 1191 1570 ὑπὲρ
1206 1487 1247 1570 δή

237 1591 365 1656 τούτων
393 1589 546 1655 ἁπάντων
570 1590 668 1654 λύσιν
691 1589 893 1673 ηὑρίσκομεν
914 1589 1040 1674 ταύτην
1063 1583 1168 1656 οὑσαν
1191 1592 1249 1674 μύ-

239 1720 314 1780 νην,
332 1698 363 1761 εί
378 1695 585 1780 γραψάμενοι
598 1696 658 1761 τὸν
671 1698 777 1778 νόμον
790 1693 845 1760 καὶ
859 1696 1090 1780 εἰσαγαγόντες
1104 1697 1151 1774 είς
1163 1695 1249 1781 ὑμᾶς

237 1807 336 1868 λῦσαι
359 1803 555 1884 δυναίμεθα.
597 1800 630 1879 έξ
653 1799 754 1886 ἀρχῆς
776 1794 839 1866 οὑν
862 1800 899 1867 έν
922 1799 1080 1885 βραχέσιν
1102 1801 1143 1864 τά
1165 1822 1248 1883 πρα-

237 1906 361 1992 χθέντα
381 1907 481 1990 δίειμι
500 1907 583 1990 πρὸς
600 1907 694 1992 ὑμᾶς,
714 1907 769 1972 ἵνα
788 1911 915 1991 μᾶλλον
933 1906 1061 1991 μάθητε
1075 1904 1130 1972 καλ
1144 1929 1247 1992 παρα·

237 2015 465 2098 κολουθήσητε
492 2022 562 2088 τοῖς
588 2010 663 2096 περὶ
689 2013 749 2076 τὸν
776 2013 882 2096 νόμον
910 2011 1013 2077 αὑτὸν
1038 2011 1246 2097 ἀδικήμασιν.
1275 2093 1280 2100 Ι

198 2135 224 2176 11
333 2115 483 2203 Ψήφισμ’
506 2113 597 2182 εἶπεν
621 2117 657 2182 έν
679 2116 760 2201 ὑμῖν
777 2114 983 2202 Ἀριστοφῶν
1002 2116 1137 2185 ἑλέσθαι
1155 2121 1247 2205 ζητη-

237 2226 306 2307 τάς,
331 2226 361 2290 εί
383 2225 422 2288 δέ
437 2246 487 2299 τις
506 2218 580 2288 οἶδέ
594 2220 658 2288 τιν’
680 2221 701 2307 ή
720 2234 787 2288 τῶν
806 2222 904 2306 ἱερῶν
923 2221 943 2306 ή
961 2236 1030 2289 τῶν
1048 2223 1151 2291 ὁσίων
1169 2248 1247 2309 χρη-

239 2331 350 2415 μάτων
378 2329 494 2413 έχοντά
521 2351 553 2392 τι
580 2336 637 2411 τῆς
664 2330 805 2412 πόλεως,
834 2329 973 2412 μηνύειν
995 2330 1077 2413 πρὸς
1099 2330 1247 2408 τούτους.

238 2438 317 2521 μετὰ
349 2431 439 2501 ταῦτ’
472 2433 635 2518 ἐμήνυσεν
664 2433 847 2518 Εὐκτήμων
879 2437 966 2519 ἔχειν
993 2433 1162 2521 Ἀρχέβιον
1192 2434 1248 2502 καλ

238 2542 449 2624 Λυσιθείδην
480 2541 783 2624 τριηραρχήσαντας
812 2542 961 2624 χρήματα
989 2542 1246 2625 Ναυκρατιτικά,

237 2651 360 2731 τίμημα
386 2639 518 2711 τάλαντ’
545 2643 641 2711 ἐννέα
663 2642 718 2708 καλ
741 2645 917 2730 τριάκοντα
940 2655 1031 2730 μνᾶς.
1076 2652 1247 2731 προσῆλθε

238 2762 277 2838 τῆ
296 2755 412 2836 βουλῆ,
432 2744 653 2834 προβούλευμ’
676 2749 813 2834 ἐγράφη.
851 2751 930 2835 μετὰ
947 2760 1050 2818 ταῦτα
1068 2751 1248 2835 γενομένης

198 2879 224 2917 τι
239 2858 411 2942 ἐκκλησίας
433 2857 754 2941 προύχειροτόνησεν
775 2855 793 2920 ὁ
812 2857 923 2940 δῆμος.
961 2856 1103 2935 ἀναστὰς
1121 2859 1247 2943 Εὐκτή-

238 2989 310 3050 μων
333 2957 417 3045 ἒλεγ’
440 2963 523 3027 ἀλλα
545 2984 580 3027 τε
603 2961 719 3042 πολλά,
743 2958 798 3026 καλ
821 2959 974 3044 διεξῆλθε
997 2964 1079 3048 πρὸς
1100 2964 1185 3049 ὑμᾶς
1203 2964 1248 3042 ὡς

238 3073 333 3154 έλαβε
357 3068 377 3152 ή
400 3068 536 3150 τριήρης
559 3067 597 3132 τὸ
621 3071 739 3131 πλοῖον
762 3065 782 3148 ή
806 3066 1018 3132 Μελάνωπον
1041 3069 1168 3151 άγουσα
1191 3067 1247 3135 καλ

239 3173 429 3258 Γλαυκέτην
448 3170 504 3239 καὶ
519 3169 740 3256 Ἀνδροτίωνα
759 3172 961 3255 πρεσβευτὰς
980 3172 1024 3249 ὡς
1042 3176 1246 3259 Μαύσωλον,

239 3282 282 3357 ὡς
306 3283 427 3346 έθεσαν
446 3279 507 3362 τήν
526 3278 692 3362 ἱκετηρίαν
712 3271 759 3342 ὧν
776 3273 819 3360 ἦν
837 3279 876 3341 τά
893 3273 1039 3363 χρήμαθ’
1061 3280 1246 3365 ἀνθρωποι,

239 3387 283 3461 ὡς
311 3380 623 3469 ἀπεχειροτονήσαθ’
649 3383 742 3469 ὑμεῖς
769 3384 813 3468 μή
841 3378 925 3468 φίλι’
952 3379 1036 3448 εἶναι
1064 3380 1144 3468 τότ’,
1173 3387 1247 3454 ἀνέ-

239 3507 364 3572 μνησεν
392 3490 490 3573 ὑμᾶς,
518 3492 596 3566 τοὺς
622 3492 747 3575 νόμους
770 3486 913 3572 ἀνέγνω,
940 3486 1019 3555 καθ’
1045 3490 1104 3568 οὓς
1126 3501 1247 3558 τοῦτον
