2616 3910
460 230 560 282 111202
577 229 828 284 αενετωεκοκ.
1086 226 1152 292 475

14 399 18 444 12
144 386 335 474 ἐπιτροπῆς,
360 384 510 454 τάναντί’
542 386 729 473 ἐγράψαντο
756 388 895 454 τούτων·
929 387 974 466 ὡς
999 388 1064 470 λ’ἃθ
1091 385 1154 453 ⁰¹’m

14 499 16 524 '
143 492 303 559 ἀποδόντι
326 497 428 577 λόγον
446 487 512 559 τότ’
530 492 746 576 ἐγκαλοῦντες
764 496 949 576 φαίνονται.
985 489 1053 575 λέγ’
1071 489 1151 558 αὐτὸ

13 611 17 647 2*
142 599 180 664 τὸ
203 600 362 684 ἔγκλημα,
386 598 405 666 δ
426 593 494 664 τότ’
516 602 635 684 ἔλαχον
657 607 703 688 τῷ
726 602 834 683 πατρί.

553 845 740 900 ΕΓΚΛΗΜΔ.

103 993 127 1029 ω
227 963 284 1032 Ἐν
310 972 395 1057 ποίφ
423 970 465 1053 δή
492 972 580 1060 λόγφ
607 980 672 1037 νῦν
700 963 866 1054 ἐγκαλεῖθ’
889 970 934 1047 ὡς
951 967 1153 1055 παρέδωκεν,

143 1068 169 1138 ὦ
197 1072 383 1158 Ξενοπείθη
415 1073 470 1140 καὶ
497 1079 707 1160 Ναυσίμαχε;
739 1079 814 1142 τότε
840 1070 901 1160 μὲν
927 1075 991 1158 γάρ
1018 1074 1063 1151 ὡς
1091 1073 1153 1138 οὐκ

142 1178 302 1245 ἀποδόντι
330 1181 424 1258 δίκας
450 1180 644 1265 ἐλαγχάνετε
674 1178 742 1262 [καὶ
764 1173 901 1266 χρήματ’
928 1179 1151 1264 {aspamam}

142 1285 175 1350 εί
200 1281 230 1350 δ’
257 1277 307 1350 ἐπ’
334 1280 492 1370 ἀμφότερ’
518 1288 608 1351 ἔσται
632 1295 856 1369 συκοφαντεῖν
878 1284 973 1368 ὑμίν,
1001 1281 1057 1350 καί
1078 1279 1152 1350 τοτὲ

140 1385 203 1474 μὲν
229 1398 290 1454 τοῦ
317 1390 362 1473 μή
389 1391 598 1476 παραδοῦναι
625 1385 762 1476 χρήματ’
789 1389 990 1475 ἐπράξασθε,
1019 1386 1092 1456 τοτὲ
1117 1385 1147 1456 δ’

140 1495 186 1571 ὡς
212 1496 421 1578 παραδόντος
448 1496 597 1579 διώκετε,
625 1493 727 1561 οὐδὲν
752 1496 874 1561 κωλύει
901 1493 956 1561 καὶ
982 1497 1096 1582 τρίτον
1119 1519 1152 1562 τι

140 1610 277 1667 σκοπεῖν
299 1601 380 1684 μετὰ
402 1610 515 1684 ταῦτα,
539 1602 619 1668 ὅτου
641 1603 743 1667 πάλιν
765 1601 952 1668 δικάσεσθε.
998 1602 1035 1668 οί
1054 1602 1151 1685 νόμοι

140 1702 172 1771 δ’
195 1706 237 1772 οὐ
254 1714 357 1771 ταῦτα
375 1705 543 1789 λέγουσιν,
563 1705 634 1772 ἀλλ’
656 1707 742 1787 ἅπαξ
760 1705 835 1792 περὶ
853 1716 921 1772 τῶν
940 1706 1050 1773 αὐτῶν
1069 1709 1152 1797 πρὸς

138 1815 199 1877 τὸν
222 1812 326 1877 αὐτὸν
349 1805 436 1877 είυαι
458 1812 516 1889 τὰς
539 1814 640 1890 δίκας.

99 1942 123 1982 ιτ
221 1915 293 1982 Ἵνα
310 1919 427 1983 τοίνυν
445 1912 546 2002 είδήτ’
564 1913 590 1983 ὦ
609 1919 728 2003 ἀνδρες
745 1920 907 2001 δικασταί,
926 1919 976 1985 ὅτι
990 1919 1032 1986 οὐ
1045 1923 1150 2005 μόνον

140 2023 203 2090 οῦκ
225 2022 417 2090 ἀδικοῦνται
439 2031 515 2106 νῦν,
538 2023 622 2089 ἀλλὰ
639 2022 695 2089 καὶ
712 2025 800 2110 παρά
818 2026 943 2100 πάντας
960 2024 1041 2109 ἡμίν
1059 2027 1151 2092 δικά-

141 2132 251 2208 ζονται
282 2131 361 2207 τοὺς
392 2131 531 2214 νόμους,
563 2130 726 2214 βούλομαι
756 2128 812 2196 καί
838 2138 959 2196 τοῦτον
985 2130 1066 2214 ὑμῖν
1091 2132 1151 2197 τὸν

138 2237 246 2318 νόμον
268 2235 388 2318 είπείν,
415 2233 452 2312 ὃς
475 2234 660 2321 διαρρήδην
682 2233 796 2318 λέγει,
814 2235 872 2300 ἐὰν
894 2231 984 2300 πέντ’
1011 2239 1066 2319 ἐτη
1090 2257 1150 2301 τια-

139 2339 246 2426 ρέλθη
268 2337 323 2405 καὶ
345 2341 390 2424 μή
414 2341 626 2424 δικάσωνται,
649 2337 760 2425 μηκέτ’
787 2336 873 2407 εἶναι
897 2351 968 2418 τοῖς
989 2340 1151 2428 ὀρφανοῖς

139 2448 237 2529 δίκην
269 2443 344 2529 περὶ
374 2455 442 2510 τῶν
475 2445 511 2511 ἐκ
539 2455 597 2530 της
624 2446 801 2531 ἐπιτροπής
828 2447 1048 2532 ἐγκλημάτων.
1094 2446 1150 2514 καί

138 2551 220 2635 ὑμῖν
242 2550 468 2634 ἀναγνώσεται
490 2553 551 2616 τὸν
572 2554 686 2637 νόμον.

573 2798 710 2853 ΝΟΜΟΣ.

98 2942 124 2982 ιε
225 2916 367 2989 Ἀκούετ’
394 2917 420 2989 ἐι
448 2923 568 3007 ἀνδρες
595 2922 747 2989 δικασταί
773 2935 834 2992 τοῦ
861 2929 968 3010 νόμου
995 2925 1150 3009 λέγοντος

138 3029 305 3115 ἄντικρυς,
327 3029 387 3097 ἐὰν
408 3030 452 3113 μή
476 3025 567 3094 πέντ’
590 3028 672 3094 ἐτῶν
696 3031 907 3114 δικάσωνται,
930 3031 1040 3116 μηκέτ’
1063 3028 1149 3098 εἶναι

140 3137 244 3218 δίκην.
291 3134 416 3201 οἰκοῦν
444 3135 617 3218 ἐλάχομεν,
646 3144 746 3218 φαίευ
773 3137 823 3202 ἀν.
870 3135 924 3202 καὶ
948 3135 1152 3204 διελύσασθέ

138 3263 187 3324 γε,
210 3237 287 3305 ὥστ’
315 3239 376 3305 οὐκ
399 3238 484 3306 είσλν
507 3235 608 3316 αὖθις
630 3239 711 3324 ὑμῖν
734 3243 832 3307 δίκαι.
868 3240 889 3326 ἢ
914 3244 1027 3307 δεινόν
1049 3237 1080 3326 γ’
1107 3241 1149 3307 ἀν

139 3351 201 3428 είη,
225 3347 256 3411 εί
277 3356 344 3411 τῶν
366 3343 426 3429 μὲν
450 3345 482 3426 ἐξ
507 3344 606 3430 ἀρχῆς
629 3344 839 3430 ἀδικημάτων
863 3347 904 3412 οὐ
928 3349 1068 3413 δίδωσιν
1086 3347 1147 3426 ἐξω

139 3446 228 3517 πέντ’
255 3451 337 3516 ἐτῶν
360 3452 417 3526 τδις
440 3453 534 3528 δίκας
556 3461 626 3528 τοῖς
645 3452 806 3536 ὀρφανοῖς
824 3452 843 3518 ό
861 3453 963 3535 νόμος
981 3453 1062 3517 κατδι
1080 3463 1148 3516 τῶν

139 3557 201 3622 οὐκ
228 3554 417 3639 ἀφειμένων
444 3557 646 3641 ἐπιτρόπων,
674 3559 755 3638 πρὸς
784 3555 820 3621 δὲ
847 3560 926 3632 τοὺς
953 3555 986 3632 ἐξ
1010 3557 1148 3620 ἐκείνων
