2596 3898
146 107 192 163 CX
275 108 564 164 COMMENTARIUS
583 108 745 165 ORITIGUS
763 110 885 180 (XXXV,
899 115 1023 180 20-444).

146 265 318 336 (Εὐμάριχος
336 267 531 321 LDIndorfius:
551 268 710 338 Εύμόχιρος
724 270 757 336 A,
770 269 907 338 Ἐύμαχος
925 288 951 332 ες
970 284 1024 322 om.
1042 269 1113 337 Εύμ.
1129 309 1153 324 ..

141 344 312 400 Ἵστιαιόθεν
322 345 393 413 FQ.)
411 379 447 388 —
463 349 654 419 (Ξοπεταιών]
669 343 840 413 ἐξνπεταίων
855 347 918 415 ΕΩ,
937 348 1097 417 ξομπετεύν
1110 349 1155 415 A)

146 457 180 466 —
200 428 416 494 Δημοκριτίδον
429 428 461 481 A.
479 459 508 466 κ
531 429 678 495 (Χολλίδης
696 428 775 482 codd.
804 427 899 482 Etiam
917 427 1010 482 verius
1028 430 1072 480 ced
1086 430 1155 480 Χολ-

147 504 253 574 λῄδης.)
271 534 305 544 -
324 504 360 558 21
381 504 429 558 καλ
444 503 505 558 οὐδ’
523 504 582 559 sine
598 504 640 560 ὅτι
653 503 716 569 FQ3
736 505 784 558 καλ
799 505 841 561 ὅτι
855 507 906 562 ούκ
920 507 954 562 A.
970 537 1001 546 -
1022 505 1058 560 22
1078 504 1156 574 (χρή-

146 583 232 652 ματα]
251 580 290 635 τόι
310 585 437 652 χρήματα
457 583 496 654 S.)
515 616 544 622 -
566 584 603 637 24
622 584 871 652 ἀντιφορτίζεσθαι
888 604 927 644 v.:
948 587 1155 655 ἀντιφορτίζειν

147 661 268 728 ΒΑελῸ
291 665 356 733 (σεο,
375 662 442 727 Dd.;
469 663 502 719 R.
520 661 593 736 nihil
616 679 631 716 e
651 662 708 716 suis
727 664 807 720 codd.
827 665 993 736 adnotavit).
1029 663 1155 718 Medium

146 746 190 796 est
203 740 304 795 ceteris
318 741 396 796 loeis.
407 773 441 782 -
456 742 593 812 ἀνέπαφα
607 741 670 806 FQ:
690 735 755 798 add.
769 743 863 799 πάντα
877 746 910 813 A,
923 752 1012 799 ταῦτα
1027 743 1110 799 SDd.
1121 774 1155 784 -

146 822 182 876 25
202 819 356 891 γέγραπται
374 820 426 892 μὲν
440 820 532 885 AFQ:
551 841 576 890 γ.
592 819 643 890 μὲν
660 820 713 890 γὰρ
728 821 746 875 S
760 821 813 878 Dd.
841 823 881 878 cf.
899 831 938 878 19.
955 829 998 877 22,
1016 852 1051 864 -—
1070 824 1155 891 ἀντη-

146 899 281 972 γόρασαν]
300 899 444 970 ἠγόρασαν
458 899 517 965 FQ.
534 931 566 940 —
586 897 648 970 (ἕως
661 900 698 953 A:
719 898 769 963 ἕως
784 900 868 973 ὅταν.)
887 933 921 944 -
940 903 978 957 26
996 902 1156 972 ὠφληκότες

146 982 280 1049 οὐδεμίαν
294 980 357 1045 FQ:
378 982 513 1049 οὐδεμίαν
533 977 699 1048 ὠφληκότες.
714 1010 748 1020 -
767 981 821 1035 ύπὸ
843 986 1004 1052 Φασηλιτῶν
1020 983 1154 1051 Harpocr.

146 1077 170 1114 v.
186 1059 281 1120 σύλαςι
301 1059 356 1113 ῦπδ
375 1060 481 1113 τούτων
498 1062 565 1112 Φασ.
582 1057 678 1113 ὄντων.
698 1089 732 1100 ·-
751 1058 872 1116 θέλωσιν
890 1061 990 1130 Ham:
1010 1056 1156 1115 ἐθέλωσιν,

146 1171 183 1179 --
199 1142 236 1212 τῷ
250 1140 366 1212 τοιούτῳ
380 1139 480 1208 Ham:
499 1145 557 1201 τοῖς
571 1139 715 1201 τοιούτοις.
731 1170 764 1180 -
784 1142 974 1209 ἀφαιροῦνται
993 1142 1053 1214 βίᾳ]
1073 1141 1156 1194 ἀναι-

147 1229 262 1288 ροῦνται
276 1218 371 1288 Ηαεμ.,
392 1217 469 1272 cuius
485 1217 642 1286 complures
662 1217 742 1273 codd.
758 1218 844 1274 etiam
857 1219 892 1273 τὰ
907 1217 1037 1288 ἀλλότρια
1052 1235 1105 1274 om.
1126 1251 1155 1258 -

146 1299 181 1352 27
211 1299 372 1370 μαρτύρων]
400 1304 559 1367 μαρτυριῶν
583 1295 601 1350 S
624 1296 678 1352 Dd.
705 1327 740 1338 -
768 1297 805 1351 28
833 1297 991 1369 (ύμετέρον]
1019 1296 1156 1368 ἡμετέρου

147 1377 215 1448 SQ.)
240 1409 276 1419 -
303 1378 341 1432 29
364 1376 549 1449 ἀπολάβωμεν
567 1374 605 1428 A:
635 1374 834 1447 ἀπολάβοιμεν.
853 1408 886 1418 -
910 1377 1017 1439 τούτοις
1040 1397 1070 1432 τε
1089 1395 1155 1432 τοτα

145 1456 261 1520 τούτοις.
277 1489 309 1498 -
326 1453 499 1526 ἐσκοποῦμεν
513 1456 546 1509 Α.
561 1485 596 1495 -
611 1450 642 1510 ἐκ
656 1464 715 1509 τοῦ
728 1457 827 1510 πλοίου
840 1455 913 1510 falso
922 1455 1041 1510 Wolfius
1055 1455 1108 1513 Dd.
1119 1489 1155 1498 —

147 1538 185 1591 30
203 1539 371 1606 ηὑρίσκομεν
387 1553 451 1590 sen:
472 1535 644 1604 εὑρίσκομεν.
660 1565 694 1574 -
709 1540 756 1607 (τῷ
774 1538 840 1605 post
858 1534 974 1605 ὀνόματι
993 1553 1046 1590 om.
1062 1536 1156 1606 SFQ.)

146 1649 181 1655 -
191 1612 375 1686 (ἐνοχλοῦμεν
386 1614 446 1683 SQ,
467 1610 555 1684 ἐνοχλ.
565 1614 610 1686 A.)
625 1647 657 1655 --
672 1615 794 1683 ἁδελφὸς
807 1617 873 1683 post
885 1614 938 1670 Dd.
949 1632 1013 1669 scm:
1033 1617 1156 1685 ἀδελφὸς

146 1695 173 1762 S,
193 1695 208 1750 ὁ
227 1697 271 1752 ἀδ.
290 1714 317 1753 v.
335 1727 370 1738 -
395 1696 432 1750 31
451 1693 504 1765 μὲν
521 1697 587 1763 post
604 1694 817 1764 ἠγανακτοῦμεν
836 1692 900 1747 add.
919 1693 952 1748 R.
971 1692 1023 1748 Dd.
1042 1725 1076 1734 -
1094 1695 1155 1765 (τοί-

147 1794 237 1844 ρειχος
255 1793 295 1844 pr.
310 1775 349 1844 S.)
368 1806 402 1814 —
421 1773 542 1842 ἀπάγειν
562 1772 671 1828 schaef.
690 1772 752 1826 coll.
773 1779 788 1838 ᾖ
807 1779 844 1832 11.
860 1777 906 1826 δίε
926 1772 998 1826 αῦτά
1016 1773 1104 1842 ἀγειν.
1119 1806 1150 1815 -

147 1855 183 1908 33
201 1856 267 1923 post
285 1856 418 1916 δανείσας
436 1869 489 1908 0111.
511 1849 557 1907 ἐπὶ
575 1859 612 1925 τῷ
632 1853 754 1924 πλοίφΡ
773 1851 813 1921 (in
827 1870 860 1919 γρ
879 1850 945 1906 hab.
960 1850 1001 1922 Q)
1021 1882 1055 1892 -—
1074 1853 1154 1906 testi-

146 1931 241 1985 monIa
255 1948 308 1987 om.
324 1933 350 1987 S.
368 1963 400 1973 -
421 1933 470 1986 καὶ
483 1932 567 1995 αὐτὸς
581 1949 645 1986 sen:
665 1931 714 1986 καλ
731 1931 826 1985 αύνὸν.
841 1961 874 1971 -
896 1931 1060 1999 Θεοδοσίαν,
1079 1933 1155 2000 quod

147 2018 162 2076 ξ
178 2018 209 2064 31
223 2029 263 2080 sq.
279 2028 313 2066 ex
327 2011 345 2066 S
363 2029 413 2081 pro
430 2014 587 2067 Θεοδοσίαν
601 2011 756 2081 repositum
770 2015 821 2078 est,
840 2008 886 2063 hic
901 2026 1011 2078 quoque
1030 2013 1070 2080 (εί
1084 2012 1155 2080 (34)

147 2090 324 2145 scribendum
342 2093 417 2144 erat:
448 2093 612 2147 Θεοδοσίαν.
636 2122 672 2132 -
694 2090 731 2144 34
756 2088 854 2142 addidi
876 2088 928 2158 τὴν
950 2092 1016 2158 post
1033 2089 1154 2157 primum

146 2179 226 2225 ναῦν.
251 2201 284 2210 -
312 2177 361 2238 τῆς
384 2172 451 2223 ande
472 2172 626 2234 Θευδοσίας
648 2188 701 2224 cm.
722 2187 784 2223 cum
802 2167 862 2233 ΡΟ,
882 2199 915 2209 -
936 2171 1025 2235 (οἶνον
1044 2168 1089 2223 A:
1114 2169 1156 2222 οί-

147 2251 291 2313 κούντων.)
306 2280 341 2290 -
356 2250 506 2318 (διοπεύων
520 2249 586 2306 Dd.:
601 2249 767 2323 διοπτεύσων
788 2264 813 2301 v.
824 2253 839 2314 ξ
850 2250 904 2317 20.)
920 2277 955 2286 -
972 2247 1042 2316 πρὸς
1055 2248 1151 2302 τούσδ’

145 2328 209 2394 FQ:
230 2330 300 2397 πρὸς
318 2326 417 2383 τοῖσδ’.
446 2328 485 2384 Of.
500 2335 543 2384 20.
559 2360 592 2370 —
610 2330 647 2384 δῦ
666 2330 829 2399 (εμπορειαν
844 2326 881 2390 S.)
902 2357 934 2366 -
955 2325 1157 2396 εἰσαγαγόντας

147 2427 209 2462 scr.:
231 2407 394 2478 είσάγοντας
412 2411 472 2478 (-τα
491 2411 520 2462 ct
539 2424 623 2477 supra
640 2427 704 2462 τινα
722 2408 766 2474 Α).
784 2436 819 2447 ·-
839 2405 902 2474 (γὰρ
921 2404 1025 2476 δήπου(
1045 2409 1080 2475 δη
1099 2428 1156 2478 γαρ

146 2507 201 2541 πον
223 2504 265 2556 pr.
285 2487 317 2555 S,
345 2503 413 2542 corr.
433 2488 507 2557 cad.)
534 2518 570 2528 -
598 2491 663 2556 post
685 2485 775 2539 ἄλλων
799 2501 852 2539 om.
876 2493 960 2540 τινῶν
982 2503 1044 2538 cum
1063 2488 1095 2542 A.
1118 2519 1154 2529 -

146 2567 184 2619 36
203 2566 326 2635 ἀδελφὸς
345 2567 410 2622 Dd.:
430 2568 552 2635 ἀδελφὸς
570 2567 657 2634 SFQ,
677 2565 692 2620 ὁ
711 2567 756 2620 dd.
775 2565 812 2629 A3
832 2565 918 2619 αύτοῦ
937 2581 987 2633 pro
1006 2566 1092 2620 αὑτοῦ
1111 2585 1155 2621 re-

146 2648 300 2714 posuerunt
313 2646 391 2700 Turr.
406 2677 440 2687 -
460 2649 620 2716 (Φασηλίτῃ,
638 2647 736 2715 πολίτη
754 2660 808 2699 om.
823 2643 861 2713 S.)
879 2674 912 2682 —
932 2644 980 2697 καὶ
998 2653 1080 2699 τοῦτο
1098 2663 1153 2701 om.

147 2727 173 2780 S.
197 2757 232 2768 -
259 2727 295 2779 37
320 2723 425 2796 (ταῦτ’]
449 2723 556 2779 τοιαῦτ’
577 2725 608 2792 S,
635 2725 753 2794 sedpro
773 2741 858 2793 capr.
879 2722 990 2792 afuit.)
1012 2755 1048 2766 -
1074 2725 1157 2794 ἡμεῖς

147 2808 214 2860 καλε
232 2804 416 2876 ἀπολάβωμεν
436 2821 489 2858 om.
508 2805 541 2860 A.
560 2835 594 2846 -
619 2803 797 2873 syngraphae
816 2802 973 2872 exemplum
991 2803 1018 2856 h.
1038 2803 1055 2859 1.
1073 2821 1155 2874 repe·

146 2887 211 2938 tunt
229 2882 288 2948 ΡΟ.
307 2915 341 2925 -
360 2882 398 2937 38
415 2883 553 2954 (τούτονς]
572 2883 681 2946 τούτοις
700 2883 738 2953 S.)
756 2914 790 2924 ·-
816 2876 990 2952 (ἕωράκαμεν
1009 2883 1100 2955 codd.)
1118 2916 1153 2926 -

146 2964 291 3036 (παρέξειν
310 2963 348 3033 S.)
368 2995 399 3002 -
419 2965 456 3017 39
475 2963 492 3033 ἡ
511 2961 562 3034 μὲν
582 2963 645 3033 γὰρ(
665 2962 683 3031 ἡ
702 2961 754 3032 μὲν
772 2961 835 3028 FQ3
855 2960 920 3016 mal.
940 2961 988 3015 καὶ
1007 2962 1024 3031 ἡ
1043 2962 1102 3032 μὲν.
1120 2997 1152 3005 -

103 3065 105 3072 ·
148 3041 192 3118 (ἑᾷ
211 3061 263 3098 cm.
280 3043 318 3112 S.)
337 3073 371 3084 -
390 3042 496 3112 (ὁτιοῦν
514 3043 595 3113 πρὸς]
616 3042 710 3096 ὁτιοῦν
728 3042 760 3096 τὸ
778 3041 848 3110 πρὸς
862 3040 900 3110 S.)
919 3071 952 3082 -
971 3041 1010 3095 40
1028 3045 1154 3098 σύδεπώ-

147 3122 210 3179 ποτ’
232 3140 296 3177 scr.:
321 3120 404 3177 οῦδὲν
422 3118 530 3177 πώποτ’
552 3121 582 3189 S,
607 3121 702 3176 ούδενὶ
721 3118 829 3175 πώποτ’
850 3138 876 3176 κ.
902 3152 931 3160 -
959 3121 1047 3175 ταῦτά
1065 3142 1095 3192 γε
1115 3126 1151 3178 A:

147 3213 242 3258 ταῦτα.
272 3202 311 3258 Of.
332 3203 430 3269 XVIII,
452 3208 484 3256 16
503 3204 570 3257 extr.
590 3233 624 3243 -—
643 3203 677 3256 41
700 3204 794 3273 (όμᾶς]
813 3202 885 3272 ἡμᾶς
903 3201 942 3271 S.)
959 3232 994 3241 -
1012 3200 1088 3269 (ὅποι
1106 3203 1138 3258 R.

149 3283 239 3350 ὅπου.)
253 3312 287 3322 -
301 3285 367 3351 post
376 3277 571 3352 ἐπαγγέλλεται
581 3281 645 3336 cdd.
657 3281 705 3336 καλ
714 3299 776 3336 cum
787 3280 845 3347 FQ.
865 3280 905 3337 Cf.
916 3281 1054 3350 XXXVII,
1065 3290 1107 3336 44.
1119 3314 1152 3322 -

149 3362 185 3414 42
204 3359 411 3430 (πονηρότεροι]
431 3379 550 3428 πονηροι
565 3360 603 3429 S.)
625 3393 651 3400 -·
675 3356 736 3415 ἐπεὶ
754 3359 783 3415 δ’
799 3361 863 3416 Bk.:
883 3355 981 3428 ἐπειδὴ
999 3379 1034 3428 v,
1054 3357 1116 3416 ἐπεὶ
1135 3363 1157 3416 S

148 3439 200 3492 Dd.
211 3469 244 3478 —-
255 3437 342 3500 aIcA:
361 3437 402 3501 ἃς.
422 3473 442 3478 -
458 3440 495 3493 48
504 3439 580 3509 (ἄλλο
591 3460 617 3494 τι
626 3457 680 3496 cm.
691 3439 729 3511 S.)
738 3471 771 3482 ·-
782 3442 819 3494 44
828 3440 1005 3512 (συμβεβήκει
1016 3441 1108 3510 codd.)
1119 3473 1152 3480 -
