2616 3910
170 159 237 224 432
463 163 584 214 xxxvl.
607 160 887 215 ΔΗΜΟΣΘΕΝΟΤΣ
999 165 1002 174 ’

131 337 156 378 ω
254 317 291 386 ‘0
321 318 383 405 μὲν
414 324 516 407 νόμος
548 317 574 386 δ)
604 323 723 407 ἄνδρες
751 320 901 387 δικασταὶ
929 321 1015 386 οὑτω
1043 323 1186 406 χαλεπός

171 425 277 492 ἐστιν·
300 421 393 492 οὑτοι
413 425 443 493 δ’
466 427 502 493 ολ
517 428 716 511 μιαρώτατοι
735 427 926 512 ἀνθρώπων
945 425 1111 508 ὑπόντων,
1131 449 1186 510 γε·

170 532 362 617 γραμμέννν
385 532 570 616 διαρρήδην
594 531 630 598 ἐν
648 541 687 616 τη
706 541 883 618 συγγραφῇ
904 528 1064 615 Ἀθήναζε
1083 531 1186 598 πόλιν

170 639 264 722 ήκειν
290 639 331 704 τὰ
357 640 522 723 χρήματα,
550 639 597 715 είς
620 641 704 703 Χίον
730 637 911 723 ἐπέτρεψαν
933 643 1139 721 καταχθῆναι
1164 636 1185 702 ὑλ

171 743 385 812 ἐδανείσαντο
404 739 595 828 Ἀθήνηθεν
618 741 695 827 παρ’
722 743 824 828 ἡμῶν.
862 741 1097 826 δανειζομένου
1118 744 1185 828 γὰρ

171 847 208 915 ἐν
239 857 284 938 τῷ
313 851 433 940 Πόντςο
464 857 526 915 τοῦ
557 851 749 934 ναυκλήρου
780 858 841 915 τοῦ
872 851 1061 931 Φασηλίτου
1089 847 1185 934 ἕτερα

169 959 319 1041 χρήματα
348 955 437 1040 παρά
463 978 555 1032 τινος
583 957 668 1022 Χίον
696 955 895 1040 ἀνθρώπου,
927 954 969 1020 οὑ
997 953 1185 1038 φάσκοντος

171 1057 208 1126 δέ
231 1069 291 1127 τοῦ
311 1063 395 1126 Χίου
415 1062 592 1144 δανείσειν,
615 1061 674 1128 έδν
692 1062 735 1146 μή
754 1060 933 1146 ὑποθήκην
951 1061 1035 1144 λίβη
1055 1056 1181 1125 ἀπανθ’

170 1163 221 1232 ὑπ’
248 1161 291 1249 ήν
313 1164 389 1252 περὶ
411 1168 471 1231 τὸν
493 1167 698 1252 ναύκληρον,
726 1165 782 1232 καὶ
806 1166 1002 1252 ἐπιτρέπωσι
1023 1175 1127 1230 ταῦτα
1150 1167 1188 1232 οί

169 1275 333 1357 πρότερον
352 1273 587 1356 δεδανεικότες,
606 1261 793 1357 Ιἐπέτρεψαν
811 1281 914 1340 ταῦτα
932 1271 1111 1356 ὑποθήκην
1130 1295 1185 1355 γε-

170 1375 291 1444 νέσθαι
317 1386 363 1465 τῷ
388 1382 456 1466 Χίῳ
483 1380 524 1444 τὰ
550 1376 690 1462 ἡμέτερα
712 1376 768 1444 καί
790 1377 907 1463 κύριον
931 1376 1061 1443 ἐκεῖνον
1083 1376 1236 1461 γενέ-θεέ

130 1501 156 1543 ιε
171 1489 254 1549 σθαι
286 1482 456 1567 ἁπάντων,
488 1481 543 1549 καὶ
572 1483 677 1560 οὑτως
704 1482 869 1549 ἀπέπλεον
896 1481 932 1548 ἐκ
959 1491 1020 1548 τοῦ
1048 1484 1185 1548 Πόντου

170 1590 250 1673 μετδι
282 1598 342 1654 τοῦ
373 1592 562 1674 Φασηλίτου
594 1591 786 1672 ναυκλήρου
817 1586 873 1654 καὶ
901 1588 982 1672 μετὰ
1008 1597 1069 1653 τοῦ
1098 1592 1184 1653 Χίου

172 1704 234 1761 τοῦ
253 1696 493 1778 δεδανεικότος,
515 1694 571 1760 καὶ
590 1694 778 1779 ὁρμίζονται
796 1693 833 1760 έν
852 1705 977 1779 φωρῶν
995 1693 1114 1778 λιμένι,
1136 1696 1185 1770 εἰς

171 1797 208 1866 δέ
232 1802 269 1866 τὸ
292 1797 453 1885 ὑμέτερον
477 1799 636 1885 ἐμπόριον
658 1799 719 1884 οὐχ
743 1800 940 1884 ὡρμίσαντο.
977 1797 1032 1864 καὶ
1054 1797 1133 1864 νυνὶ
1155 1795 1183 1864 ὦ

170 1907 292 1991 ἄνδρες
322 1903 472 1972 δικασταὶ
499 1907 540 1971 τὰ
569 1903 760 1990 Ἀθήνηθεν
788 1904 1008 1970 δανεισθέντα
1034 1907 1184 1990 χρήματα

170 2014 218 2090 είς
240 2012 299 2076 τὸν
318 2011 452 2075 Πόντον
475 2008 530 2075 καὶ
548 2012 650 2075 πόλιν
668 2010 703 2075 ἐκ
720 2019 781 2076 τοῦ
800 2013 937 2076 Πόντου
956 2006 1116 2093 Ἀθήναζε
1135 2012 1184 2086 είς

129 2137 157 2178 τι
171 2121 255 2183 Χίον
277 2115 464 2201 κατηγμένα
488 2112 578 2181 ἐστὶν
602 2117 667 2182 ὑπὸ
687 2116 823 2181 τούτων.
861 2115 942 2200 ὅπερ
961 2110 1024 2181 οὑν
1042 2115 1080 2182 έν
1098 2116 1182 2200 ἀρχή

168 2222 342 2307 ὑπεθέμην
369 2231 429 2288 τοῦ
457 2224 575 2306 λόγου,
604 2221 655 2287 ὅτι
681 2220 738 2287 καλ
764 2221 858 2306 ὑμεῖς
884 2221 1054 2287 ἀδικεῖσθε
1082 2218 1182 2306 οὐδέν

169 2324 269 2413 ήττον
294 2340 364 2393 τῶν
392 2329 520 2394 δόντων
542 2326 637 2413 ήμῶν
659 2329 700 2393 τὰ
722 2330 878 2413 χρήματα.
924 2337 1074 2392 σκοπεῖτε
1097 2325 1128 2392 δ’
1155 2323 1182 2393 ὦ

170 2436 289 2518 ἄνδρες
313 2435 478 2516 δικασταί,
502 2444 571 2509 πῶς
594 2433 655 2498 οὑκ
678 2433 864 2515 ἀδικεῖσθε,
888 2432 1022 2499 ἐπειδάν
1042 2456 1093 2509 τις
1115 2443 1183 2497 τῶν

169 2543 283 2624 νόμων
305 2551 372 2605 τῶν
395 2538 563 2624 ὑμετέρων
586 2543 744 2624 κρείττων
768 2538 897 2624 ἐγχειρῇ
920 2533 1022 2622 εἶναι,
1047 2536 1102 2604 καλ
1124 2539 1183 2614 τδις

170 2646 366 2731 συγγραφὰς
383 2646 442 2722 τὰς
459 2646 616 2722 ναυτικὰς
630 2645 775 2730 ἀκύρους
788 2653 867 2730 ποιῇ
881 2642 936 2710 καὶ
950 2645 1107 2729 καταλύῃ,
1126 2641 1182 2709 καὶ

169 2753 209 2817 τδ
231 2756 381 2837 χρήματα
403 2753 443 2817 τὰ
470 2749 546 2836 παρ’
574 2752 668 2836 ήμῶν
696 2753 744 2828 είς
767 2754 851 2816 Χίον
878 2741 900 2837 ᾗ
929 2746 1182 2832 διαπεσταλκώς,

169 2869 239 2935 πῶς
262 2858 324 2923 οὐκ
346 2857 457 2923 ἀδικεῖ
477 2857 494 2923 ὁ
518 2866 669 2935 τοιοῦτος
692 2859 871 2942 ἄνθρωπος
893 2853 948 2922 καὶ
970 2856 1069 2940 ὑμᾶς,

129 2949 157 3026 ιε
238 2961 348 3048 Ἐμοὶ
370 2959 431 3048 μέν
454 2957 516 3029 οὑν
540 2964 630 3028 ἐστιν
654 2959 679 3028 ὦ
700 2966 819 3048 ἄνδρες
838 2961 989 3028 δικασταὶ
1007 2964 1090 3048 πρὸς
1106 2962 1183 3027 τού-

169 3094 249 3148 τους
272 3070 289 3135 ὁ
311 3072 422 3154 λόγος·
445 3071 575 3146 τούτοις
593 3071 656 3155 γὰρ
676 3071 783 3136 ἔδωκα
801 3071 841 3134 τὰ
858 3071 1015 3154 χρήματα.
1052 3069 1184 3144 τούτοις

171 3171 202 3242 δ’
228 3180 319 3242 ἔσται
346 3178 429 3261 πρὸς
450 3178 509 3241 τὸν
532 3177 721 3261 ναύκληρον
745 3175 955 3242 ἐκεῖνοντὸν
980 3175 1183 3257 Φασηλίτην,

170 3283 230 3348 ’τὸν
252 3286 391 3366 πολίτην
413 3283 472 3347 τὸν
496 3282 618 3366 αὑτῶν,
641 3273 667 3370 ᾧ
691 3280 775 3366 φασὶ
798 3283 949 3347 δανεῖσαι
971 3281 1011 3346 τὰ
1033 3282 1184 3364 χρήματα

170 3390 251 3454 ἄνευ
287 3387 381 3471 ήμῶν
416 3389 506 3473 παρὰ
542 3389 603 3472 τήν
634 3391 847 3472 συγγραφήν·
884 3383 963 3452 οὑδὲ
994 3387 1057 3471 γὰρ
1090 3386 1185 3469 ήμείς

171 3498 267 3574 ῖσμεν
302 3497 377 3558 τίνα
412 3493 481 3559 ἐστὶ
517 3495 558 3559 τδ
593 3493 805 3580 πεπραγμένα
841 3494 973 3570 τούτοις
1008 3493 1092 3577 πρὸς
1122 3492 1184 3556 τὸν
