2614 3904
441 231 443 235 ψ
471 204 571 255 ΠΡΟΣ
589 205 833 259 ιιιινοτειοιι.
1096 205 1160 268 389

149 365 282 444 βολαίοις
307 361 416 443 ἀφεσιν
438 364 582 446 ὑπάρξαι,
609 367 732 447 ὕστερον
755 362 783 429 δ’
809 365 898 429 ούδὲν
921 367 962 428 ἔτι
984 374 1161 449 γεγενῆσθαι

150 463 342 543 συμβόλαιον,
364 460 432 542 περὶ
454 460 487 524 δὲ
509 471 568 524 τῶν
590 466 733 526 τοιούτων
755 465 824 539 τούς
846 463 959 544 νόμους
982 463 1022 544 μὴ
1044 464 1160 526 διδόναι

149 558 329 630 δικάζεσθαι

242 744 319 816 Τοίς
351 733 412 823 μέν
443 738 599 824 ἐμπόροις
628 735 654 806 ὦ
682 742 802 824 ἀνδρες
829 738 981 806 δικασταὶ
1007 740 1062 807 καλ
1089 752 1159 827 τοϊς

147 849 348 928 ναυκλήροις
369 846 496 911 κελεύει
519 845 538 911 ὁ
561 847 663 929 νόμος
685 842 771 912 εἶναι
793 849 850 924 τὰς
869 848 963 923 δίκας
979 849 1062 930 πρὸς
1079 851 1159 924 τοὺς

146 948 370 1034 θεσμοθέτας,
400 949 458 1014 ἐάν
484 973 516 1015 τι
544 939 723 1017 ἀδικῶνται
751 951 788 1020 ἐν
814 961 859 1040 τςό
888 949 1033 1039 ἐμπορίῳ
1061 952 1081 1035 ἢ
1105 952 1156 1017 ἐν-

146 1055 249 1120 θένδε
276 1077 333 1122 ποι
359 1053 515 1133 πλέοντες
540 1055 561 1140 ἣ
584 1055 748 1142 ἑτέρωθεν
771 1058 890 1142 δεῦρο,
917 1054 972 1122 καὶ
994 1069 1064 1134 τοῖς
1086 1059 1157 1130 ἀδι-

146 1170 243 1226 κοῦσι
266 1162 390 1245 δεσμὸν
412 1160 503 1238 ἔταξε
525 1162 749 1247 τούπιτίμιον,
777 1162 838 1239 ἕως
860 1160 903 1227 ἀν
926 1162 1115 1228 ἐκτείσωσιν
1138 1163 1156 1228 ό

145 1289 179 1332 τι
206 1265 248 1332 διν
275 1267 386 1332 αὐτῶν
412 1274 648 1352 καταγνωσθῇ,
682 1269 738 1333 ἵνα
764 1266 879 1352 μηδεὶς
906 1266 1003 1353 ἀδικη
1030 1267 1156 1352 μηδένα

118 1384 213 1438 2τῶν
241 1373 395 1457 ἐμπόρων
422 1373 502 1456 είκη.
546 1383 616 1450 τοῖς
643 1371 681 1438 δὲ
707 1371 782 1457 περὶ
809 1384 877 1438 τῶν
899 1374 943 1456 μη
966 1373 1156 1457 γενομένων

146 1481 359 1562 συμβολαίων
389 1479 437 1554 είς
463 1481 574 1560 κρίσιν
600 1478 856 1562 καθισταμένοις
883 1475 935 1542 ἐπὶ
963 1479 1025 1561 την
1051 1501 1154 1562 παρα-

144 1585 279 1667 γραφὴν
301 1584 521 1667 καταφεύγειν
544 1584 708 1650 ἐδωκενό
731 1587 848 1668 νόμος,
872 1584 927 1649 ἵνα
950 1583 1064 1666 μηδεὶς
1087 1602 1207 1670 συ-εοι

144 1697 360 1773 κοφαντηται,
384 1686 455 1754 ἀλλ’
478 1688 590 1765 αὐτοῖς
611 1699 681 1765 τοίς
703 1699 742 1774 τη
764 1689 906 1775 ἀληθείᾳ
924 1689 1155 1774 ἀδικουμένοις

144 1807 211 1860 τῶν
234 1795 388 1880 ἐμπόρων
411 1791 555 1860 καὶτῶν
577 1799 774 1881 ναυκλήρων
798 1796 835 1861 αί
856 1797 944 1860 δίκαι
969 1792 1058 1860 ὦσιν.
1098 1794 1154 1862 καί
1228 1840 1234 1853 ·

144 1899 262 1967 πολλοὶ
284 1901 349 1984 ἤδη
372 1910 440 1965 τῶν
462 1902 658 1984 φευγόντων
681 1899 718 1966 ἐν
735 1911 807 1977 ταῖς
825 1899 1027 1985 ἐμπορικαῖς,
1048 1923 1152 1984 παρα-

144 2007 350 2093 γραψάμενοι
376 2007 458 2070 κατδι
486 2007 546 2070 τὸν
572 2010 678 2091 νόμον
704 2004 838 2072 τουτονὶ
865 2004 922 2072 καὶ
946 2008 1154 2084 εἰσελθόντες

145 2116 192 2188 είς
217 2113 317 2197 ὑμᾶς,
346 2111 521 2194 ἐξήλεγξαν
547 2115 626 2189 τοὺς
653 2110 887 2196 δικαζομένους
913 2112 1035 2191 ἀδίκως
1060 2113 1153 2204 ἐγκα-

145 2223 296 2301 λοῦντας,
318 2216 374 2283 καὶ
397 2216 449 2283 ἐπὶ
472 2227 511 2303 τη
534 2218 699 2301 προφάσει
716 2227 776 2283 τοῦ
795 2219 1038 2302 ἐμπορεύεσθαι
1055 2236 1153 2285 συκο-

116 2332 361 2408 ῦφοιντοῦντας.
397 2322 416 2388 ό
438 2320 499 2406 μέν
522 2318 584 2389 σύν
607 2324 686 2408 μετὰ
709 2325 830 2390 τούτου
848 2346 904 2408 μοι
923 2323 1152 2407 ἐπιβεβουλευ-

143 2431 209 2506 κὼς
235 2426 291 2494 καλ
318 2429 377 2493 τὸν
400 2427 512 2511 ἀγῶνα
534 2427 669 2494 τουτονὶ
690 2430 948 2506 κατεσκευακεός,
976 2433 1152 2513 προϊόντος

143 2545 204 2601 τοῦ
226 2537 330 2617 λόγου
352 2533 544 2615 καταφανὴς
566 2532 646 2616 ὑμῖν
669 2532 771 2598 ἔσται·
795 2532 1013 2617 ἐγκαλοῦντος
1035 2535 1075 2601 δέ
1095 2561 1152 2620 μοι

140 2639 359 2720 Ἀπατουρίου
386 2637 427 2702 τὰ
452 2637 560 2720 ψευδῆ
587 2634 642 2702 καλ
666 2639 754 2723 παρὰ
777 2642 855 2716 τοὺς
876 2644 1001 2724 νόμους
1024 2642 1150 2721 δικαζο-

142 2745 258 2832 μένου,
281 2741 335 2810 καὶ
359 2742 421 2807 ὅσα
440 2738 500 2826 μὲν
520 2739 592 2826 ἐμοὶ
610 2740 664 2807 καὶ
681 2743 788 2831 τούτῳ
807 2741 936 2827 ἐγένετο
956 2749 1150 2830 συμβόλαια,

143 2853 277 2918 πάντων
305 2848 494 2931 ἀπαλλαγῆς
518 2846 574 2912 καλ
596 2837 743 2930 ἀφέσεως
766 2848 959 2934 γενομένης,
988 2853 1090 2917 ἀλλου
1114 2849 1151 2919 δέ
1200 2885 1204 2894 ·

143 2959 350 3042 συμβολαίου
377 2954 438 3020 οὐκ
460 2955 557 3029 ὄντος
580 2951 653 3038 ἐμοὶ
675 2955 757 3038 πρὸς
778 2965 913 3038 τοῦτον,
941 2957 1017 3022 ούτε
1039 2983 1151 3025 ναυτι-

142 3073 205 3131 κοῦ
223 3058 292 3129 ούτ’
315 3061 456 3146 ἐγγείου,
475 3061 739 3144 παρεγραψάμην
755 3061 817 3144 την
836 3064 932 3144 δίκην
950 3064 994 3146 μη
1014 3066 1150 3147 εἰσαγώ-

141 3193 241 3254 γιμον
264 3163 350 3234 εἶναι
372 3167 454 3232 κατὰ
475 3169 554 3242 τοὺς
576 3169 700 3249 νόμους
722 3169 885 3236 τουτουσί.
1297 3175 1298 3260 ρ

581 3324 707 3376 ΝΟΜΟΙ.
1049 3371 1052 3375 Δ

113 3446 126 3484 ⁴
226 3422 282 3501 Ὡς
307 3426 423 3488 τοίνυν
444 3421 533 3505 παρὰ
555 3423 633 3496 τοὺς
655 3383 780 3505 νόμους
802 3422 940 3497 τούτους
963 3423 1072 3504 εἴληχέ
1093 3446 1172 3504 μοι
1296 3399 1298 3412 ⁴

141 3531 202 3608 τὴν
230 3531 326 3609 δίκην
350 3525 564 3609 Ἀπατούριος
590 3523 645 3590 καὶ
672 3527 712 3589 τδι
738 3527 844 3607 ψευδῆ
873 3523 1080 3608 ἐγκέκληκεν,
1114 3529 1148 3590 ἐκ
1295 3523 1298 3540 ”
