2644 4182
453 453 553 505 ΠΡΟΣ
571 454 773 506 ΑΕΠΤΙΝΗΝ.
1077 451 1121 516 33

105 616 140 675 εί
153 633 203 688 τις
222 568 349 695 φαῦλός
368 611 438 677 ἐστι
455 623 523 677 τῶν
541 611 734 697 εὑρημένων
752 614 813 697 τήν
828 614 983 699 δωρειάν,
1002 611 1175 698 έχέτω,488
1309 585 1310 620 ³

103 713 178 782 ἀλλ’
202 718 271 804 ἰδίᾳ
293 719 375 783 κατά
397 720 495 783 τόνδε
518 722 668 803 κριθήτω
686 721 746 784 τὸν
764 722 878 804 νόμον.
917 720 948 784 εί
965 715 1002 784 δέ
1019 729 1122 784 ταῦτα

105 825 227 906 λόγους
249 822 304 889 καὶ
328 828 494 909 φλυαρίας
516 820 603 889 εἶναι
625 828 738 910 φήσει,
762 825 868 890 ἐκεῖνό
891 821 923 907 γ’
945 823 987 888 οῦ
1008 827 1123 906 λόγος·

105 928 205 1006 αὐτὸς
223 928 324 1012 θέτω,
342 928 398 994 καί
417 931 460 1014 μή
476 929 595 1012 λεγέτω
610 927 722 1014 τοῦθ’,
742 932 786 1008 ὡς
800 931 842 996 οὐ
855 933 1006 1014 θήσομεν
1020 928 1121 1013 ἡμεῖς.

1 1021 2 1044 ’
104 1035 244 1100 κάλλιον
268 1032 305 1100 δὲ
330 1038 439 1119 δήπου
461 1038 521 1102 τὸν
540 1031 598 1121 ὑφ’
619 1037 715 1121 ὑμῶν
733 1037 891 1122 κριθέντα
909 1041 1018 1112 καλῶς·
1035 1038 1123 1117 ἔχειν

104 1142 212 1224 νόμον
235 1141 415 1227 εἰσφέρειν,
437 1141 458 1226 ή
482 1141 522 1208 δν
545 1151 610 1207 νῦν
633 1142 693 1228 ἀφ’
719 1143 823 1209 αὑτοῦ
845 1146 990 1225 τίθησιν.

53 1265 92 1304 1⁰2
194 1240 285 1330 Ἐμοὶ
310 1244 340 1313 δ’
369 1243 394 1312 ὦ
419 1249 539 1331 ἀνδρες
559 1243 733 1333 Ἀθηναῖοι
756 1250 850 1314 δοκεῖ
865 1253 1030 1331 Λεπτίνης
1052 1244 1127 1334 (καί

106 1375 163 1436 μοι
186 1348 291 1436 μηδὲν
315 1352 490 1437 ὀργισθῇς·
526 1349 628 1419 οὐδέν
651 1354 715 1440 γάρ
738 1360 891 1439 φλαῦρον
914 1351 992 1440 έρῶ)
1016 1352 1036 1436 ή
1060 1351 1122 1417 οὐκ

106 1455 331 1540 ἀνεγνωκέναι
353 1459 433 1533 τοὺς
455 1459 613 1535 Σόλωνος
635 1459 760 1543 νόμους
782 1457 803 1542 ή
827 1459 868 1524 οὐ
891 1458 1051 1524 συνιέναι.
1092 1458 1125 1521 εί

106 1564 170 1647 γάρ
203 1561 221 1628 δ
254 1557 315 1646 μέν
344 1565 466 1628 Σόλων
498 1566 620 1648 έθηκεν
650 1566 757 1650 νόμον
786 1564 907 1644 ἐξεῖναι
935 1567 1055 1630 δοῦναι
1081 1565 1122 1629 τὰ

94 1667 229 1734 ’ἑαυτοῦ
252 1659 278 1755 ᾧ
301 1669 344 1732 ἀν
362 1692 412 1746 τις
430 1670 601 1753 βούληται,
625 1669 683 1736 έάν
702 1671 746 1755 μή
764 1671 880 1746 παῖδες
898 1665 960 1736 ὦσι
978 1673 1121 1755 γνήσιοι,

107 1773 169 1858 οὐχ
201 1770 247 1864 ἵν’
278 1773 486 1860 ἀποστερήσῃ
518 1779 596 1853 τοὺς
628 1774 794 1860 ἐγγυτάτω
827 1776 916 1858 γένει
948 1786 1005 1860 τῆς
1032 1776 1122 1860 ἀγχι-

108 1883 232 1962 στείας,
261 1878 333 1945 ἀλλ’
362 1875 408 1946 ἵν’
434 1883 482 1957 είς
508 1883 545 1947 τὸ
574 1880 676 1966 μέσον
703 1880 859 1958 καταθεὶς
885 1883 947 1966 τὴν
974 1882 1122 1966 ὠφελίαν

56 2007 94 2046 ιοι
109 1986 292 2070 ἐφάμιλλον
315 1987 437 2072 ποιήση
460 1987 498 2051 τὸ
521 1997 631 2051 ποιεῖν
655 1985 820 2070 ἀλλήλους
842 1981 896 2069 εὖ,
921 1986 964 2052 σθ
987 1982 1024 2052 δὲ
1046 1986 1121 2052 τού-

106 2095 245 2158 ναντίον
271 2093 483 2177 εἰσενήνοχας
511 2094 555 2176 μή
583 2092 704 2172 έξεῖναι
731 2101 777 2181 τῷ
806 2094 899 2181 δήμφ
926 2104 1004 2159 τῶν
1017 2091 1121 2158 αὑτοῦ

108 2201 227 2264 δοῦναι
250 2195 369 2282 μηδενὶ
391 2196 508 2282 μηδέν,
530 2209 600 2275 πῶς
623 2196 663 2264 σέ
682 2211 732 2275 τίς
755 2201 845 2284 φήση
863 2202 945 2275 τοὺς
963 2201 1122 2275 Σόλωνος

108 2302 330 2388 ἀνεγνωκέναι
352 2306 478 2388 νόμους
499 2302 521 2387 ή
545 2301 713 2382 συνιέναι;
738 2303 775 2380 ὃς
797 2307 921 2390 ἔρημον
939 2315 1045 2381 ποιεῖς
1061 2306 1122 2370 τὸν

110 2411 216 2495 δῆμον
246 2421 314 2476 τῶν
346 2409 673 2494 φιλοτιμησομένων,
705 2409 879 2493 προλέγων
906 2409 962 2476 καλ
990 2412 1122 2488 δεικνὺς

109 2517 160 2582 ὅτι
181 2526 252 2593 τοῖς
274 2515 406 2598 ἀγαθόν
428 2538 460 2580 τι
482 2524 639 2580 ποιοῦσιν
662 2512 736 2582 οὐδ’
759 2515 874 2581 ὁτιοῦν
897 2518 988 2582 ἔσται
1010 2514 1121 2582 πλέον.

56 2619 165 2688 ιοικαὶ
191 2622 259 2707 μήν
284 2621 436 2698 κάκεῖνος
464 2633 532 2686 τῶν
554 2626 662 2698 καλῶς
685 2623 876 2688 δοκούντων
899 2624 986 2706 ἔχειν
1008 2624 1121 2706 νόμων

109 2730 268 2804 Σόλωνός
295 2727 379 2809 έστι,
406 2727 450 2811 μή
480 2725 589 2809 λέγειν
615 2738 722 2804 κακῶς
748 2728 808 2792 τὸν
829 2733 1014 2810 τεθνεῶτα,
1040 2721 1118 2812 μηδ’

109 2833 152 2899 ἀν
178 2833 243 2898 ὑπὸ
271 2844 338 2898 τῶν
361 2832 491 2899 ἐκείνου
513 2857 563 2909 τις
586 2831 691 2919 ἀκούη
715 2834 846 2899 παίδων
868 2832 980 2910 αὐτός·
1018 2836 1061 2898 σὺ
1084 2829 1121 2899 δέ

109 2949 225 3022 ποιεῖς,
249 2939 290 3005 οὐ
312 2937 418 3021 λέγεις
438 2949 545 3016 κακῶς
562 2941 642 3016 τοὺς
659 2941 927 3024 τετελευτηκότας
944 2951 1012 3005 τῶν
1030 2939 1121 3025 εὐερ-

109 3057 225 3128 γετῶν,
243 3053 289 3134 τῷ
309 3047 394 3110 δεῖνι
412 3045 623 3129 μεμφόμενος
640 3042 696 3110 καὶ
711 3046 771 3110 τὸν
785 3039 867 3110 δεῖν’
884 3044 1020 3124 ἀνάξιον
1035 3040 1121 3110 εἶναι

110 3152 264 3235 φάσκων,
296 3145 345 3214 ὧν
374 3145 475 3216 οῦδὲν
502 3149 641 3226 έκείυοις
667 3160 841 3236 προσῆκεν.
888 3145 940 3236 ἀρ’
967 3150 1009 3216 οὐ
1034 3154 1121 3216 πολὺ

110 3265 171 3322 τοῦ
194 3259 354 3333 Σόλωνος
376 3255 570 3332 ἀποστατεῖς
591 3264 631 3341 τῇ
654 3257 784 3342 γνώμη;

57 3381 97 3422 105
200 3363 300 3428 Πάνυ
321 3364 439 3428 τοίνυν
457 3362 586 3446 σπουδή
605 3384 654 3438 τις
672 3360 876 3446 ἀπήγγελλέν
893 3385 950 3447 μοι
968 3362 1122 3448 περὶτοῦ

110 3466 229 3552 μηδενὶ
247 3470 319 3534 δεῖν
337 3462 442 3552 μηδὲν
461 3467 604 3549 διδόναι,
627 3464 704 3551 μηδ’
727 3466 768 3533 ἀν
787 3467 901 3534 ὁτιοῦν
919 3468 1037 3554 πράξη,
1055 3492 1122 3535 τοι-

111 3575 213 3641 οῦτόν
226 3589 266 3639 ’τι
288 3572 397 3656 λέγειν
420 3572 542 3649 αὐτοὺς
561 3573 841 3656 παρεσκευάσθαι,
864 3573 909 3651 ὡς
927 3569 980 3656 ἀρ’
991 3561 1038 3639 ὀί
1053 3567 1122 3639 ’Λα-

110 3679 316 3765 κεδαιμόνιοι
338 3682 446 3755 καλῶς
467 3681 718 3762 πολιτευόμενοι
739 3677 795 3743 καὶ
819 3672 974 3762 Θηβαῖοι,
998 3677 1174 3744 οδδενδεεο

102 3795 179 3851 των
205 3781 283 3871 παρ’
310 3777 440 3860 ἑαυτοῖς
467 3782 620 3848 διδόασιν
647 3783 804 3866 τοιαύτην
827 3782 987 3866 οὐδεμίαν
1008 3787 1121 3867 τιμήν·

164 3899 289 3940 nuum.
309 3895 361 3938 VoL
374 3895 406 3938 Π.
980 3895 997 3940 3
