2614 3904
163 249 228 315 398
441 255 567 308 xxx111.
591 253 896 324 [εεωοεοειιοντ]

123 425 150 466 ⁸⁰
250 405 345 476 Ἀλλδι
364 413 430 497 μήν
445 412 501 479 καὶ
514 423 613 479 τοῦτο
627 412 872 498 μεμαρτύρηται
886 411 975 496 ὑμῖν,
995 412 1045 477 ὅτι
1061 411 1176 494 ἐπειδὴ

162 515 401 600 ἠφανίσθησαν
425 518 462 583 αί
476 525 643 602 συνθῆκαι
661 517 726 583 ὑπὸ
744 519 883 600 τούτων,
908 516 1044 600 ἐζήτουν
1061 515 1176 598 ἑτέρας

162 621 353 705 γράφεσθαι
376 617 473 700 οὗτος
495 621 551 688 καὶ
574 622 591 688 6
615 622 817 708 Παρμένων,
842 623 887 699 ὡς
910 623 1042 707 ἀκύρων
1066 623 1175 686 όντων

163 727 275 802 αὐτοῖς
293 739 360 793 τῶν
377 730 540 813 πρότερον
559 728 831 813 ὡμολογημένων.
862 731 969 793 καίτοι
987 727 1083 794 ὁπότε
1097 726 1175 810 περὶ

163 840 220 915 τῆς
247 833 430 916 μελλούσης
451 835 605 917 γνώσεως
627 837 828 918 γενήσεσθαι
851 831 962 916 ἑτέρας
985 833 1175 917 ἐνεχείρουν

163 940 334 1022 συνθήκας
351 940 551 1023 γράφεσθαι,
576 939 688 1024 ἐπειδή
708 940 746 1004 αί
760 939 971 1024 ὑπάρχουσαι
989 938 1175 1022 ἀπώλοντο,

163 1051 232 1119 πῶς
259 1043 338 1126 ἐνῆν
365 1046 409 1128 μή
434 1056 627 1130 γραφεισῶν
650 1051 830 1130 συνθηκῶν
854 1043 975 1128 ἐτέρων
997 1043 1017 1128 ή
1042 1045 1175 1109 δίαιταν

162 1147 321 1232 γενέσθαι
344 1147 364 1232 ή
383 1149 522 1234 ἐγγύηνς
545 1148 621 1235 περὶ
640 1150 743 1216 αὐτοῦ
762 1153 825 1235 γὰρ
844 1152 966 1216 τούτου
985 1151 1175 1233 διενεχθέν-

163 1277 216 1329 τες
242 1254 304 1320 οὐκ
331 1255 479 1340 ἔγραψαν
507 1255 600 1340 ἕτερα
627 1257 816 1341 γράμματα,
850 1255 867 1321 6
896 1252 956 1340 μὲν
985 1256 1085 1334 ἀξιῶν
1115 1254 1175 1320 ἕνα

165 1359 334 1443 διαιτητήν
362 1360 450 1449 αὑτῶ
478 1356 578 1444 εἶναι,
612 1361 630 1427 6
658 1359 695 1428 δέ
723 1372 818 1445 τρεῖς.
864 1360 961 1428 ὁπότε
990 1355 1020 1425 δ’
1051 1361 1089 1425 αί
1113 1358 1175 1444 μέν

165 1464 197 1543 ἐξ
225 1463 327 1549 ἀρχῆς
354 1472 520 1552 συνθῆκαι
546 1467 800 1552 ἠφανίσθησαν,
832 1464 909 1534 καθ’
942 1465 980 1544 ἃς
1008 1464 1066 1550 ἐμέ
1091 1482 1176 1549 φησι

164 1568 320 1653 γενέσθαι
357 1573 537 1656 ἐγγυητήν,
574 1572 682 1657 ἕτεραι
715 1569 751 1638 δὲ
784 1573 827 1657 μή
861 1571 1069 1656 ἐγράφησαν,
1106 1583 1177 1649 πῶς

164 1675 276 1759 ὀρθῶς
302 1674 344 1741 δν
372 1676 444 1761 ἐμοὶ
473 1679 650 1760 δικάζοιτο,
678 1674 755 1742 καθ’
783 1672 824 1742 οὗ
851 1679 895 1762 μή
924 1681 990 1762 ἐχει
1013 1675 1177 1762 παρασχέ-

165 1788 246 1846 σθαι
269 1785 454 1866 συνθήκας;
1131 1783 1137 1794 ’

125 1905 150 1942 ³1
250 1884 347 1952 Ἀλλά
379 1890 445 1972 μήν
476 1885 531 1954 καὶ
564 1889 608 1965 ῶς
635 1888 841 1974 ἀπηγόρευεν
869 1888 887 1954 6
916 1885 1102 1972 Παρμένων
1130 1895 1177 1976 τῷ

161 1988 365 2075 Ἀριστοκλεῖ
384 1990 461 2059 καθ’
489 1994 592 2059 αὑτοῦ
615 1996 658 2078 μή
681 1994 879 2078 γιγνώσκειν
902 1995 983 2058 άνευ
1005 2005 1071 2058 τῶν
1095 2011 1176 2058 συν-

166 2098 352 2183 διαιτητῶν,
376 2100 619 2183 μεμαρτύρηται
642 2099 730 2183 ύμῑν.
769 2099 849 2164 ὅταν
873 2099 913 2181 δή
933 2097 952 2163 6
971 2099 1070 2174 αὐτὸς
1089 2098 1176 2181 ήφα-

165 2204 265 2279 νικὼς
288 2209 445 2287 φαίνηται
468 2206 508 2268 τὰ
531 2206 715 2289 γράμματα,
738 2200 815 2270 καθ’
838 2203 858 2269 δ
879 2205 946 2268 έδει
964 2205 1025 2288 τήν
1044 2203 1176 2270 δίαιταν

165 2307 334 2391 γενέσθαι,
356 2307 410 2373 καλ
434 2309 516 2374 άνευ
537 2320 604 2373 τῶν
627 2310 869 2391 συνδιαιτητῶν
888 2311 976 2393 παρὰ
994 2309 1055 2392 τήν
1074 2309 1176 2392 άπόρ-

167 2430 264 2498 ρησιν
292 2422 339 2498 φη
367 2412 609 2498 δεδιῃτηκέναι,
637 2425 706 2489 πῶς
733 2412 775 2478 δν
801 2415 907 2502 τούτῳ
935 2423 980 2502 τχῶ
1006 2414 1176 2503 άνθρώπφ

126 2537 153 2577 ³2
165 2520 398 2596 πιστεύσαντες
429 2521 563 2595 δικαίως
591 2514 646 2602 ἐμὲ
673 2518 881 2597 δπολέσαιτες
914 2519 1084 2596 σκέψασθε
1112 2523 1176 2607 γὰρ

167 2621 255 2691 τοῦτ’
283 2621 308 2689 ὦ
337 2627 456 2709 ἄνδρες
484 2626 649 2689 δικασταί
678 2626 710 2689 εί
734 2626 778 2709 μή
807 2621 862 2709 ἐμὲ
891 2622 983 2707 νυνὶ,
1012 2624 1094 2690 ἀλλὰ
1116 2629 1177 2692 τὸν

168 2729 387 2815 Παρμένοντα
415 2730 550 2796 ἐδίωκεν
575 2724 788 2814 Ἀπατούριος
815 2729 944 2812 οὑτοσί,
973 2731 1177 2812 εἰσπράττων

167 2837 225 2912 τὰς
249 2842 353 2902 είκοσι
375 2845 469 2920 μνᾶς,
494 2836 739 2920 ἰσχυριζόμενος
761 2844 800 2921 τῇ
820 2829 1065 2919 Ἀριστοκλέους
1083 2840 1225 2921 γνῶ-903

168 2959 230 3025 σει,
254 2941 271 3007 6
295 2939 332 3007 δὲ
351 2938 539 3025 Παρμένων
562 2942 677 3024 παρὼν
701 2940 892 3023 ἀπελογεῖτο
915 2940 994 3025 ὑμῖν
1017 2940 1073 3007 καὶ
1096 2943 1177 3027 μάρ-
1207 3006 1208 3011 ,

168 3071 270 3131 πνρας
292 3051 478 3132 παρείχετο,
504 3055 602 3110 τοῦτο
626 3043 687 3128 μὲν
711 3045 825 3111 ὅτιού
848 3047 939 3132 μόνςο
962 3054 1008 3134 τῷ
1033 3034 1177 3132 Ἀρίστα

129 3159 253 3236 same,
286 3153 369 3218 ίιλλδι
398 3155 496 3238 τρίτῳ
524 3150 715 3234 ἐπέτρεψεν,
749 3146 814 3217 εὖθ’
846 3151 897 3216 ὅτι
925 3151 1061 3217 άπείπεν
1089 3153 1177 3240 αύτῷ

170 3261 252 3324 άνευ
274 3271 341 3322 τῶν
364 3260 606 3339 συνδιαιτητῶν
628 3250 707 3322 καθ’
730 3256 833 3322 αὑτοῦ
855 3258 898 3342 μή
919 3257 1178 3342 ἀποφαίνεσθαι,

169 3363 224 3430 καὶ
252 3365 303 3428 ὅτι
331 3362 535 3447 ἀπολομένης
564 3362 652 3450 αὐτῷ
680 3364 916 3445 τήςγυναικὸς
939 3361 1083 3428 καὶτῶν
1106 3368 1179 3429 παί-

171 3469 240 3532 δων
269 3468 332 3532 ὑπὸ
361 3478 421 3533 τοῦ
445 3474 598 3552 σεισμοῦ,
626 3464 680 3531 καὶ
704 3463 756 3532 ἐπὶ
778 3467 978 3551 τηλικαύτην
1001 3469 1180 3553 συμφοράν
1282 3545 1283 3552 χ

172 3570 358 3649 ἀπάραντος
386 3573 512 3651 οίκαδε,
540 3571 559 3637 6
586 3571 644 3648 τὰς
669 3574 839 3655 συνθήκας
861 3572 1033 3656 ήφανικδτς
1056 3573 1180 3658 ἐρήμην
