2614 3904
169 129 236 194 344
472 132 570 186 xm
592 129 872 186 ΔΗΜΟΣΘΕΝΟΤΣ

169 302 276 376 φῶντι
300 291 569 374 συνοικήσουσαν
590 287 643 357 ἐπὶ
662 291 760 356 δυοῖν
778 290 956 356 ταλάντοιν
974 292 1097 374 προικί,
1120 291 1193 375 τήν

170 391 201 464 δ’
224 394 273 462 ἐπ’
297 396 502 481 ὀγδοήκοντα
525 407 622 480 μναῖς
644 397 751 485 τούτῳ
774 403 819 485 τςό
843 397 1067 485 σχετλιωτάτῳ
1089 397 1251 462 πάν-ειν

169 525 237 568 των
260 501 460 588 ἀνθρώπων,
483 498 539 587 ἐμὲ
561 499 591 568 δ’
613 501 694 586 ὑμῖν
713 502 871 586 διάδοχον
890 498 968 568 ἀνθ’
991 501 1095 568 αὑτοῦ
1113 514 1189 569 τῶν

130 625 156 668 ιο
171 612 378 694 λῃτουργιῶν
396 608 564 693 ἐσόμενον.
596 604 780 692 βοηθήσατ’
801 602 864 673 οὖν
881 605 961 692 ἡμῖν
979 611 1188 693 βοηθήσατε,

168 711 223 780 καὶ
247 721 308 778 τοῦ
331 715 463 780 δικαίου
484 712 541 781 καλ
564 714 659 798 ὑμῶν
682 713 792 780 αὐτῶν
815 713 910 780 ἕνεκα
932 711 986 780 καλ
1009 713 1103 798 ήμῶν
1125 713 1189 780 καλ

169 828 230 885 τοῦ
244 819 366 904 πατρὸς
379 827 440 886 τοῦ
452 821 728 903 τετελευτηκότος.
750 817 870 885 σῶσαί
890 817 1053 904 ἐλεήσατε,
1067 817 1186 904 ἐπειδή

170 919 203 1009 μ’
225 918 319 990 οὗτοι
342 934 515 1008 συγγενεῖς
537 925 630 1001 ὄντες
648 923 710 990 οὐκ
727 922 881 1008 ήλέησαν.
918 929 965 1000 ελς
982 924 1067 1010 ὑμᾶς
1083 949 1183 992 κατα·

168 1031 389 1114 πεφεύγαμεν.
427 1029 561 1096 ἱκετεύω
580 1029 742 1113 ἀντιβολῶ
761 1031 843 1114 πρὸς
861 1029 1002 1112 παίδων,
1022 1031 1105 1115 πρὸς
1122 1055 1184 1113 γυ-

168 1146 305 1218 ναικῶν,
327 1135 410 1220 πρὸς
426 1146 495 1201 τῶν
513 1137 621 1202 ὄντων
640 1135 778 1219 ἀγαθῶν
796 1135 885 1220 ὑμῖν.
918 1135 1023 1213 οὕτως
1041 1136 1184 1202 ὄναισθε

168 1241 312 1324 τούτων,
340 1241 384 1325 μή
412 1239 583 1325 περιίδητέ
605 1265 660 1326 με,
687 1237 771 1326 μηδὲ
793 1244 950 1327 ποιήσητε
972 1242 1034 1325 τήν
1057 1241 1183 1326 μητέρα

168 1345 223 1414 καλ
248 1357 316 1413 τῶν
339 1345 519 1413 ἐπιλοίπων
542 1347 687 1414 ἐλπίδων
710 1348 757 1425 είς
779 1349 838 1414 τὸν
861 1350 937 1430 βίον
960 1354 1182 1432 στερηθεῖσαν

129 1471 154 1512 ¹²
169 1451 306 1532 ἀνάξιον
333 1452 434 1537 αθτής
461 1475 494 1518 τι
519 1458 656 1518 παθεῖν·
683 1451 704 1537 ή
732 1461 797 1518 νῦν
825 1449 886 1537 μὲν
913 1458 1016 1519 οίεται
1038 1456 1181 1538 τυχόντα

169 1583 209 1645 με
232 1570 299 1626 τῶν
324 1560 463 1626 δικαίων
485 1553 563 1643 παρ’
584 1558 664 1643 ὑμῖν
687 1556 908 1638 ὑποδέξεσθαι
931 1556 986 1624 καλ
1006 1559 1067 1642 τήν
1085 1559 1181 1626 ἀδελ-

169 1667 238 1752 φήν
266 1663 438 1732 ἐκδάσειν·
468 1666 499 1730 εί
525 1659 557 1729 δ’
586 1663 680 1749 ὑμεῖς
705 1665 787 1730 ἀλλο
814 1688 847 1730 τι
873 1661 1062 1748 γνώσεσθε,
1089 1665 1107 1732 δ
1134 1669 1180 1750 μή

168 1770 310 1856 γίνοιτο,
334 1764 396 1836 τίν’
423 1767 529 1837 οἴεσθ’
557 1769 662 1854 αὐτήν
684 1771 795 1856 ψυχὴν
818 1768 913 1853 ἕξειν,
937 1771 1018 1838 ὅταν
1041 1767 1096 1856 ἐμὲ
1118 1768 1180 1857 μὲν

169 1877 225 1962 ίδη
248 1877 292 1961 μή
315 1878 420 1961 μόνον
443 1887 510 1942 τῶν
531 1875 693 1964 πατρῴων
715 1874 995 1961 ἀπεστερημένον,
1019 1877 1180 1943 ἀλλὰκαὶ

168 2004 252 2066 προς
282 1980 504 2066 ήτιμωμένον,
536 1978 612 2066 περὶ
641 1976 678 2047 δὲ
704 1990 762 2065 τῆς
790 1980 936 2066 ἀδελφῆς
962 1977 1040 2067 μηδ’
1070 1982 1176 2050 ἐλπίδ’

169 2091 312 2174 ἔχουσαν
338 2088 382 2164 ὡς
409 2087 558 2167 τεύξεταί
579 2111 670 2165 τινος
691 2099 758 2153 τῶν
780 2090 1017 2172 προσηκόντων
1040 2090 1096 2154 διὰ
1118 2092 1180 2174 τήν

130 2213 155 2254 ιι
170 2192 332 2279 ἐσομένην
358 2193 515 2277 ἀπορίαις
545 2192 606 2259 οὐκ
629 2192 719 2272 άξιος
742 2188 767 2258 δι
791 2195 911 2279 ἀνδρες
933 2193 1084 2261 δικασταὶ
1107 2191 1176 2262 οὔτ’

170 2301 234 2384 ἐγὼ
254 2302 348 2384 δίκης
366 2298 403 2365 ἐν
421 2299 502 2384 ὑμῖν
520 2300 563 2385 μή
582 2311 705 2385 τυχεῖν,
727 2294 804 2365 οὔθ’
826 2293 923 2377 οὗτος
940 2310 1084 2368 τοσαῦτα
1102 2305 1179 2388 χρή-

169 2402 243 2492 ματ’
275 2406 396 2482 ἀδίκως
427 2416 611 2491 κατασχεῖν.
658 2404 739 2490 ἐμοῦ
767 2401 828 2489 μὲν
854 2407 917 2492 γάρ
945 2409 977 2473 εί
1001 2405 1056 2473 καὶ
1082 2411 1178 2492 μήπω

168 2523 289 2598 πεῖραν
311 2514 479 2596 είλήφατε,
503 2514 598 2589 ποῖός
620 2535 669 2588 τις
691 2509 733 2576 ἀν
756 2513 803 2589 είς
825 2511 910 2596 ὑμᾶς
932 2519 1015 2596 εῖηυ,
1039 2512 1177 2592 ἐλπίζειν

169 2621 328 2704 προσήκει
360 2620 404 2703 μή
436 2620 535 2704 χείρω
566 2627 628 2684 τοῦ
655 2619 777 2703 πατρὸς
804 2620 949 2710 ἔσεσθαι.
992 2621 1114 2686 τούτου
1142 2618 1179 2687 δὲ

169 2737 287 2812 πεῖραν
305 2727 404 2810 ἔχετε,
424 2721 479 2790 καὶ
498 2734 613 2808 σαφῶς
632 2720 702 2790 ἐσθ’
725 2725 776 2790 ὅτι
793 2725 920 2808 πολλήν
939 2725 1058 2794 οὐσίαν
1076 2748 1178 2812 παρα·

170 2833 294 2916 λαβών,
313 2829 355 2898 οὐ
373 2832 478 2916 μόνον
497 2825 598 2896 οὐδὲν
616 2833 867 2915 πεφιλοτίμηται
886 2831 969 2914 πρὸς
981 2831 1077 2916 ὑμᾶς,
1097 2832 1178 2899 ἀλλά

130 2957 156 2998 ¹³
170 2935 225 3004 καλ
248 2934 411 3023 τάλλότρι’
434 2936 625 3023 ἀποστερῶν
649 2935 872 3002 ἐπιδέδεικται.
908 2932 999 3002 ταῦτ’
1021 2933 1083 3006 οὖν
1104 2957 1177 3006 σκο-

170 3054 310 3120 ποῦντες
331 3039 387 3110 καὶ
410 3043 511 3109 τάλλα
534 3040 754 3128 μνησθέντες,
776 3032 798 3128 ή
821 3042 952 3109 δίκαιόν
975 3041 1055 3128 ἐστι,
1077 3046 1177 3130 ταύτη

170 3153 375 3235 ψηφίσασθε.
416 3153 540 3227 πίστεις
563 3145 593 3214 δ’
621 3145 710 3234 ἔχεθ’
738 3148 852 3224 λκανάς
874 3147 910 3214 ἐκ
933 3150 1120 3236 μαρτύρων,
1142 3151 1177 3217 ἐκ

171 3260 370 3341 τεκμηρίων,
394 3254 430 3322 ἐκ
452 3265 520 3320 τῶν
542 3256 688 3338 είκότων,
712 3253 745 3334 ἐξ
771 3249 818 3321 ὧν
841 3248 934 3320 οὗτοι
957 3258 1071 3338 λαβεῖν
1094 3256 1224 3342 ὁμο-843

173 3366 350 3444 λογοῦντες
377 3359 487 3444 ἀθρόα
514 3359 615 3444 τάμά,
642 3357 732 3426 ταῦτ’
759 3356 964 3444 ἀνηλωκέναι
991 3357 1095 3444 φασὶν
1118 3361 1176 3429 οὐκ

134 3481 161 3520 24
174 3464 392 3549 ἀνηλωκότες,
421 3459 492 3530 ἀλλ’
518 3464 612 3532 αὐτοὶ
639 3459 734 3532 πάντ’
761 3467 897 3550 ἔχοντες.
943 3459 991 3532 ὧν
1014 3465 1175 3551 ἐνθυμου-
