2614 3904
451 185 550 236 111202
568 185 813 240 επιεονειοα.
1072 185 1139 250 399

129 342 233 409 αὐτοῦ
265 343 302 410 ἐν
333 351 372 428 τῆ
405 341 572 429 ἀποδημίᾳ
603 341 749 425 κατέγνω
778 345 839 428 τὴν
868 346 1013 428 δίαιταν,
1047 349 1139 410 ἔστιν

129 446 218 525 ὅστις
237 447 279 513 ἀν
295 449 391 534 ὑμῶν
408 457 511 513 ταῦτα
528 456 589 514 τοῦ
604 447 839 533 Παρμένοντος
853 449 1135 534 ἀπολογουμένου,

93 622 104 640 ,
128 553 190 637 τῆν
211 554 298 620 οὕτω
317 556 515 639 παρανόμως
533 560 745 636 γνωσθεῖσαν
765 555 895 620 δίαιταν
913 558 1032 639 κυρίαν
1050 557 1138 637 ἔγνω

86 681 115 722 ιι
128 655 228 738 εἶναις
252 661 296 744 μὴ
319 660 383 743 γὰρ
407 659 457 725 ὅτι
480 657 801 743 ἀμφισβητουμένων
825 658 990 741 ἀπάντωυ,
1013 658 1084 725 ἀλλ’
1107 661 1139 726 εἰ

128 760 214 848 ἦσαν
236 762 297 851 μὲν
318 766 356 832 αί
371 771 548 848 συνθῆκαι,
572 765 772 849 ὡμολογεῖτο
791 761 822 830 δ’
845 756 892 842 εἷς
910 760 996 830 εἶναι
1015 765 1033 831 ὁ
1052 767 1139 830 διαι-

127 874 226 956 τητῆς
251 870 475 958 Ἀριστοκλῆς,
506 870 550 954 μῆ
579 869 694 934 ἀπεῖπε
721 866 759 934 δὲ
786 869 804 935 ὁ
832 870 1019 955 Παρμένων
1047 871 1136 958 αὐτῷ

127 975 205 1043 καθ’
233 978 336 1043 αὑτοῦ
362 978 406 1062 μὴ
435 977 581 1059 διαιτῶν,
610 974 692 1040 ἀλλά
720 974 843 1058 συνέβη
871 974 951 1060 πρὶν
973 976 1034 1059 τῆν
1057 976 1135 1040 ἀπό-

128 1101 234 1168 φασιν
254 1081 414 1166 γενέσθαι
436 1090 494 1165 τῆς
517 1082 644 1164 διαίτης
666 1079 687 1163 ἡ
711 1082 867 1166 συμφορά
889 1089 935 1169 τῷ
956 1081 1135 1170 ἀνθρώπῳ,

127 1190 178 1265 τίς
201 1187 306 1265 οὕτως
323 1188 411 1272 ὠμός
430 1186 519 1251 ἐστιν
538 1185 705 1263 ἀντίδικος
723 1185 743 1269 ἢ
763 1186 939 1270 διαιτητής,
959 1185 995 1262 δς
1014 1186 1075 1252 οὐκ
1093 1185 1140 1251 ἀν

128 1293 305 1377 ἀνεβάλετο
333 1295 380 1370 είς
406 1293 444 1357 τὸ
473 1291 670 1376 ἐπιδημῆσαι
696 1293 756 1356 τὸν
781 1292 978 1375 ἀνθρωπον;
1005 1294 1037 1358 εί
1059 1289 1089 1357 δ’
1115 1291 1138 1358 δ

129 1398 315 1484 Παρμένων
338 1401 385 1475 είς
408 1400 509 1480 λόγον
531 1397 691 1473 καταστάς
708 1405 877 1481 πανταχοῦ
896 1393 1071 1482 δικαιότερ’
1093 1395 1136 1463 ἀν

128 1508 283 1589 φαίνοιτο
310 1505 417 1588 λέγων
443 1504 580 1586 τούτου,
607 1514 676 1579 πῶς
700 1502 743 1568 ἀν
766 1501 877 1587 ὀρθῶς
900 1502 981 1586 ἐμοῦ
1003 1527 1135 1588 καταγι-

127 1611 317 1694 γνῶσκοιτε,
341 1601 367 1697 ᾧ
390 1610 427 1674 τὸ
450 1609 605 1693 παράπαν
622 1609 705 1691 πρὸς
722 1609 782 1673 τὸν
800 1609 982 1692 ἄνθρωπον
1001 1607 1135 1675 τουτονὶ

127 1711 232 1801 μηδὲν
254 1717 458 1800 συμβόλαιόν
481 1713 585 1790 ἐστινς

86 1844 114 1885 ιε
208 1819 279 1888 Ὅτι
311 1817 371 1904 μὲν
404 1814 465 1884 οὖν
497 1819 561 1902 ἐγὼ
593 1816 654 1903 μὲν
686 1818 798 1903 ὀρθῶς
824 1818 885 1901 τῆν
912 1822 1143 1906 παραγραφὴν-

127 1931 320 2014 πεποίημιιι,
355 1919 568 2009 Ἀπατούριος
600 1921 636 1990 δέ
667 1925 707 1989 τά
738 1925 844 2008 ψευδῆ
877 1923 1048 2008 ἐγκέκληκε
1079 1924 1135 1991 καὶ

127 2037 216 2119 παρὰ
246 2037 325 2111 τοὺς
356 2034 481 2116 νόμους
511 2032 572 2114 τῆν
600 2029 693 2113 λῆξιν
720 2034 908 2114 πεποίηται,
941 2031 976 2095 ἐκ
1001 2036 1134 2096 πολλῶν

128 2135 220 2225 οἶμαι
243 2138 467 2221 ἐπιδεδεῖχθαι
489 2143 587 2201 τοῦτο
610 2136 690 2218 ὑμῖν
714 2131 739 2200 ἀ
763 2137 881 2220 ἀνδρες
904 2137 1069 2202 δικασταί·
1096 2139 1133 2203 τὸ

128 2242 166 2312 δὲ
188 2245 384 2329 κεφάλαιον,
407 2242 490 2323 πρὸς
513 2238 568 2326 ἐμὲ
591 2238 663 2307 οὐδ’
691 2241 888 2325 ἐπιχειρήσει
911 2240 1019 2324 λέγειν
1039 2239 1133 2308 Ἀπα-

127 2352 260 2435 τούριος
282 2349 327 2426 ὡς
349 2350 520 2431 συνθῆκαί
538 2333 625 2425 τινες
648 2348 736 2435 αὐτῷ
761 2348 852 2412 εἰσίν.
897 2347 976 2412 ὅταν
1000 2344 1036 2413 δέ
1055 2348 1133 2434 λέγῃ

127 2457 342 2540 ψευδόμενος,
366 2453 410 2531 ὡς
433 2453 469 2520 ἐν
491 2464 563 2531 ταῖς
582 2454 665 2538 πρὸς
682 2455 742 2518 τὸν
760 2451 978 2536 Παρμένοντα
997 2457 1185 2538 συνθῆ-οοι

127 2587 200 2639 καις
222 2560 409 2645 ἐνεγράφηυ
433 2559 603 2644 ἐγγυητῆς,
627 2558 790 2624 ἀπαιτεῖτε
810 2558 913 2622 αὐτὸν
930 2559 987 2635 τδς
1006 2562 1133 2644 συνθή·

87 2687 114 2729 ιι
128 2694 202 2752 κας,
228 2665 283 2733 καὶ
308 2660 443 2732 ἐνταῦθ’
470 2665 558 2754 αὐτῷ
582 2663 759 2747 ἀπαντᾶτε,
787 2664 837 2729 ὅτι
860 2665 978 2742 πάντες
1001 2665 1132 2751 ἀνθρω-

126 2798 195 2858 ποι,
218 2775 298 2839 ὅταν
320 2773 403 2858 πρὸς
424 2772 586 2855 ἀλλήλους
605 2783 766 2837 ποιῶνται
783 2771 988 2855 συγγραφάς,
1011 2773 1133 2838 τούτου

127 2880 223 2947 ἕνεκα
248 2878 471 2963 σημηνάμενοι
493 2879 642 2942 τίθενται
664 2869 741 2961 παρ’
763 2867 813 2952 οἷς
837 2873 878 2940 ἀν
900 2877 1133 2963 πιστεύσωσιν,

126 2981 185 3068 ἀν’,
209 2984 267 3051 έάυ
289 3008 321 3048 τι
342 2980 567 3065 ἀντιλέγωσιν,
590 2973 612 3069 ᾖ
631 2982 742 3057 αὐτοῖς
761 2981 1004 3049 ἐπανελθοῦσιν
1022 2982 1074 3049 ἐπὶ
1093 2986 1133 3050 τά

125 3092 309 3180 γράμματα,
334 3089 491 3157 ἐντεῦθεν
513 3089 572 3154 τὸν
595 3091 729 3172 ἔλεγχον
751 3091 955 3172 ποιήσασθαι
977 3086 1135 3173 περὶτοῦ

126 3194 450 3284 ἀμφισβητουμένου.
478 3195 557 3260 ὅταν
577 3191 606 3258 δ’
625 3193 790 3277 ἀφανίσας
803 3217 852 3269 τις
865 3191 1025 3277 τάκριβές,
1045 3198 1131 3283 λόγῳ

85 3324 112 3364 ιτ
127 3305 290 3384 ἐξαπατᾶν
312 3311 477 3386 πειρᾶται,
504 3310 573 3375 πῶς
598 3297 639 3364 ἀν
663 3300 796 3375 δικαίως
818 3300 1020 3377 πιστεύοιτο;
1050 3300 1134 3364 ἀλλά

125 3411 168 3494 νῆ
187 3413 255 3474 Δία
276 3406 326 3493 (τὸ
345 3407 468 3494 ῥᾷστον
485 3415 555 3480 τοῖς
574 3403 699 3468 ἀδικεῖν
717 3401 772 3470 καὶ
790 3414 1013 3486 συκοφαντεῖν
1031 3424 1129 3488 προη·

125 3510 295 3600 οημένοιε)
328 3513 528 3597 μαρτυρήσει
555 3533 604 3584 τις
632 3507 719 3596 αὐτῷ
747 3505 816 3573 κατ’
848 3507 937 3592 ἐμοῦ.
983 3508 1042 3573 ἐὰν
1069 3502 1135 3570 οὖν
