2614 3904
501 223 597 275 ΠΡΟΣ
617 225 790 275 ONHTOPA
807 226 839 278 κ
1108 219 1174 286 373

160 377 291 465 γυναῖκ’
316 380 441 470 ᾔδεσαν
468 381 523 448 καλ
548 383 588 447 τά
610 381 754 468 χρήμαθ’
782 384 833 447 ότι
855 384 944 467 παρὰ
966 383 1098 464 τούτοις
1119 377 1174 464 ἦν,

161 489 217 552 ἵνα
240 491 283 572 μὴ
308 492 402 572 λόγοι
424 492 541 573 μόνον,
564 487 648 554 ἀλλὰ
668 487 723 554 καλ
741 489 883 570 βάσανοι
901 485 976 575 περὶ
995 488 1106 553 αὐτῶν
1123 490 1173 570 γί-

117 613 145 654 ει
160 617 302 677 γνοιντο.
349 589 447 670 οὗτος
479 589 509 659 δ’
541 594 623 680 ἐμοῦ
649 593 941 679 προκαλεσαμένου
967 603 1084 674 ταῦτα,
1117 590 1173 657 καῖ

160 701 294 765 πάντων
321 711 388 764 τῶν
416 704 591 784 παρόντων
619 702 731 764 δίκαια
759 698 868 783 λέγειν
896 697 928 784 μ’
961 697 1173 784 ἀποφηναμέ-

161 830 245 886 νων,
278 806 339 871 ούκ
370 805 535 890 ἠθέλησεν
568 807 615 882 είς
646 815 745 870 τοῦτο
778 801 929 890 τάκριβὲς
956 815 1173 888 καταφυγεῖν,

160 909 232 977 ἀλλ’
264 913 373 996 ῶσπερ
401 909 522 994 ἑτέρων
550 921 651 974 τινῶν
679 912 786 976 όντων
814 909 890 993 περὶ
916 921 983 975 τῶν
1011 911 1173 976 τοιούτων

160 1018 374 1103 σαφεστέρων
397 1016 540 1101 ἐλέγχων
562 1016 583 1100 ἢ
606 1017 762 1099 βασάνων
785 1014 841 1082 καὶ
864 1027 1069 1100 μαρτυριῶν,
1096 1017 1172 1081 οὔτε

160 1125 328 1210 μάρτυρας
346 1125 568 1208 παρεχόμενος
586 1122 648 1205 τὴν
667 1120 775 1208 προῖχ’
795 1123 839 1198 ῶς
857 1121 1079 1204 ἀποδέδωκεν,
1099 1118 1169 1186 οὔτ’

160 1235 207 1308 είς
230 1233 378 1314 βάσανον
401 1228 553 1304 ἐκδιδοὺς
571 1230 629 1304 τὰς
648 1230 839 1304 συνειδυίας
857 1226 931 1310 περὶ
950 1237 1012 1293 τοῦ
1030 1228 1073 1311 μη
1093 1244 1173 1292 συν·

160 1349 264 1403 οικεῖν
296 1337 357 1420 την
392 1334 556 1418 ἀδελφήν,
593 1335 644 1399 ὅτι
680 1329 769 1399 ταῦτ’
807 1333 938 1417 ἠξίουν,
974 1334 1173 1418 ὑβριστικῶς

160 1444 249 1508 πάνυ
275 1440 331 1506 καλ
357 1444 662 1523 προπηλακιστικῶς
690 1439 752 1505 οὐκ
779 1446 830 1504 εία
854 1434 886 1524 μ’
913 1440 1002 1528 αὑτῷ
1026 1439 1173 1523 διαλέγε·

161 1555 252 1613 σῶαι.
297 1548 418 1614 τούτου
444 1542 563 1628 γένοιτ’
590 1546 633 1609 ἀν
655 1569 704 1621 τις
728 1547 959 1629 σχετλιώτερος
981 1547 1172 1629 ἄνθρωπος,

160 1653 180 1738 ἦ
200 1658 326 1738 μᾶλλον
345 1651 428 1717 ἑκὼν
446 1653 486 1715 τὰ
500 1645 602 1715 δίκαι’
620 1651 754 1733 ἀγνοεῖν
769 1653 1068 1736 προσποιούμενος;
1092 1648 1172 1735 λαβὲ

160 1757 190 1826 δ’
219 1760 323 1842 αὐτὴν
345 1759 407 1841 τὴν
429 1759 612 1841 πρόκλησιν
634 1755 689 1820 καλ
713 1755 895 1840 ἀνάγνωθι.

549 1967 774 2022 ΠΡΟΚΛΗΣΙΣ.

117 2097 144 2136 οι
243 2076 348 2160 Ὑμεῖς
362 2074 422 2160 μὲν
431 2077 549 2140 τοίνυν
558 2072 613 2139 καί
625 2076 693 2160 ίδίηι
703 2073 757 2140 καλ
768 2076 912 2161 δημοσίᾳ
921 2076 1071 2158 βάσανον
1081 2075 1172 2162 ἀκρι-

158 2185 320 2267 βεστάτην
343 2193 457 2247 πασῶν
480 2182 624 2245 πίστεων
646 2185 808 2263 νομίζετε,
832 2179 886 2245 καλ
911 2179 1035 2246 ὁπόταν
1056 2184 1172 2248 δοῦλοι

158 2288 214 2356 καλ
237 2288 409 2370 ἐλεύθεροι
431 2283 693 2368 παραγένωνται,
718 2283 776 2370 δέη
801 2280 831 2350 δ’
857 2285 1036 2370 εὑρεθῆναι
1058 2289 1095 2353 τὸ
1121 2292 1136 2368 ζ
1158 2329 1171 2339 -

157 2396 333 2478 τούμενον,
358 2393 397 2456 ού
420 2398 547 2476 χρῆσθε
570 2403 641 2467 ταῖς
664 2403 731 2456 τῶν
754 2391 942 2476 ἐλευθέρων
964 2398 1171 2479 μαρτυρίαις,

158 2500 242 2566 ἀλλὰ
274 2502 351 2574 τοὺς
384 2498 527 2573 δούλους
558 2500 804 2580 βασανίζοντες,
837 2497 924 2562 οὕτω
959 2500 1078 2581 ζητεῖτε
1110 2503 1171 2584 τὴν

158 2606 321 2687 ἀληθειαν
344 2603 455 2687 εὑρεῖν
477 2614 546 2670 τῶν
568 2601 814 2687 πεπραγμένων.
850 2606 984 2679 εἰκότως
1008 2600 1171 2691 ὧάνδρες

159 2712 325 2776 δικασταί·
352 2719 420 2773 τῶν
448 2707 509 2791 μὲν
536 2710 598 2792 γάρ
627 2709 909 2792 μαρτυρησάντων
932 2710 995 2793 ἤδη
1019 2708 1106 2788 τινὲς
1129 2713 1171 2778 ού

157 2815 287 2901 τάληθῆ
319 2799 527 2899 μαρτυρῆσαι
558 2814 693 2893 ἔδοξαν·
729 2826 795 2880 τῶν
827 2813 864 2880 δὲ
896 2818 1170 2898 βασανισθέντων

159 2921 294 2998 οὐδένες
320 2915 445 2985 πώποτ’
476 2919 738 3004 ἐξηλέγχθησαν,
769 2923 813 2998 ὡς
841 2922 902 2986 ούκ
929 2922 1038 3006 ἀληθῆ
1066 2925 1107 2988 τὰ
1134 2924 1170 2990 ἐκ

115 3047 144 3089 ιε
157 3040 225 3092 τῶν
243 3028 399 3111 βασάνων
418 3021 521 3092 εἶπον.
553 3021 650 3103 οὗτος
665 3024 701 3092 δὲ
715 3032 892 3111 τηλικαῦτα
907 3029 1019 3092 δίκαια
1033 3035 1161 3112 φυγῶν,
1170 3037 1223 3090 876

157 3131 213 3198 καλ
243 3144 360 3216 σαφεῖς
394 3131 480 3196 οὕτω
508 3130 562 3198 καὶ
591 3133 754 3216 μεγάλους
782 3132 935 3217 ἐλέγχους
962 3137 1168 3218 παραλιπών,

150 3237 300 3321 ’Ἀφοβον
318 3241 542 3323 παρεχόμενος
561 3239 712 3322 μάρτυρα
725 3238 780 3304 καλ
799 3240 1016 3323 Τιμοκράτην,
1034 3242 1094 3304 τὸν
1108 3237 1169 3323 μέν

158 3344 203 3420 ὡς
217 3343 406 3409 ἀποδέδωκε
419 3344 481 3426 τὴν
495 3354 626 3426 προῖκα,
645 3345 704 3407 τὸν
720 3342 750 3407 δ’
769 3344 812 3419 ῶς
826 3332 1019 3427 ἀπείληφεν,
1036 3343 1169 3420 ἀξιώσει

157 3450 373 3514 πιστεύεσθαι
400 3446 476 3530 παρ’
504 3448 598 3531 ὑμῖν,
627 3448 817 3532 ἀμάρτυρον
839 3450 902 3532 τὴν
925 3451 1007 3531 πρὸς
1028 3448 1168 3523 τούτους

156 3555 277 3634 πρᾶξιν
309 3559 510 3637 γεγενῆσθαι
542 3555 839 3636 προσποιούμενος·
877 3555 1041 3636 τοσαύτην
1073 3551 1167 3631 ὑμῶν
