2644 4182
174 163 195 227 6
492 165 550 216 XX.
575 162 855 216 ΔΗΜΟΣΘΕΝΟΤΣ

173 431 281 514 νόμον
299 429 360 516 οὐχ
379 427 416 507 ὃς
434 429 652 514 ἀφαιρήσεται
669 430 706 494 τὸ
725 432 864 514 κυρίους
880 427 965 513 ἡμᾶς
983 423 1079 509 εἶναι,
1104 426 1189 492 ἀλλὰ

175 532 220 600 δι’
247 528 288 600 οὑ
309 535 369 601 τὸν
392 533 600 614 ἐξαπατῶντα
622 537 887 618 τιμωρησόμεθα.

147 657 162 702 ι
262 643 307 706 Ec
328 643 445 707 τοίνυν
467 663 517 717 τις
539 639 638 716 ἐίσας
660 637 750 706 ταῦτ’
774 639 855 706 αὐτὸ
877 637 956 706 καθ’
979 639 1061 705 οιὺτὸ
1085 636 1191 717 ἐξετί-

175 762 259 829 σειε,
285 747 426 833 πότερόν
453 768 531 812 ποτε
559 745 828 832 λυσιτελέστερόν
854 745 939 828 ἐστι,
968 749 1105 829 κυρίους
1128 739 1190 828 μὲν

174 852 259 937 ὑμᾶς
277 847 364 918 εἶναι
381 861 439 936 της
458 853 607 935 δωρειᾶς,
627 849 892 935 ἐξαπατηθέντας
906 849 946 916 δί
957 873 990 916 τι
1004 854 1057 916 καλ
1071 851 1189 939 φαύλῳ

175 955 241 1022 τιυὶ
269 959 402 1039 δοῦναι,
433 956 454 1042 ἢ
483 958 538 1022 διά
565 966 626 1022 τοῦ
653 961 822 1034 παντελῶς
849 957 994 1042 ἀκύρους
1021 955 1190 1039 γενέσθαι,

174 1060 253 1148 μηδ’
279 1059 322 1128 ἀν
349 1063 443 1143 ἄξιόν
468 1059 534 1128 τιν’
561 1059 646 1148 ἴδητ’
674 1062 795 1143 ίξείναι
818 1072 969 1148 τιμῆσαι,
998 1059 1120 1149 εὕροιτ’
1147 1059 1190 1128 ἀν
1305 1105 1306 1108 =

175 1173 302 1253 μᾶλλον
333 1168 439 1235 ἐκεῖνο
471 1174 677 1235 λυσιτελοῦν.
728 1169 784 1235 διὰ
814 1172 861 1248 τίς
897 1169 948 1235 ὅτι
978 1168 1014 1235 ἐκ
1042 1165 1102 1254 μὲν
1127 1177 1190 1235 τοῦ
1305 1149 1306 1176 ’

174 1277 330 1352 πλείονας
360 1273 381 1359 ἢ
412 1284 558 1360 προσῆκε
590 1283 703 1358 τιμῦν,
736 1277 882 1352 πολλοὺς
910 1269 947 1340 εὑ
974 1286 1083 1341 ποιεῖν
1109 1297 1190 1359 προ-

174 1375 324 1446 καλεῖσθ’
346 1380 441 1466 ὑμᾶς,
465 1379 501 1447 ἐκ
523 1377 560 1446 δὲ
583 1390 644 1447 τοῦ
662 1378 782 1466 μηδενὶ
801 1377 916 1466 μηδὲν,
939 1374 1017 1466 μηδ’
1039 1378 1081 1446 ἀν
1099 1381 1190 1461 ἀξιος

149 1477 208 1572 τῇ,
232 1487 374 1570 διδόναι,
398 1488 522 1565 πάντας
545 1484 711 1571 ἀπείρξετε
729 1495 791 1552 τοῦ
811 1491 1071 1570 φιλοτιμεῖσθαι.
1106 1489 1189 1571 πρὸς

94 1676 96 1682 Ι
176 1587 213 1657 δὲ
241 1594 346 1682 τούτῳ
375 1587 419 1658 δι’
449 1591 572 1673 ἐκεῖνο,
604 1593 655 1658 ὅτι
683 1593 719 1658 οί
743 1582 805 1677 μὲν
832 1591 968 1671 ἀνάξιόν
994 1615 1070 1658 τινα
1096 1595 1189 1677 τιμή·
1300 1644 1306 1674 ,ρ

175 1715 293 1775 σαντες
324 1697 479 1781 εὐηθείας
510 1699 584 1763 τινά
617 1698 719 1778 δόξαν
752 1701 859 1782 ἔχοιεν
891 1699 950 1781 ἀν,
981 1699 1019 1764 οί
1047 1698 1084 1764 δὲ
1110 1701 1190 1777 τοὺς

177 1804 308 1888 ἀγαθόν
329 1827 362 1870 τι
384 1812 562 1880 ποιοῦντας
585 1802 723 1881 ἑαυτοὺς
745 1805 790 1888 μὴ
813 1815 883 1880 τοῖς
906 1803 1034 1888 ὁμοίοις
1057 1803 1188 1890 ἀμειβό-

175 1932 270 1994 μενοι
292 1913 414 1985 κακίας.
453 1909 520 1996 ὅσω
544 1909 585 1992 δὴ
608 1920 758 1993 κρεῖττον
777 1910 884 1994 εύηθη
908 1911 1020 1975 δοκείν
1038 1908 1058 1994 ἢ
1076 1925 1242 1994 πονηιλσε

175 2017 239 2100 ρὸν
257 2010 353 2098 εἶναι,
373 2017 523 2104 τοσούτω
542 2020 640 2081 λῦσαι
659 2017 719 2080 τὸν
736 2019 842 2100 νόμον
860 2017 997 2082 κάλλιον
1015 2015 1036 2100 ἢ
1054 2013 1188 2082 θέσθαι.
1305 2103 1306 2106 ¹

149 2142 162 2184 τ
267 2120 317 2188 Ού
346 2116 472 2188 τοίνυν
491 2115 595 2207 ἔμοιγ’
621 2118 695 2187 οὐδ’
722 2117 819 2187 ἐκεῖν’
845 2122 987 2204 εὔλογον
1015 2116 1041 2187 ὦ
1069 2122 1188 2205 ἀνδρες

173 2221 346 2313 Ἀθηναῖοι
369 2227 584 2316 σκοπουμένῳ
608 2231 772 2311 φαίνεται,
795 2230 1093 2311 καταμεμφόμενον
1109 2229 1188 2304 τοὺς

175 2334 229 2402 ἐπὶ
251 2346 324 2412 ταῖς
346 2333 571 2417 ὑπαρχούσαις
595 2335 762 2417 δωρειαῖς,
785 2335 864 2408 τοὺς
886 2337 1067 2418 χρησίμους
1090 2335 1188 2411 ὄντας

175 2452 243 2507 τῶν
273 2451 378 2525 τιμῶν
410 2440 613 2524 ἀποστερεῖν.
663 2440 695 2503 εί
720 2439 783 2522 νάρ
811 2437 1033 2522 ὑπαρχουσῶν
1058 2439 1188 2505 τούτων

176 2551 300 2632 φαῦλοι
322 2543 378 2612 καὶ
401 2545 533 2625 ἀνάξιοί
551 2567 639 2621 τινες
661 2546 743 2610 κατὰ
765 2545 825 2610 τὸν
845 2547 973 2610 τούτων
992 2546 1094 2627 λόγον
1112 2547 1186 2628 εἰσί,

175 2654 211 2718 τί
230 2653 292 2737 χρὴ
316 2653 506 2736 προσδοκᾶν
528 2653 665 2716 ἔσεσθαι
687 2652 772 2733 τότε,
796 2650 877 2715 ὅταν
899 2656 1068 2728 παντελῶς
1085 2650 1187 2717 πλέον

176 2756 278 2844 μίλλη
301 2753 405 2843 μηδὲν
429 2753 515 2823 εἶναι
537 2766 607 2833 τοϊς
628 2767 783 2840 χρηστοῖς
806 2751 917 2834 οὑσιν;

148 2885 163 2926 ε
256 2862 329 2929 Ἔτι
350 2866 467 2929 τοίνυν
489 2862 574 2947 ὑμᾶς
597 2856 719 2927 κάκεῖν’
746 2861 969 2947 ἐνθυμεῖσθαι
992 2863 1053 2946 δεῖ,
1077 2863 1128 2928 ὅτι
1151 2862 1187 2928 ἐκ
1304 2845 1306 2862 ¹

175 2982 243 3036 τῶν
269 2978 334 3035 νῦν
360 2968 579 3052 ὑπαρχόντων
604 2968 720 3049 νόμων
746 2966 801 3033 καλ
828 2967 931 3034 πύλαι
956 2970 1097 3053 κυρίων,
1127 2967 1187 3046 οὑς

176 3069 250 3143 οὐδ’
281 3073 323 3141 ἀν
355 3075 453 3150 αὐτὸς
482 3067 579 3150 οὑτος
606 3073 754 3139 ἀντείποι
781 3075 824 3157 μὴ
853 3070 928 3159 οὐχί
954 3078 1062 3150 καλῶς
1088 3077 1186 3158 ἔχειν,

176 3182 330 3248 ἐνιαυτὸν
358 3180 520 3247 διαλιπὼν
548 3179 684 3256 ἕκαστος
708 3185 898 3264 λητουργεί,
927 3179 1009 3244 ὥστε
1031 3181 1091 3244 τὸν
1113 3180 1186 3264 ἥμι-

176 3289 241 3354 σύν
263 3283 328 3354 ἐστ’
351 3287 467 3371 ἀτελὴς
489 3295 549 3353 τοῦ
572 3289 705 3370 χρόνου.
743 3280 808 3350 εἶθ’
831 3279 870 3368 ἧς
892 3293 972 3351 πᾶσι
999 3283 1129 3369 μέτεστι
1147 3287 1186 3353 τὸ

170 3395 279 3478 ὑμισυ
301 3391 356 3459 καὶ
378 3405 448 3471 τοῖς
471 3387 547 3478 μηδ’
571 3392 685 3457 ὁτιοῦν
708 3390 840 3474 ἀγαθὸν
857 3393 1073 3475 πεποιηκόσιν
1090 3391 1186 3475 ὑμᾶς,

175 3503 296 3580 ταύτης
323 3503 401 3577 τοὺς
428 3494 466 3566 εὑ
493 3502 694 3583 ποιήσαντας
721 3496 740 3563 δ
767 3501 1048 3581 προστεθείκαμεν
1074 3497 1186 3573 αὑτοῖς

174 323 258 389 ἀλλά
281 324 481 408 διδαχθῆναι
501 334 571 400 πῶς
587 332 686 390 τοῦτο
705 324 750 407 μὴ
768 325 963 407 πεισόμεθα,
985 319 1042 388 καλ
1059 319 1187 387 θέσθαι
