2602 3910
284 138 572 196 COMMENTARIUS
591 143 753 198 anniane
770 144 853 214 (xxi,
870 147 1027 215 ιτυ-ιετ).
1073 145 1159 198 xrrn

153 297 208 352 179
222 301 346 364 (δίκαιον
358 299 396 354 A:
414 300 464 355 κοιλ
478 303 609 358 δίκαιον.)
627 333 661 344 -
680 302 816 373 ἄνθρωπε
829 302 905 357 θέαν
920 319 973 359 om.
988 303 1014 358 A
1028 303 1159 372 (alterum

152 381 175 430 θ
191 376 221 430 in
240 377 258 432 S
277 395 345 432 οοττ.
364 379 450 448 add).
469 412 504 420 —
530 401 564 450 με
587 385 653 436 ante
673 381 729 453 φῂς
747 399 800 436 om.
819 383 852 436 A.
872 413 906 424 -
930 378 1074 454 ἐπιβαλεῖν
1094 399 1158 437 sen:

153 452 318 529 ἐπιβάλλειν.
351 458 391 513 ef.
411 458 501 514 εἰπεῖν
521 461 550 512 et
567 458 709 525 ἅψασθαι.
729 491 763 500 -
786 463 852 528 post
869 459 964 515 πάντα
982 477 1035 515 om.
1055 467 1159 530 μᾶλλον

153 553 214 590 eum
227 537 260 590 A.
275 567 310 578 -
329 538 387 592 180
405 540 510 613 λαβὼν]
530 538 681 612 λαμβάνων
694 541 726 593 Α.
742 571 775 581 -
795 540 849 594 181
871 533 920 606 (ὧν
936 543 1002 593 ante
1017 539 1158 596 allevem.

153 615 236 684 Sal.)
260 647 294 657 -
318 615 349 672 εὑ
369 621 435 672 ante
454 616 519 673 olda
537 636 590 674 orn.
610 619 639 673 F.
661 651 693 659 —
716 619 781 674 σουλ.
801 618 864 672 atvs
884 620 1067 688 παρεδρεύων
1086 619 1158 688 (bn).

152 695 240 749 Huius
259 696 381 766 exempli
397 714 433 752 ne
450 697 481 752 in
499 697 731 753 antecedentibus
750 695 864 766 quidem
883 697 957 751 ratio
976 698 1105 752 habetur.
1126 729 1158 738 -

153 773 222 844 ἔχων
245 777 383 846 οὐδεμίαν
400 777 459 831 AF:
488 779 623 848 οὐδεμίαν
647 777 718 848 ἔχων
741 777 812 846 (bn).
840 808 875 818 -
905 778 959 832 182
989 779 1053 832 secl.
1073 779 1158 848 ὑμῶν.

155 853 253 919 Τινὲς
275 857 354 926 ὑμῶν
376 853 465 928 ᾤοντο
488 851 544 911 κτὲ.
563 873 627 912 cum
649 855 790 925 τέθνηκεν
810 899 815 909 .
833 899 838 910 .
858 857 925 927 ὑμῖν
942 872 998 909 non
1017 855 1158 925 congruit3

153 937 182 988 at
212 934 306 990 deleto
333 937 411 1006 ὑμῶν
438 939 581 990 oratorum
609 933 724 1004 quidam
752 934 797 988 vel
826 933 925 1003 populi
951 934 1159 1004 intellegentur.

155 1013 272 1087 Θανάτῳ
292 1017 430 1084 ζημιῶσαί
440 1043 473 1061 =
488 1035 562 1078 τινες
580 1012 668 1088 ᾤοντο
688 1021 797 1085 χρῆναι.
815 1043 848 1055 -
866 1013 973 1085 (tirtel
993 1019 1099 1070 αλονσα
1118 1033 1159 1083 pr.

153 1093 190 1162 S.)
213 1124 247 1135 —
272 1089 384 1163 ἑτέρους
403 1092 492 1166 ἔχοιμ’
512 1093 549 1150 dcv
568 1111 632 1150 sen:
661 1092 698 1148 διν
721 1090 832 1162 ἑτέρους
851 1092 941 1163 ἔχοιμι
959 1112 984 1147 v.
1005 1093 1080 1163 (br.);
1106 1110 1158 1147 orn.

153 1171 188 1226 ἂν
206 1175 237 1227 A.
257 1203 291 1214 -
311 1172 341 1228 δ’
361 1178 426 1244 post
443 1177 522 1245 ὑμεῖς
539 1178 615 1228 recte
635 1174 699 1228 secl.
718 1173 800 1228 Weil.
834 1169 900 1228 Ἀλλ’
921 1175 999 1243 ὑμεῖς
1017 1173 1108 1227 estin
1127 1175 1159 1240 A,

154 1251 193 1305 ἔτι
214 1254 311 1308 τοίνυν
334 1255 412 1323 ὑμεῖς
434 1274 469 1324 χρ
491 1255 518 1308 8.
546 1285 580 1296 -
615 1253 742 1325 δόξαντι]
774 1251 873 1318 δόξασι
895 1252 1014 1322 requirit
1037 1253 1160 1306 PhButt-

153 1347 244 1400 mann,
263 1331 339 1385 reete
357 1335 390 1386 ut
407 1332 472 1400 vid,
492 1333 525 1387 ef.
547 1329 672 1397 ἐκείνοις.
710 1334 754 1387 An
773 1332 824 1386 sie:
844 1331 1005 1405 δόξα<σί>ν
1024 1352 1051 1387 τι
1069 1332 1160 1401 παρά-

153 1416 256 1481 νομονλ
293 1410 333 1466 cf.
352 1411 401 1477 LI,
421 1421 461 1466 1⁸2.
490 1443 525 1454 -
551 1413 608 1468 188
636 1409 694 1468 ἐστὶ
716 1420 774 1475 τοῖς
800 1412 924 1482 πολλοῖς]
952 1419 1010 1476 τοῖς
1032 1434 1061 1467 π.
1086 1408 1160 1466 ἐστιν

153 1491 188 1557 A;
212 1490 278 1543 secl.
298 1486 363 1545 ἐστὶ.
403 1491 495 1547 nerle
514 1492 567 1563 γὰρ
587 1489 653 1563 βῆμ’
675 1536 698 1547 ..
719 1491 806 1555 οὑτως
825 1516 860 1540 ω
878 1499 936 1555 τοῖς
954 1497 1065 1555 πολλοῖς
1083 1495 1161 1560 ὑμῶν

154 1567 282 1638 χαλεπόν.
309 1565 516 1641 ἐντυγχάνοντα
533 1573 566 1640 A,
586 1573 619 1626 ci.
638 1578 687 1626 180
707 1571 865 1644 λαμβάνων.
885 1602 919 1612 -
939 1567 960 1625 ὦ
979 1575 1045 1626 ante
1064 1571 1090 1626 ά.
1104 1570 1159 1626 Ἀθ.

154 1665 206 1704 orn.
221 1649 304 1717 SAP,
325 1650 374 1704 sed
392 1651 501 1706 numeri
519 1653 632 1707 obstare
651 1651 782 1706 videntur
801 1653 913 1721 (δεῖγμα
931 1671 981 1706 τοι.
998 1678 1031 1696 =
1052 1647 1121 1717 όξεν.
1139 1648 1160 1703 ὦ

154 1753 187 1776 ω
206 1729 232 1784 ά.
249 1727 327 1797 Ἀθ).
345 1759 380 1770 --
400 1732 589 1795 (ἀποκτείνετε
608 1732 627 1786 S
646 1731 694 1800 al.)
714 1763 746 1772 —
765 1753 807 1795 τις
825 1748 878 1785 om.
894 1731 931 1797 A3
950 1730 981 1785 it.
1002 1730 1109 1801 ὁμοίως.
1125 1762 1160 1771 -

155 1808 210 1862 184
228 1811 295 1862 ante
313 1809 378 1877 περὶ
395 1810 501 1865 τούτων
516 1827 569 1865 om.
585 1810 691 1885 βραχέα
710 1812 774 1882 (br.)
791 1829 853 1864 ουτω
868 1811 889 1864 F
908 1813 984 1880 (post
997 1811 1102 1865 τσὺτων
1117 1814 1161 1864 est

154 1887 182 1938 in
195 1888 236 1957 A).
252 1918 287 1927 —
306 1888 396 1944 τοῦτ’
413 1889 552 1946 άτοὺσατὲ
566 1891 617 1944 AF
632 1891 677 1960 (ef.
695 1894 764 1960 176).
779 1921 814 1932 -
833 1892 899 1943 ante
918 1891 966 1945 τὸν
981 1891 1042 1962 βίον
1063 1889 1161 1943 addidi

154 1965 245 2021 πάντα
269 1985 333 2021 cum
350 1970 383 2023 A.
420 1969 571 2024 Antecedit
595 1971 693 2039 παρὰ.
722 2001 756 2011 -
784 1989 858 2032 τινες
882 1969 911 2022 in
934 1968 1160 2038 interpolatione,

154 2063 225 2115 quae
245 2052 260 2112 5
281 2053 329 2102 101
350 2046 499 2118 plerosque
521 2049 608 2103 libros
631 2049 737 2104 invasit
759 2051 803 2119 (οό
822 2057 921 2104 τοῦτον
940 2048 1027 2120 μόνον
1047 2049 1079 2106 ὃν
1098 2054 1161 2103 συλ-

155 2125 263 2197 λέγουσι
277 2127 327 2181 καλ
339 2125 373 2182 οὑ
387 2130 530 2200 πληρωταί
543 2131 691 2200 γίγνονταί
701 2149 783 2196 τινες,
802 2128 872 2184 ἀλλὰ
888 2129 936 2183 καλ
951 2129 1055 2195 tuoni,
1074 2146 1161 2198 quae-

155 2223 207 2274 que
226 2223 260 2261 ex
285 2213 299 2273 ξ
321 2215 371 2262 184
396 2207 455 2262 sine
479 2207 564 2262 dnbio
588 2208 679 2278 petita
702 2211 757 2276 ert,
785 2213 851 2277 post
873 2212 1016 2280 γίγνονται
1038 2209 1159 2277 ponitur.

155 2287 256 2343 inutile
270 2305 333 2344 esse
345 2289 458 2343 videtur
471 2286 545 2351 τινές
558 2304 648 2356 neque
662 2287 786 2342 numeris
800 2289 974 2343 conveniena
994 2319 1028 2330 -
1048 2289 1104 2342 185
1120 2308 1162 2351 τις

155 2372 220 2423 ante
234 2367 345 2439 μέτριος
359 2369 423 2423 Ar:
443 2371 508 2438 post
522 2367 725 2437 φιλάνθρωπος
738 2367 823 2422 SYP.
846 2366 945 2421 Malim
958 2370 1037 2437 post
1051 2366 1161 2437 μέτριος

156 2451 272 2503 exstare.
294 2480 325 2489 -
345 2450 409 2511 τοὺς
427 2447 478 2518 μὲν
497 2446 670 2518 καθάρματα
688 2448 753 2510 τοὺς
771 2445 802 2500 δὲ
821 2448 947 2516 πτωχούς
964 2447 999 2501 F:
1027 2449 1092 2509 τοὺς
1110 2445 1161 2516 μὲν

155 2529 280 2597 πτωχοὺς
302 2530 366 2591 τοὺς
389 2526 421 2584 el
445 2525 626 2596 καθάρματα,
661 2524 701 2580 cf.
722 2532 737 2592 ξ
760 2531 816 2579 198.
840 2557 874 2568 -
901 2523 965 2580 οὐδ’
991 2527 1162 2594 ἀνθρώπους

156 2606 312 2660 Markland.
332 2608 406 2676 (coll.
427 2613 485 2662 101.
507 2609 581 2676 198):
610 2604 694 2660 οὐδὲν
713 2606 785 2675 (bn).
811 2639 839 2644 --
868 2609 934 2675 post
955 2606 1161 2678 ὑπολαμβάνων

155 2703 207 2739 orn.
223 2684 298 2741 εἶναι
312 2704 374 2740 eum
388 2685 446 2741 AF.
461 2719 497 2730 -·
516 2685 607 2756 φορὰς
624 2684 761 2755 ὑπάρχειν
775 2684 812 2738 A:
831 2687 878 2740 ὑπ.
898 2686 995 2756 φορὰς.
1016 2719 1050 2728 -
1069 2688 1162 2756 ὀρθῶς

156 2783 207 2818 om.
223 2783 264 2834 pr.
280 2765 299 2820 S
313 2766 390 2834 (add.
404 2783 472 2822 corr.
487 2769 554 2836 post
567 2771 706 2830 σκοπεῖν);
727 2765 777 2818 sed
796 2762 832 2819 ὀλτ
850 2768 947 2821 τοίνυν
965 2769 1032 2837 ὑμῖν
1049 2773 1053 2832 Ι
1070 2767 1163 2834 ὀρθῶς

154 2847 202 2916 (an
216 2845 310 2914 ὀρθῶς
326 2848 330 2917 Ι
345 2847 440 2917 ὑμῖνλ)
459 2842 523 2916 ἐπίῃ
543 2851 658 2899 σκοπεῖν
678 2871 709 2890 =
730 2846 830 2900 τούτου
849 2845 996 2916 πληρωτὴν
1011 2847 1016 2917 Ι
1033 2845 1161 2914 εὑρήσετε

155 2928 280 2980 Μειδίαν
305 2932 350 2992 (ω
368 2925 457 2995 ἅσπερ
476 2925 561 2987 αὑτὸς
579 2922 738 2993 εἰσενήνοχε
756 2932 815 2988 τοῖς
833 2924 944 2989 ἄλλοις).
963 2958 997 2968 -
1022 2926 1078 2980 188
1097 2927 1162 2978 ante

154 3006 189 3060 τά
207 3007 310 3060 παιδία
324 3006 388 3060 add.
404 3004 453 3060 καλ
467 3022 531 3059 eum
545 3003 598 3057 AF
611 3003 683 3074 (bn).
698 3033 732 3045 -
748 3000 937 3060 disertivam
952 3021 1061 3071 omnes3
1081 3000 1161 3059 όλειν.

154 3086 243 3140 Her-w.
264 3115 300 3126 -
322 3082 370 3154 (dv
388 3087 454 3154 post
472 3083 526 3155 ὅσῳ
544 3102 597 3151 περ
616 3099 669 3136 om.
689 3101 729 3152 pr.
750 3083 776 3150 S,
797 3084 870 3155 YP.)
887 3115 921 3125 -
945 3087 1010 3153 post
1028 3083 1162 3153 παρέχειν

155 3172 241 3220 αὑτόν
260 3182 314 3220 om.
330 3164 398 3219 ὅταν
417 3165 550 3236 βούληται
571 3181 633 3216 eum
648 3165 679 3218 A.
708 3162 749 3217 cf.
765 3163 851 3217 schol.
868 3169 927 3232 545,
942 3169 971 3228 23
991 3180 1029 3218 οε.
1044 3163 1104 3231 XV,
1122 3170 1162 3218 18.

154 3245 281 3314 Μέτριον
298 3242 433 3312 παρέχειν
453 3240 556 3298 αὑτόν
576 3269 610 3308 κ,
629 3243 677 3297 τὸν
697 3238 826 3296 ἐναντίον
845 3240 862 3310 ἢ
881 3251 1010 3298 τοῦτον.
1025 3273 1060 3284 -·
1077 3242 1162 3295 inter-

153 3326 241 3396 punxi
259 3327 326 3394 post
344 3323 386 3378 ότι
405 3323 465 3390 καλ,
484 3323 519 3378 ef.
539 3328 587 3376 201
611 3325 679 3377 extr.
699 3352 733 3363 -
751 3319 798 3392 (διν
817 3340 870 3376 om.
889 3340 931 3391 pr.
952 3323 978 3389 S,
998 3323 1062 3376 add.
1081 3338 1162 3384 eorm

153 3410 213 3459 tum
238 3407 424 3472 διακρουσητε
444 3403 482 3472 S.)
501 3431 536 3445 -·
555 3401 651 3474 αὐτὸς]
675 3400 759 3463 αὑτὸς
781 3400 847 3457 (iob.
867 3401 893 3471 (ὁ
913 3402 996 3463 αὑτός
1017 3403 1040 3452 Α
1059 3400 1109 3469 A).
1129 3430 1162 3438 -

153 3485 208 3540 187
229 3481 297 3538 οὐδὲ
312 3481 475 3551 πιστότερον
489 3499 544 3536 om.
560 3481 590 3549 A,
609 3484 698 3545 reete3
718 3496 783 3532 nam
798 3480 832 3532 de
847 3479 901 3532 fide
918 3477 1090 3547 praestanda
1108 3494 1163 3528 non
