2590 3900
392 149 475 200 τατ’
494 150 811 201 οεοεοουεοοοοοε
829 150 860 200 A.
1064 147 1130 211 299

79 333 107 374 εο
201 307 264 375 Ἓν
291 312 408 376 τοίνυν
434 310 536 374 είπὼυ
564 312 612 374 ε’τι
634 321 701 375 τῶν
725 310 820 375 ἰδίειν
843 308 947 375 αὐτοῦ
969 331 1138 395 πονηρους

120 417 234 500 μόναν
260 418 300 482 τά
323 413 410 481 λοίπ’
438 416 532 480 ἐάσοι.
577 413 658 501 πρὶν
680 416 743 499 γὰρ
766 413 915 492 ἐξελθεῖν
938 414 973 480 ἐκ
995 425 1057 481 τοῦ
1080 415 1132 479 θε-

121 525 327 608 σμωτηρίου,
361 521 560 606 ἐμπεσόντος
589 522 773 607 ἀνθρώπου
799 521 890 598 τινὸς
922 523 1132 605 Ταναγραίου

120 631 203 712 πρὸς
225 629 422 712 κατεγγύην,
444 639 668 711 γραμματεῖον
691 629 835 710 ἔχοντος,
857 627 1055 712 προσελθὼν
1077 623 1132 690 καὶ

120 739 232 800 λαλῶν
260 731 435 818 ὁτιδήποθ’
464 733 654 819 ὑφαιρεῖται
682 735 718 798 τὸ
746 743 977 817 γραμματεῖον.
1024 733 1133 800 αίτιοο·

121 839 225 923 μένου
249 836 287 905 δὲ
308 838 364 904 καὶ
387 839 481 905 θεινά
503 851 680 917 ποιοῦντος
702 839 917 925 τάνθρώπου,
942 836 997 903 καὶ
1020 836 1133 919 λέγον-

107 970 176 1042 τος
203 947 256 1012 ότι
284 943 397 1020 οὐδεὶς
423 946 522 1022 ἀλλος
548 943 730 1032 ὑφῄρηται,
759 947 806 1022 είς
831 941 918 1010 τοῦτ’
946 943 1133 1026 ἀφικνεῖται

121 1054 314 1138 βδελυρίας,
351 1050 434 1115 ὥστε
465 1051 600 1116 τύπτειν
632 1053 820 1137 ἐπεχείρησε
850 1053 910 1116 τὸν
942 1051 1133 1133 ἀνθρωπον.

82 1183 107 1223 ιι
121 1159 241 1242 νεαλὴς
274 1153 311 1222 δὲ
337 1154 392 1221 καὶ
419 1159 611 1241 πρόσφατος
638 1157 686 1222 ὢν
713 1156 852 1240 ἐκεῖνος,
884 1164 1003 1242 περιῆν
1030 1155 1133 1224 αὐτοῦ

120 1261 396 1350 τεταριχευμένου
423 1260 479 1328 καὶ
505 1265 612 1328 πολὺν
638 1264 762 1348 χρόνον
790 1262 1043 1347 ἐμπεπτωκότος.
1089 1260 1134 1336 ὡς

122 1365 151 1434 θ’
174 1373 222 1447 είς
245 1366 341 1433 τοῦθ’
365 1362 455 1452 ἧκεν,
480 1367 632 1433 ἀπεσθίει
654 1369 716 1451 την
734 1368 811 1454 ῥῖνα
829 1366 1041 1451 τάνθρώπου.
1078 1364 1134 1432 καί

121 1479 193 1542 τότε
218 1471 279 1559 μὲν
302 1470 377 1559 περὶ
399 1473 460 1557 τὴν
482 1485 661 1556 γεγονυῖαν
684 1475 862 1560 συμφοράν
885 1473 1063 1557 ἅνθρωπος
1080 1495 1134 1556 γε-

122 1585 281 1666 νόμενος,
322 1577 444 1663 ἀπέστη
476 1589 537 1646 τοῦ
567 1580 605 1646 τὸ
637 1590 861 1666 γραμματεῖον
893 1578 1033 1663 ἐρευνᾶν
1065 1576 1134 1660 [καί

124 1688 259 1771 ζητεῖν]·
281 1684 423 1769 ὕστερον
447 1679 477 1749 δ’
504 1686 697 1769 εὑρίσκουσι
719 1687 756 1750 τὸ
779 1696 1002 1771 γραμματεῖον
1026 1684 1063 1749 ἐν
1085 1708 1134 1749 κι-

121 1795 230 1878 βωτίῳ
253 1793 331 1873 τινί,
354 1785 396 1856 οὗ
413 1792 476 1875 τὴν
493 1797 584 1856 κλεῖν
605 1785 703 1868 οὗτος
721 1787 815 1876 εἶχεν.
852 1789 908 1856 καὶ
925 1793 1005 1876 μετὰ
1022 1800 1124 1856 ταῦτα
1134 1808 1182 1858 789

122 1900 323 1982 ψηφίζονται
350 1895 426 1980 περὶ
453 1897 558 1962 αὐτοῦ
584 1895 683 1962 ταῦθ’
710 1898 746 1964 οί
766 1897 802 1963 ἐν
825 1907 870 1986 τῷ
895 1899 1061 1982 οἰκήματι,
1089 1898 1133 1982 μὴ

122 2004 242 2088 πυρὸς,
266 2004 310 2087 μὴ
334 2004 471 2088 λύχνου,
493 2005 537 2088 μὴ
560 2014 681 2088 ποτοῦ,
703 2006 747 2089 μὴ
771 2007 902 2088 βρωτοῦ
925 2002 1051 2088 μηάένα
1073 2027 1134 2088 μη-

124 2111 220 2185 θενὸς
242 2111 349 2200 τούτῳ
372 2113 579 2194 κοινωνεῖν[,
603 2108 686 2195 μηδὲ
708 2112 905 2196 λαμβάνειν,
928 2108 1005 2194 μηδ’
1031 2111 1134 2176 αὐτὸν

86 2243 110 2283 οε
123 2219 230 2306 τούτῳ
254 2218 409 2299 mam}
443 2215 500 2283 καὶ
522 2218 573 2283 ὅτι
595 2216 686 2282 ταῦτ’
713 2217 822 2301 ἀληθῆ
845 2217 942 2301 λέγω,
965 2217 1055 2282 κάλει
1077 2239 1134 2302 μοι

123 2324 183 2389 τὸν
211 2323 408 2408 ἄνθρωπον,
438 2317 480 2389 οὗ
507 2325 568 2407 τὴν
596 2321 660 2410 ῥῖν’
692 2324 711 2390 ὁ
738 2326 856 2410 μιαρὸς
883 2317 981 2400 οὗτος
1008 2323 1134 2388 ἐσθίων

123 2427 317 2514 κατέφαγεν.

531 2554 720 2610 ΜΑΡΤΤΡΙΔ.

214 2663 337 2724 Καλῶν
359 2655 391 2743 γ’
411 2663 519 2746 ἔργων
541 2660 560 2726 ὁ
584 2661 692 2745 ῥήτωρ
717 2661 919 2745 δημιουργὸς
941 2661 1020 2746 ὑμῖν
1040 2660 1134 2745 γέγο-

15 2805 16 2828 ι
124 2789 192 2830 νεν.
238 2765 331 2843 ἀξιόν
357 2763 388 2849 γ’
420 2765 457 2833 ἐκ
482 2776 543 2832 τοῦ
569 2776 705 2832 τοιαῦτα
732 2770 948 2852 πεποιηκότος
975 2770 1134 2853 στόματος

126 2876 227 2955 λόγον
254 2871 274 2954 ἢ
303 2874 498 2956 συμβουλήν
525 2869 588 2937 τιν’
615 2872 762 2938 ἀκοῦσαι.
809 2872 983 2955 ἀνάγνωθι
1011 2874 1052 2958 δὴ
1079 2873 1134 2941 καὶ

124 2976 218 3044 τουτὶ
238 2979 276 3043 τὸ
299 2981 402 3044 καλὸν
424 2978 499 3065 περὶ
522 2979 625 3046 αὐτοῦ
649 2981 764 3065 δόγμα.

15 3171 16 3242 ι
562 3175 694 3226 Δουιιο.

88 3297 113 3339 ⁰⁸
214 3275 285 3346 Εἶτ’
317 3280 379 3346 οὐκ
405 3278 599 3365 αἰσχύνεσθ’
631 3277 658 3346 ὦ
686 3283 806 3366 ἀνδρες
829 3275 1016 3364 Ἀθηναῖοι,
1045 3283 1076 3346 εί
1102 3281 1138 3347 οί

125 3384 186 3470 μὲν
214 3385 267 3452 ε’πὶ
293 3390 437 3474 πονηρία
463 3385 519 3452 καὶ
545 3398 615 3463 τοῖς
642 3387 791 3472 ἐσχάτοις
818 3387 1061 3472 ἐμπεπτωκότες
1087 3388 1135 3462 είς

124 3497 162 3560 τὸ
185 3501 317 3579 οῖκημα,
339 3495 486 3582 τοσούτῳ
509 3502 629 3558 τοῦτον
651 3491 816 3576 ἡγήσανθ’
842 3491 970 3558 ἑαυτῶν
991 3493 1134 3574 πονηρό-
