2590 3900
150 151 215 216 238
454 153 551 206 mv.
574 149 854 204 ΔΗωοεοαυουω

149 315 334 398 κατήγορον
358 312 459 378 αὐτὸν
483 312 588 377 αὑτοῦ
609 315 818 395 γεγενῆσθαι.
856 303 900 376 ἵν’
922 304 985 375 οὖν
1004 306 1094 375 τοῦτ’
1117 311 1165 374 εί·

151 420 226 502 δῇτε
254 419 469 501 γιγνόμενον,
498 415 723 498 ἀναγνώσεται
745 417 804 480 τὸν
826 418 933 500 νόμον
954 415 1035 500 ὑμῖν
1058 415 1164 480 αὐτὸν

150 523 191 589 ὃν
213 519 311 601 οὗτος
333 525 466 607 ἔθηκεν·
491 520 555 604 ἐγὼ
580 517 616 586 δέ
639 524 854 606 σιωπήσομαι.
892 523 975 604 λέγε.

110 755 136 796 σε
582 741 720 794 ΝΟΜΟΣ.

240 854 424 935 Τιμοκράτης
447 846 541 915 εἰπεν·
574 849 678 914 δπόσοι
697 847 869 931 Ἀθηναίων
891 847 956 914 κατ’
981 853 1162 934 εἰσαγγελίαν

193 949 226 1012 έκ
247 959 300 1029 τῇς
323 953 434 1032 βουλῇς
457 947 477 1028 ἢ
500 959 558 1012 νῦν
581 949 656 1011 εἰσιν
678 947 711 1012 έν
733 954 774 1034 τῷ
798 950 984 1036 δεσμωτηρίῳ
1006 948 1027 1030 ἢ
1049 950 1081 1011 τὸ
1101 954 1161 1011 λοι-

193 1046 251 1109 πδν
273 1053 471 1128 κατατεθῶσι,
494 1046 544 1109 καί
566 1046 608 1127 μὴ
630 1046 791 1132 παραδοθῇ
813 1042 833 1125 ἡ
856 1047 1039 1129 κατάγνωσις
1062 1046 1161 1108 αὐτῶν

193 1151 255 1218 τοῖς
282 1143 480 1226 θεσμοθέταις
506 1143 565 1208 δπδ
591 1154 644 1208 τοῦ
666 1141 856 1226 γραμματέως
878 1153 931 1206 τοῦ
954 1143 1028 1205 κατδι
1050 1165 1162 1226 πρυτα-

193 1242 276 1304 νείαν
298 1240 372 1304 κατὰ
394 1241 446 1304 τὸν
469 1239 682 1322 εἰσαγγελτικὸν
704 1239 809 1320 νόμον,
832 1239 973 1321 δεδόχθαι
990 1246 1052 1314 τοῖς
1070 1263 1162 1322 νομο-

193 1337 295 1412 θέταις
317 1339 444 1420 εἰσάγειν
466 1337 536 1412 τοὺς
559 1337 663 1400 ἕνδεκα
683 1337 726 1411 εἰς
743 1335 776 1400 τὸ
796 1336 985 1419 δικαστήριον
1003 1333 1160 1418 τριάκονθ’Ι

193 1431 311 1516 ἡμερῶν
345 1430 399 1515 ἀφ’
428 1429 466 1514 ἧς
497 1433 536 1496 δν
567 1435 792 1517 παραλάβωσιν,
820 1433 873 1496 έδιν
905 1434 947 1514 μή
978 1457 1006 1495 τι
1033 1434 1162 1520 δημοσίᾳ

192 1534 308 1620 κωλύῇ,
330 1531 383 1595 έδιν
407 1530 440 1594 δέ
463 1531 519 1614 μὴ,
542 1531 613 1594 ὅταν
636 1541 753 1613 πρῶτον
775 1526 840 1593 οἶόν
862 1526 888 1593 τ’
913 1519 942 1618 ᾖ.
988 1539 1161 1613 κατηγορεῖν

194 1625 222 1691 δ’
244 1626 415 1710 Ἀθηναίων
441 1630 494 1691 τὸν
521 1629 704 1710 βουλόμενον
727 1623 772 1702 οἷς
795 1627 914 1703 ἔξεστιν.
959 1628 1012 1690 ἰδιν
1035 1625 1063 1690 δ’
1089 1628 1162 1714 ἁλῷ,

192 1729 300 1808 τιμάτω
328 1723 347 1806 ἡ
375 1724 475 1806 ἡλιαία
501 1724 568 1807 περλ
594 1725 687 1788 αὐτοῦ
715 1725 732 1787 ὅ
758 1747 786 1786 τι
812 1724 851 1787 άν
879 1726 952 1811 δοκῇ
980 1723 1062 1800 άξιος
1084 1722 1161 1788 εἰναι

192 1831 304 1886 παθεῖν
326 1822 347 1904 ἢ
369 1823 528 1886 ἀποτεῖσαι.
569 1822 622 1885 έδιυ
646 1817 675 1883 δ’
700 1821 843 1905 ἀργυρίου
865 1828 994 1908 τιμηθῇ,
1017 1823 1150 1886 δεδέσθω
1161 1832 1213 1882 721

192 1920 263 1994 τέως
285 1918 324 1982 δν
347 1919 460 2008 έκτείση
483 1920 501 1984 ὅ
523 1943 551 1982 τι
572 1918 611 1981 δν
634 1919 727 1982 αὐτοῦ
749 1927 955 2006 καταγνωσθῇ.

109 2059 136 2099 u
234 2037 377 2106 Ἀκούετ’
414 2036 440 2106 ὦ
472 2041 592 2122 άνδρες
624 2041 788 2118 δικασταίς
831 2035 899 2124 λέγ’
934 2040 1046 2119 αὐτοῖς
1078 2041 1159 2108 αὐτὸ

148 2156 247 2214 τοῦτο
269 2148 378 2213 πάλιν.
1156 2161 1157 2168 “

580 2304 718 2358 ΝΟΜΟΣ.

234 2411 306 2479 Ἐὰν
330 2410 358 2477 δ’
379 2413 523 2498 άργυρίου
545 2420 669 2500 τιμηθῇ,
692 2412 824 2476 δεδέσθω
846 2412 918 2488 τέως
940 2412 979 2478 δν
1001 2414 1122 2504 έκτείση.

237 2535 404 2602 Πέπαυσο.
442 2539 533 2601 ἔστιν
556 2529 619 2600 οὖν
637 2534 725 2610 ὅπως
743 2531 948 2620 έναντιώτερ’
965 2537 1008 2600 άν
1026 2559 1077 2612 τις
1095 2538 1156 2603 δύο

146 2646 224 2728 θείη
248 2650 308 2707 τοῦ
332 2639 506 2723 δεδέσθαι,
528 2639 609 2717 τέως
634 2638 676 2704 διν
699 2638 882 2724 ἐκτείσωσι,
905 2642 983 2716 τοὺς
1006 2641 1156 2727 ἁλόντας,

146 2746 201 2814 καὶ
232 2757 292 2813 τοῦ
324 2748 524 2813 καθιστάναι
554 2749 633 2823 τοὺς
665 2745 786 2822 αὐτοὺς
817 2747 956 2824 τούτους
985 2747 1156 2833 ἐγγυητάς,

147 2855 229 2920 άλλά
261 2855 305 2937 μη
339 2854 424 2931 δεῐν;
462 2861 564 2918 ταῦτα
596 2855 712 2918 τοίνυν
743 2863 920 2937 κατηγορεῖ
953 2856 1156 2940 Τιμοκράτης

151 2960 391 3044 Τιμοκράτους,
420 2958 460 3022 οὐ
483 2959 673 3043 Διόδωρος,
702 2952 775 3023 οὐδ’
802 2959 900 3035 άλλος
926 2957 1021 3043 ὑμῶν
1046 2959 1156 3038 οὐδεὶς

106 3085 133 3126 σε
145 3067 315 3131 τοσούτων
347 3066 454 3132 ὄντων
484 3065 521 3129 τὸ
554 3069 691 3147 πλῇθος.
741 3067 848 3129 καίτοι
880 3068 970 3140 τίνος
1000 3065 1081 3149 ὑμῖν
1113 3065 1154 3131 ἂν

146 3170 352 3256 ἀποσχέσθαι
380 3172 474 3236 δοκεῖ
498 3173 679 3255 λήμματος,
705 3168 726 3254 ῇ
753 3173 789 3234 τί
812 3181 921 3235 ποιεῖν
948 3169 989 3235 άν
1017 3170 1154 3254 ὀκνῆσαι

146 3274 285 3361 κέρδους
310 3277 434 3358 εἵνεκα,
463 3277 553 3351 ὅστις
575 3271 698 3341 ἐναντί’
725 3276 825 3353 αὐτὸς
846 3276 935 3364 αὑτῷ
957 3285 1154 3362 νομοθετειν

146 3379 297 3463 ἠξίωσεν,
316 3378 395 3448 οὐδέ
414 3393 483 3458 τοίς
501 3383 613 3458 άλλοις
630 3394 697 3446 τῶν
715 3384 828 3466 νόμων
842 3381 988 3459 έάντων;
1007 3382 1080 3468 έμοί
1093 3380 1154 3469 μὲν

147 3487 210 3560 γάρ
233 3483 329 3557 εἵνεκ’,
352 3485 520 3564 άναιδείας
542 3487 561 3553 δ
583 3496 734 3564 τοιοῦτος
756 3489 850 3554 δοκεῖ
869 3496 935 3553 πᾶν
958 3486 1000 3554 άν
1019 3488 1153 3574 ἑτοίμως
