2644 4182
145 131 189 194 44
470 132 528 185 XX.
551 129 833 184 ΔΗΜΟΣΘΕΝΟΤΣ

93 310 131 349 ιιι
145 290 281 356 πάντων
313 289 480 377 ἀπέχουσα
513 302 581 357 τῶν
613 293 767 376 αίσχρῶν.
812 292 970 377 τεκμήρια
1001 290 1031 357 δ’
1064 290 1162 375 ἡλίκα

145 397 267 463 τούτου
298 399 500 482 θεωρήσατε.
545 407 678 482 πρῶτον
711 393 773 482 μέν
803 398 902 481 μόνοι
931 408 999 463 τῶν
1025 397 1162 463 πάντων

145 501 337 587 ἀνθρώπων
360 501 414 568 έπὶ
436 513 508 580 ταῖς
529 513 651 586 ταφαῖς
673 513 744 580 ταῖς
767 504 942 587 δημοσίαις
964 515 1087 569 ποιεῖτε
1107 506 1161 569 λό-

145 630 227 691 γους
250 607 454 692 ἐπιταφίους,
480 608 518 674 έν
541 601 591 686 οἷς
613 620 765 692 κοσμεῖτε
787 609 828 674 τά
850 619 918 674 τῶν
941 607 1081 691 ἀγαθῶν
1104 609 1161 676 άν-

146 715 238 799 δρῶν
260 716 349 799 έργα.
393 717 498 782 καίτοι
522 711 613 781 τοῦτ’
640 717 730 780 ἔστιν
752 714 997 800 τούπιτήδευμα
1017 715 1153 798 ζηλούν-
1162 727 1224 776 σου

146 843 214 885 των
232 819 364 906 ἀρετὴν,
383 821 425 887 ού
443 831 513 898 τοϊς
532 819 586 887 ἐπὶ
599 820 702 906 ταύτῃ
715 821 913 906 τιμωμένοις
927 821 1161 904 φθονούντων.

146 921 216 992 εἶτα
247 929 402 1010 μεγίστας
432 924 537 992 δίδοτ’
569 926 605 992 ἐκ
631 927 754 1004 παντὸς
781 935 842 994 τοῦ
869 929 995 1013 χρόνον
1022 928 1163 1011 δωρειὰς

147 1041 216 1108 τοῖς
238 1034 317 1108 τοὺς
339 1035 522 1117 γυμνικοὺς
543 1043 681 1099 νικῶσιν
704 1032 835 1117 ἀγῶνας
855 1036 935 1111 τοὺς
952 1035 1161 1118 στεφανίτας,

146 1134 201 1203 καὶ
225 1137 298 1222 ούχ,
321 1138 433 1223 ὅτιτῇ
456 1138 557 1224 φύσει
579 1140 708 1204 τούτων
729 1139 855 1223 ὀλίγοις
873 1139 1033 1224 μέτεστιν,
1057 1139 1162 1223 έφθο-

147 1245 268 1327 νήσατε
290 1254 361 1321 τοῖς
383 1245 529 1328 ἔχουσιν,
553 1243 627 1311 οὐδ’
649 1244 804 1322 ἐλάττους
825 1244 973 1329 ένείματε
991 1246 1049 1322 τάς
1066 1247 1162 1330 τιμάς

148 1350 204 1414 διά
231 1359 343 1416 ταῦτα.
389 1352 471 1437 πρὸς
499 1347 535 1416 δὲ
561 1352 693 1428 τούτοις
719 1352 885 1429 τοιούτοις
908 1345 1022 1434 οὖσιν,
1051 1349 1163 1456 οὐδεὶς

146 1456 278 1521 πώποτε
300 1457 362 1540 την
385 1459 483 1522 πόλιν
506 1456 600 1541 ἡμῶν
623 1451 661 1523 εὖ
684 1468 791 1524 ποιῶν
814 1459 910 1524 δοκεῖ
930 1467 1075 1541 νικῆσαι·
1107 1480 1161 1522 το-

148 1563 271 1640 σαύτας
297 1562 484 1647 ὑπερβολάς
509 1573 577 1629 τῶν
606 1563 770 1649 δωρειῶν,
803 1555 855 1640 αἷς
887 1559 960 1629 ἀντ’
994 1557 1031 1629 εὖ
1062 1574 1161 1646 ποιεῖ,

94 1687 134 1727 με
148 1667 357 1754 παρέσχηται.
395 1671 463 1734 έστι
486 1672 603 1734 τοίνυν
626 1670 734 1735 πάντα
755 1666 848 1735 ταῦτ’
873 1664 899 1734 ὦ
923 1670 1043 1755 ἄνδρες
1062 1666 1162 1753 Ἀθη-

134 1786 238 1850 ,ναῖοι
262 1775 492 1858 δικαιοσύνης,
516 1775 648 1859 ἀρετῆς,
672 1778 917 1859 μεγαλοψυχίας
939 1775 1162 1859 ἐπιδείγματα.

148 1881 193 1964 μὴ
214 1883 331 1946 τοίνυν
350 1877 393 1945 δι’
417 1879 556 1946 ἀπάλαι
574 1882 664 1965 παρά
682 1882 789 1947 πάντα
807 1883 867 1948 τὸν
886 1884 1010 1967 χρόνον
1027 1880 1048 1964 ἡ
1067 1883 1163 1958 πόλις

148 1986 291 2068 εὐδοξεί,
319 1983 410 2052 ταῦτ’
442 1985 578 2070 ἀνέλητε
605 1996 682 2053 νῦν·
714 1985 792 2071 μηδ’
821 1987 878 2053 ἵνα
899 1990 1065 2072 Λεπτίνης
1092 1989 1164 2074 ἰδίᾳ

147 2090 245 2174 τισὶν,
270 2084 320 2169 οἷς
343 2092 452 2176 ἀηδῶς
470 2095 546 2177 ἔχει,
571 2091 747 2178 έπηρεάση,
770 2102 828 2177 τῆς
845 2095 973 2170 πόλεως
990 2092 1162 2177 ἀφέλησθε

148 2196 202 2263 καὶ
225 2198 319 2282 ὑμῶν
343 2197 453 2263 αὐτῶν
475 2197 518 2281 ἣν
543 2199 598 2263 διὰ
621 2200 743 2274 παντὸς
766 2197 817 2264 ἀεὶ
836 2208 897 2264 τοῦ
915 2201 1040 2284 χρόνου
1060 2199 1163 2277 δόξαν

147 2304 308 2388 κέκτησθε
330 2307 448 2388 καλήν·
485 2301 561 2388 μηδ’
588 2302 831 2388 ὑπολαμβάνετ’
859 2300 946 2370 εἶναι
968 2306 1027 2371 τὸν
1050 2305 1163 2388 ἀγῶνα

146 2405 238 2476 τόνδ’
259 2406 342 2495 ὑπὲρ
365 2411 468 2476 ἀλλον
490 2412 591 2491 τινός,
615 2407 719 2493 ἢτοῦ
741 2418 799 2493 τῆς
823 2413 950 2487 πόλεως
969 2410 1162 2494 ἀξιώματος,

147 2520 289 2600 πότερον
314 2516 423 2598 [αὐτὸ]
448 2517 502 2582 δεῖ
522 2528 591 2582 σῶν
614 2511 701 2582 εἶναι
723 2514 779 2582 καὶ
798 2517 916 2600 ὅμοιον
934 2525 980 2605 τῷ
999 2515 1164 2606 προτέρω,

147 2621 167 2706 ἢ
191 2622 392 2706 μεθεστάναι
414 2619 469 2687 καὶ
492 2622 710 2706 λελυμάνθαι.

96 2746 134 2784 14³
238 2728 353 2792 Πολλά
381 2724 418 2792 δὲ
444 2728 625 2811 θαυμάζων
651 2729 819 2793 Λεπτίνου
847 2728 929 2793 κατὰ
957 2730 1018 2795 τὸν
1045 2731 1163 2813 νόμον,

147 2834 186 2898 ἓν
207 2834 348 2918 μάλιστα
370 2833 563 2918 τεθαύμακα
586 2834 729 2915 πάντων,
743 2836 776 2899 εί
792 2831 889 2900 ἐκεῖν’
912 2833 1087 2918 ἠγνόηκεν,
1111 2835 1165 2900 ὅτι

149 2940 260 3025 ὥσπερ
291 2937 334 3004 ἀν
365 2945 399 3005 εί
424 2963 473 3015 τις
501 2941 643 3023 μεγάλας
669 2942 829 3024 τιμωρίας
855 2950 923 3004 τῶν
950 2939 1164 3024 ἀδικημάτων

147 3047 270 3130 τάττοι,
294 3045 356 3112 ούκ
379 3043 421 3110 ἀν
444 3046 542 3122 αὐτός
564 3043 596 3130 γ’
620 3046 747 3111 ἀδικεῖν
767 3045 1038 3130 παρεσκευάσθαι
1058 3047 1164 3130 δόξαι,

149 3153 270 3234 οὕτως,
308 3151 366 3218 ίάυ
401 3175 451 3229 τις
485 3151 605 3236 ἀναιρῇ
636 3152 695 3228 τὰς
725 3152 821 3236 τιμάς
851 3163 920 3216 τῶν
952 3150 1164 3237 εὐεργεσιῶν,

148 3255 249 3324 οὐδέν
277 3257 376 3334 αὐτὸς
402 3268 511 3323 ποιεῖν
538 3257 669 3340 ἀγαθὸν
696 3256 966 3341 παρεσκευάσθαι
991 3256 1088 3336 δόξει.
1134 3261 1167 3323 εί

148 3361 211 3449 μέν
232 3367 349 3428 τοίνυν
371 3363 516 3448 ἠγνόησε
534 3371 636 3428 ταῦτα
656 3359 801 3450 (γένοιτο
820 3364 883 3448 γάρ
904 3361 946 3428 ἀν
964 3361 1164 3450 καὶτοῦτο),

147 3469 266 3535 αὐτίκα
279 3558 281 3563 Α
294 3469 447 3552 δηλώσει·
479 3470 726 3553 συγχωρήσεται
753 3469 817 3554 γάρ
845 3468 925 3553 ὑμῖν
953 3474 1052 3535 λῦσαι
1078 3467 1155 3554 περὶ
1165 3482 1215 3532 σοι
