2938 4180
514 451 879 506 Κατέαεεοτιιιαοε.
1141 451 1202 518 141

92 603 97 713 ;'
152 627 180 668 ιτ
197 609 238 676 οὐ
265 609 377 695 μέντοι
405 610 605 696 ὀφειλούσας
633 615 799 697 εἰσφοράς.
845 618 951 680 καίτοι
978 620 1012 681 εί
1029 632 1117 680 τισιν
1140 609 1205 702 ἆρα

90 733 93 757 ”
197 713 330 783 δοκοῦσ’
357 718 537 802 ἐπιτήδειαι
561 730 667 785 κεῖναι
689 726 822 804 παθεῖν,
848 721 931 786 άλλδι
953 723 990 787 τὸ
1014 723 1147 807 πρᾶγμά
1169 716 1202 804 γ’

196 823 257 889 οὐκ
276 823 462 910 ἐπιτήδειον
479 829 666 909 γίγνεσθαι,
687 830 862 911 τηλικοῦτό
879 851 972 904 τινας
990 839 1131 912 φρονεῖν
1149 829 1205 892 διὰ

88 926 91 937 “
195 934 326 1014 καιρόν,
360 932 443 996 ὥστε
475 933 622 1015 βαδίζειν
654 929 703 998 ἐπ’
735 935 840 1010 οἰκίας
871 932 926 998 καὶ
958 935 1058 1017 σκεύη
1090 933 1205 1018 φέρειν

196 1033 300 1121 μηδὲν
323 1036 528 1121 ὀφειλόντων
551 1037 750 1122 ἀνθρώπων.
788 1041 978 1125 πολλὰγὰρ
1002 1041 1044 1104 άν
1065 1063 1115 1117 τις
1138 1042 1204 1105 ίδοι

85 1229 86 1238 ¹
195 1145 340 1220 πολλοὺς
355 1143 561 1228 ἐπιτηδείους
575 1146 672 1222 ὄντας
681 1147 819 1231 πάσχειν
829 1143 883 1211 καὶ
894 1145 1106 1212 πεπονθέναι.
1131 1143 1202 1212 ἀλλ’

85 1241 86 1244 “
196 1247 238 1314 οὐ
255 1258 357 1315 ταῦτα
376 1249 532 1334 λέγουσιν
551 1251 586 1336 αρ’
601 1255 710 1336 νόμοι,
729 1248 809 1316 οὐδὲ
825 1253 865 1316 τδ
879 1261 938 1336 τῆς
951 1256 1117 1329 πολιτείας
1130 1254 1205 1336 ἔθη,

196 1354 216 1418 δ
235 1355 421 1440 φυλακτέον
440 1356 534 1440 ὑμῖν·
553 1355 624 1422 ἀλλ’
648 1355 751 1423 ἔνεστ’
769 1361 869 1441 ἔλεος,
888 1358 1079 1443 συγγνώμη,
1098 1355 1201 1424 πάνθ’

153 1461 216 1526 ⁵⁸ae
238 1465 397 1548 προσήκει
420 1474 490 1540 τοῖς
513 1463 711 1549 ἐλευθέροις.
753 1459 801 1531 διν
823 1459 921 1542 οὗτος
943 1463 1099 1530 ἁπάντων
1121 1465 1206 1530 εἰκό-

193 1591 259 1645 τως
281 1568 322 1633 οὐ
345 1569 471 1654 μετέχει
492 1577 532 1654 τῇ
555 1570 666 1654 φύσει,
690 1567 769 1635 οὐδὲ
790 1579 829 1655 τῇ
848 1572 994 1657 παιδείᾳ·
1017 1571 1205 1657 πολλὰγὰρ

194 1675 349 1758 ὕβρισται
375 1672 431 1740 καὶ
463 1677 765 1759 προπεπηλάκισται
798 1677 912 1741 συνὼν
943 1675 1005 1741 οὐκ
1034 1675 1207 1759 ἀγαπῶσιν

194 1780 297 1846 αὐτὸν
316 1780 518 1867 ἀνθρώποις,
537 1781 620 1846 άλλδι
639 1783 757 1847 δοῦναι
776 1782 901 1866 μισθὸν
920 1780 1131 1866 δυναμένοις·
1151 1777 1258 1848 &vsu

195 1887 342 1972 προσῆκέ
362 1903 416 1953 σοι
439 1888 500 1971 τὴν
523 1887 628 1972 ὀργὴν
651 1888 713 1954 οὐκ
736 1890 782 1965 εἰς
803 1899 872 1953 τῶν
893 1892 1039 1954 πολιτῶν
1067 1888 1127 1954 τὸν
1151 1913 1206 1954 τυ-

195 1991 284 2078 χόντ’
312 1992 461 2078 ἀφιέναι,
489 1991 563 2058 οὐδ’
590 1995 637 2070 είς
658 1995 717 2070 τάς
739 1993 939 2078 ὁμοτέχνους
961 1996 1102 2079 πόρνας,
1130 1993 1203 2061 ἀλλ’

195 2103 242 2177 είς
264 2101 324 2165 τὸν
346 2109 466 2165 τοῦτον
488 2100 548 2164 τὸν
569 2101 695 2184 τρόπον
718 2116 755 2164 σε
779 2099 961 2185 θρέψαντα.

154 2223 181 2266 ⁵⁹
289 2210 398 2272 Ταῦτα
422 2208 538 2271 τοίνυν
562 2206 606 2282 ὡς
629 2201 690 2289 μὲν
712 2205 754 2270 οὐ
778 2207 872 2271 δεινά
894 2204 949 2272 καί
972 2208 1060 2292 παρὰ
1082 2207 1207 2286 πάντας

194 2315 274 2390 τοὺς
304 2317 444 2398 νόμους,
477 2311 537 2397 οὐχ
567 2311 630 2392 ἔξει
659 2311 767 2394 λέγειν
797 2307 907 2389 οὗτος·
940 2311 1027 2378 οὕτω
1055 2307 1087 2378 δ’
1116 2312 1207 2380 ἐστὶν

195 2419 345 2503 ἀναιδὴς,
368 2416 444 2484 ὥστ’
467 2418 504 2484 έν
526 2427 571 2506 τῷ
596 2419 700 2506 δήμῳ,
722 2419 920 2501 προάγωνας
938 2416 989 2484 ἀεὶ
1007 2421 1207 2486 κατασκευά-

196 2529 260 2604 ζων
283 2525 371 2613 αὐτῷ
394 2525 494 2608 τῆσδε
516 2533 574 2608 τῆς
596 2531 742 2608 γραφῆς,
765 2523 885 2608 έτόλμα
908 2523 1031 2607 λέγειν,
1056 2525 1100 2602 ὡς
1122 2521 1205 2612 ὑπὲρ

194 2632 289 2715 ὑμῶν
320 2629 375 2696 καὶ
405 2628 450 2696 δι’
480 2629 566 2714 ὑμᾶς
592 2628 735 2713 ἐχθροὺς
763 2627 816 2714 ἐφ’
848 2628 966 2696 ἑαυτὸν
994 2631 1123 2696 εἵλκυκε
1150 2631 1206 2699 καὶ

193 2747 258 2802 νῦν
286 2737 323 2802 έν
349 2747 419 2814 τοῖς
442 2735 590 2820 ἐσχάτοις
613 2733 681 2802 ἐστὶ
704 2737 884 2812 κινδύνοις.
930 2735 994 2819 ἐγὼ
1018 2735 1048 2801 δ’
1075 2735 1205 2821 ὑμίνῶ

194 2845 314 2927 ἄνδρες
335 2837 507 2926 Ἀθηναῖοι
529 2842 693 2926 βούλομαι
716 2842 819 2920 δεῖξαι
842 2851 963 2907 τοῦτον
986 2843 1062 2908 οὔτε
1085 2865 1206 2909 πεπον-

193 2946 268 3019 θότ’
294 2943 367 3016 οὐδ’
394 2948 508 3014 ὁτιοῦν
533 2950 635 3014 κακὸν
659 2949 735 3014 οὔτε
758 2948 920 3032 μέλλοντα
943 2950 1082 3032 πάσχειν
1105 2947 1206 3016 οὐδὲν

195 3055 239 3122 δι’
266 3052 314 3122 ὧν
336 3052 420 3139 ὑπὲρ
443 3054 538 3138 ὑμῶν
561 3053 689 3140 ἔπραξε,
714 3055 770 3119 διδ
793 3053 907 3138 μέντοι
928 3055 989 3138 τὴν
1008 3054 1113 3122 αὑτοῦ
1130 3058 1206 3140 βδε·
1246 3083 1248 3104 2

194 3165 314 3249 λυρίαν
340 3159 396 3228 καὶ
422 3165 661 3246 θεοισεχθρίαν
689 3163 881 3228 πεπονθότα
906 3157 967 3246 μὲν
990 3159 1085 3246 μέχρι
1107 3164 1206 3246 τῆσδε

191 3278 251 3352 τῆς
272 3266 395 3355 ἡμέρας
418 3264 529 3350 οὐδέν,
553 3269 751 3350 πεισόμενον
770 3261 816 3350 δ’,
839 3265 881 3332 άν
899 3268 939 3332 τά
958 3268 1068 3332 δίκαια
1087 3265 1202 3352 ποιῆθ’

153 3394 179 3434 το
193 3375 295 3459 ὑμεῖς.
342 3373 511 3452 σκέψασθε
538 3375 602 3459 γάρ
628 3374 699 3438 ὡδί.
744 3377 780 3438 τί
798 3371 878 3439 ποθ’
905 3374 985 3458 ὑμῖν
1008 3368 1106 3451 οὗτος
1128 3373 1205 3442 ὑπέ-

193 3499 301 3566 σχετο,
323 3479 378 3546 καὶ
400 3485 436 3545 τί
455 3491 564 3546 ποιεῖν
585 3479 688 3545 αὐτὸν
706 3477 974 3564 ἐχειροτονήσαθ’
996 3479 1103 3564 ὑμεῖς;
1127 3484 1206 3566 χρη-

193 3585 267 3673 ματ’
289 3588 503 3673 εἰσπράττειν.
542 3587 621 3652 ἄλλο
646 3583 683 3651 δὲ
702 3587 785 3670 πρὸς
802 3587 908 3676 τοότφ
927 3589 963 3652 τί
977 3598 1099 3666 ποιεῖν;
1124 3585 1205 3653 οὐδὲ

192 3695 239 3761 ἕν.
284 3695 366 3780 φέρε
394 3695 435 3780 δὴ
463 3691 542 3761 καθ’
568 3692 708 3758 ἕκαστον
735 3692 916 3778 ὑπομνήσω
943 3694 1005 3777 τὴν
1033 3693 1206 3778 εἴσπραξιν

191 3802 284 3888 ὑμᾶς.
313 3796 411 3879 οὗτος
425 3799 594 3887 εἰσέπραξε
608 3803 776 3883 Λεπτίνην
789 3801 849 3866 τὸν
863 3800 898 3866 ἐκ
913 3803 1037 3886 Κοίλης
1050 3799 1204 3885 τέτταρας
