2616 3910
168 119 235 186 464
456 123 593 179 xxxva
615 119 893 175 ΔΗΜΟΣΘΕΝΟΥΣ

602 385 738 437 ΝΟΜΟΣ.

259 487 365 572 Οὗτος
387 503 502 578 σαφῶς
525 491 543 559 ὁ
565 495 668 578 νόμος
691 493 873 578 διείρηκεν,
904 487 951 558 διν
974 486 1061 558 εἶναι
1085 493 1184 571 δίκας

167 600 325 684 προσήκει
347 598 548 684 μεταλλικός.
588 597 713 663 οὐκοῦν
736 596 754 663 δ
778 595 974 682 μεννόμος,
997 598 1038 662 ἄν
1061 621 1112 676 τις
1130 597 1182 679 ἐξ·

169 707 259 790 είλλη
281 705 357 771 τινὰ
378 713 436 788 τῆς
459 702 628 787 ἐργασίας,
651 703 811 770 ὑπόδικον
834 712 934 770 ποιεί·
962 702 1025 786 έγδο
1050 699 1080 768 δ’
1108 704 1172 789 οὐχ
1182 719 1237 768 971

168 810 256 887 ὅπως
279 809 378 887 αὐτὸς
400 809 532 890 έξείλλω
556 817 687 893 τοῦτον,
711 804 781 875 ἀλλ’
804 804 853 875 ὧν
875 810 975 886 ἄλλος
997 807 1180 893 ἀπεστέρει,

167 916 295 982 τούτων
319 915 457 998 ἐγκρατῆ
481 912 662 998 κατέστησα
685 912 741 980 καὶ
764 913 948 1000 παρέδωκα,
972 912 1026 980 καὶ
1049 917 1180 1001 πρατὴρ

127 1043 155 1082 τε
168 1021 289 1088 τούτου
321 1020 500 1106 δεηθέντος
531 1019 700 1105 ἐγενόμην.
745 1019 817 1105 ναί,
850 1025 967 1106 φησίν·
1000 1021 1082 1086 ἀλλὰ
1114 1020 1180 1086 κᾶν

168 1127 252 1193 ἄλλα
271 1127 367 1212 ἀδικῇ
385 1151 435 1204 τις
452 1124 527 1211 περὶ
546 1126 585 1192 τὰ
603 1124 757 1210 μέταλλα,
775 1123 977 1191 καὶτούτων
995 1124 1059 1192 είσλ
1078 1128 1177 1192 δίκαι.

168 1232 280 1319 ὀρθῶς
297 1230 329 1316 γ’
351 1228 377 1298 ὦ
397 1234 613 1298 Πανταίνετε·
633 1229 715 1296 ἀλλὰ
733 1240 835 1297 ταῦτα
852 1233 889 1297 τί
903 1231 1007 1311 έστινς
1027 1230 1070 1298 ἂν
1086 1234 1178 1320 τύφῃ

168 1361 231 1422 τις,
264 1337 307 1404 ἂν
334 1335 406 1404 ὅπλ’
438 1337 593 1423 ἐπιφέρῃ,
621 1335 663 1402 όν
690 1335 926 1423 ἐπικατατέμνῃ
952 1347 1021 1402 τῶν
1047 1337 1179 1422 μέτρων

169 1443 269 1522 έντός.
313 1442 404 1510 ταῦτ’
431 1442 499 1510 έστλ
523 1445 640 1526 τᾶλλα,
669 1437 717 1508 ὧν
739 1439 841 1509 οὐδὲν
864 1444 973 1528 δηπου
995 1443 1179 1529 πέπρακται

168 1551 250 1633 πρὸς
272 1549 357 1634 ὑμᾶς
376 1549 459 1635 έμοί,
482 1550 569 1633 πλην
587 1551 618 1614 εί
633 1551 713 1624 τοὺς
730 1547 964 1632 κομιζομένους
983 1547 1004 1613 δ
1022 1553 1179 1631 προεῖντό

169 1672 238 1738 σοι,
269 1649 347 1740 μεθ’
377 1655 489 1721 όπλεον
521 1655 613 1738 ἣκειν
644 1657 794 1738 νομίζεις.
840 1656 872 1721 εί
899 1649 935 1720 δέ
962 1652 1061 1720 ταῦθ’
1092 1655 1178 1739 ηγεί,

168 1762 250 1846 πρὸς
281 1762 426 1840 ἅπαντας
457 1763 535 1838 τοὺς
567 1759 783 1844 προϊεμένους
809 1761 849 1825 τὰ
876 1757 1003 1826 ἑαυτῶν
1031 1763 1099 1826 εἰσί
1123 1778 1177 1827 σοι

128 1888 154 1928 ιι
169 1869 258 1934 δίκαι
282 1870 479 1952 μεταλλικαί
526 1862 597 1931 ἀλλ’
625 1866 667 1932 οὐ
690 1867 828 1932 δίκαιον.
874 1863 955 1950 φέρε
977 1866 1056 1950 γάρ,
1087 1867 1178 1943 ὅστις

169 1972 211 2038 διν
237 1973 399 2058 μέταλλον
425 1973 514 2057 παρὰ
539 1981 598 2056 της
619 1975 746 2049 πόλεως
766 1975 916 2058 πρίηται,
941 1974 1021 2047 τοὺς
1043 1975 1179 2049 κοινοὺς

167 2081 346 2165 παρελθὼν
363 2082 498 2163 νόμους,
520 2073 599 2144 καθ’
621 2077 680 2154 οὓς
697 2075 753 2143 καὶ
772 2079 903 2143 διδόναι
922 2076 976 2142 καὶ
996 2079 1178 2162 λαμβάνειν

168 2196 248 2252 πᾶσι
274 2188 432 2272 προσήκει
461 2186 570 2267 δίκας,
602 2184 639 2250 έν
666 2196 738 2260 ταίς
764 2189 970 2268 μεταλλικαῖς
998 2185 1178 2267 δικάσεται,

169 2292 226 2358 έδν
254 2294 444 2374 δανείσηται
471 2291 559 2375 παρά
586 2290 647 2355 τού
675 2313 721 2368 τι;
755 2288 797 2355 ἂν
827 2301 935 2367 κακῶς
962 2289 1101 2375 ἀκούσῃς
1135 2288 1179 2354 ἂν
1229 2334 1231 2338 -

168 2399 294 2482 πληγὰς
316 2397 413 2482 λάβῃς
443 2394 485 2461 ἂν
507 2397 634 2479 κλοπὴν
657 2394 792 2481 έγκαλης
817 2395 859 2462 διν
881 2397 1110 2481 προεισφορὰν
1132 2396 1177 2480 μὴ

128 2523 155 2564 τε
168 2506 351 2587 κομίζηται;
366 2501 408 2568 ἂν
422 2503 507 2579 ὅλως
520 2503 600 2568 όίλλο
610 2525 656 2580 τι;
672 2501 735 2583 έγὼ
746 2497 808 2586 μὲν
818 2502 879 2567 οὐκ
890 2509 1012 2585 οίομαι,
1027 2502 1110 2568 ἀλλὰ
1119 2503 1178 2578 τὰς

169 2609 361 2695 μεταλλικὰς
388 2603 474 2674 εἶναι
502 2609 595 2685 δίκας
622 2619 691 2684 τοῖς
713 2618 913 2674 κοινωνοῦσι
936 2609 1099 2692 μετάλλου
1122 2605 1175 2672 καί

168 2727 238 2792 τοῖς
265 2716 490 2799 συντρήσασιν
518 2715 565 2790 είς
591 2715 631 2778 τδι
657 2723 725 2779 τῶν
751 2717 892 2798 πλησίον
919 2712 974 2778 καὶ
1002 2714 1086 2790 ὅλως
1108 2724 1179 2791 τοίς

170 2819 399 2906 ἐργαζομένοις
420 2820 461 2885 τὰ
483 2819 625 2904 μέταλλα
646 2818 701 2886 καὶ
724 2831 791 2885 τῶν
814 2820 851 2885 έν
873 2828 918 2906 τῷ
942 2822 1034 2908 νόμῳ
1055 2842 1087 2884 τι
1105 2841 1178 2884 ποι-

169 2936 257 3011 οῦσι,
278 2935 324 3012 τῷ
349 2923 385 2992 δὲ
404 2927 593 2992 δανείσαντι
612 2924 837 3014 Πανταινέτῳ,
860 2923 915 2990 καί
932 2920 1024 2991 ταῦτ’
1046 2924 1179 3009 ἀπειλη-

169 3036 246 3117 φότι
267 3034 430 3116 γλίσχρως
447 3030 502 3097 καὶ
520 3033 614 3116 μόλις
633 3033 721 3117 παρὰ
739 3033 871 3114 τούτου,
895 3031 957 3097 οὐκ
976 3026 1062 3096 εἶναι
1081 3033 1178 3116 δίκην

168 3138 366 3225 μεταλλικὴν
388 3139 471 3222 πρὸς
493 3136 670 3222 φευκτέον,
694 3131 768 3204 οὐδ’
790 3136 895 3220 ἐγγύς.

127 3265 155 3304 τι
252 3240 309 3320 Ὡς
329 3239 390 3329 μέν
409 3238 472 3310 οὖν
491 3237 560 3309 οὔτ’
582 3243 721 3327 ἠδίκηκα
739 3252 860 3309 τοῦτον
878 3239 979 3308 οὐδὲν
998 3240 1067 3308 οὔτ’
1090 3245 1178 3308 εἰσα-

167 3351 312 3433 γώγιμος
330 3348 366 3414 έκ
384 3361 451 3415 τῶν
469 3351 582 3434 νόμιον
602 3346 692 3414 ἐστὶν
710 3349 730 3432 ἡ
751 3350 838 3434 δίκη,
860 3347 950 3416 ταῦτ’
974 3351 1015 3414 όίν
1033 3373 1083 3426 τις
1102 3367 1177 3415 σκο-

167 3465 240 3518 πῶν
268 3454 391 3540 ῥᾳδίως
417 3457 524 3538 γνοίη.
571 3451 672 3520 οὐδὲν
696 3458 813 3520 τοίνυν
837 3456 967 3521 δίκαιον
991 3459 1075 3540 ἔχων
1098 3453 1177 3521 οὐδὲ
