2644 4182
179 171 223 238 20
502 175 561 227 XX.
584 174 866 230 ΔΗΜΟΣΘΕΝΟΤΣ

178 335 237 411 τάς
267 338 378 419 χρείας
409 334 497 401 οὕτω
526 336 764 420 φιλάνθρωποι
789 333 846 401 καὶ
873 336 981 400 πάντα
1008 343 1193 416 ποιοῦντες,

179 439 291 523 ἐπειδή
320 439 351 506 δ’
378 441 563 528 ἐπράξαμεν
589 436 693 508 πάνθ’
719 438 769 508 ὄπ’
796 439 838 506 ἂν
863 440 1059 528 εὐξαίμεθα,
1087 441 1193 518 οὕτως
1310 426 1313 485 s

179 544 350 632 ἀχάριστοι
371 546 427 614 καὶ
445 552 551 630 κακοί,
576 549 659 614 ὥστε
677 549 755 624 τούς
773 543 802 612 τ’
825 549 961 632 ἔχοντας
978 545 1192 633 ἀφῃρήμεθα,
1308 510 1311 621 Ι

178 649 235 718 καλ
260 654 299 718 τὸ
328 654 447 720 λοιπὸν
470 652 588 738 μηδενὶ
611 655 731 720 δοῦναι
752 649 845 720 ταῦτ’
872 651 993 732 ἐξεῖναι
1014 655 1121 738 νόμον
1141 675 1193 718 τε·
1308 624 1310 689 ό

138 759 347 843 θθείκαμεν.
392 759 434 841 νή
458 757 518 824 Δί’
547 758 675 838 άνάξιοι
701 759 766 845 γάρ
788 782 876 836 τινες
897 769 966 824 τῶν
991 756 1184 842 εὑρημένων
1192 769 1245 818 474

178 860 273 928 ταῦτ’
298 859 397 948 ἦσαν·
433 863 528 931 τουτὶ
557 866 621 948 γάρ
650 866 739 951 παρὰ
766 860 862 930 πάντ’
888 867 980 932 ἔσται
1005 865 1064 931 τόν
1091 865 1192 946 λόγου

178 969 301 1047 αὐτοῖς.
338 967 437 1037 ἔπειτ’
461 970 568 1038 έκεῖνο
592 970 728 1053 ἀγνοεῖν
751 974 914 1056 φήσομεν,
938 971 990 1037 ὅτι
1006 970 1068 1054 τήν
1086 967 1192 1051 ἀξίαν,
1307 960 1309 969 ’

178 1073 259 1140 ὅταν
288 1076 448 1160 διδῶμεν,
484 1078 537 1142 δεῖ
563 1058 713 1159 σκοπελν,
746 1075 788 1143 οὐ
815 1077 895 1162 μετὰ
922 1073 1020 1142 ταῦθ’
1051 1075 1193 1158 ὕστερον

178 1182 288 1269 χρόνφ
311 1185 517 1266 παμπληθεῖς
542 1172 584 1248 τό
603 1177 664 1267 μέν
686 1183 751 1268 γάρ
775 1182 808 1262 ἐξ
831 1181 933 1266 άρχής
953 1205 987 1247 τι
1008 1182 1053 1266 μή
1072 1183 1192 1247 δοῦναι

178 1286 293 1372 γνώμῃ
315 1286 533 1372 χρησαμένων
556 1291 656 1373 ἔργον
679 1286 870 1374 ἀνθρώπων
893 1287 975 1354 ἐστί·
997 1289 1035 1352 τὸ
1060 1283 1096 1354 δὲ
1113 1288 1192 1362 τοὺς

177 1392 315 1475 ἔχοντας
346 1391 566 1477 ἀφαιρεῖσθαι
598 1395 838 1478 φθονούντων,
871 1402 969 1460 τοῦτο
1001 1388 1034 1458 δ’
1067 1392 1109 1458 οὐ
1141 1393 1195 1458 δελ
1307 1440 1310 1461 ι

138 1513 165 1556 ιι
181 1497 292 1562 δοκείν
313 1497 399 1582 ὑμᾶς
420 1497 635 1566 πεπονθέναι.
671 1497 727 1566 καλ
750 1499 816 1584 μήν
840 1493 915 1566 οὐδ’
940 1497 1038 1566 ἐκεῖν’
1060 1498 1191 1582 ὀκνήσω
1307 1536 1310 1599 3

178 1600 254 1687 περὶ
281 1613 339 1688 τής
367 1604 458 1683 ἀξίας
481 1604 583 1690 αὐτῆς
605 1606 689 1692 πρὸς
711 1605 796 1691 ὑμᾶς
819 1607 932 1672 εἰπεῖν.
978 1606 1042 1690 έχὼ
1063 1607 1127 1691 γὰρ
1150 1605 1192 1670 οὐ
1307 1624 1310 1635 ·

178 1709 238 1774 τὸν
265 1709 367 1776 αὐτὸν
393 1715 520 1797 τρόπον
541 1716 663 1796 νομίζω
687 1715 782 1778 πόλει
803 1713 863 1778 τὸν
886 1712 980 1791 ἄξιον
1003 1711 1192 1792 ἐξεταστέον
1305 1732 1308 1759 ¹

178 1809 343 1882 εἶναικαὶ
366 1818 494 1904 ίδιώτῃ·
518 1814 598 1883 οὐδὲ
621 1820 685 1904 γάρ
708 1815 783 1904 περὶ
806 1829 873 1882 τῶν
896 1817 1007 1883 αὐτῶν
1028 1818 1049 1901 ή
1068 1817 1191 1896 σκέψις.

179 1920 249 2006 ίδίμ
280 1917 342 2005 μέν
367 1923 432 2006 γὰρ
460 1921 596 2000 ἕκαστος
622 1921 716 2008 ήμῶν
744 1935 875 2006 σκοπεῖ,
906 1927 956 2001 τίς
983 1922 1073 2002 άξιός
1100 1923 1192 1990 έστιν

177 2024 319 2092 ἑκάστου
341 2029 501 2111 κηδεστής
522 2028 544 2113 ή
562 2040 629 2095 τῶν
647 2030 810 2095 τοιούτων
828 2052 861 2093 τι
878 2032 1065 2113 γίγνεσθαι,
1088 2038 1191 2095 ταῦτα

178 2128 216 2198 δέ
238 2130 294 2200 καί
316 2136 432 2217 νόμοις
454 2132 542 2199 τισὶν
564 2131 619 2200 καί
642 2134 756 2214 δόξαις
779 2136 963 2218 διώρισται·
992 2143 1088 2221 κοινή
1112 2133 1143 2201 δ’
1169 2137 1190 2222 ή

177 2239 273 2319 πόλις
295 2236 351 2304 καί
373 2239 392 2305 ὁ
416 2241 530 2325 δῆμος,
554 2239 645 2315 ὅστις
668 2238 711 2305 ἂν
733 2239 835 2306 αὐτὸν
859 2235 897 2306 εὖ
919 2250 998 2326 ποιῃ
1018 2238 1073 2307 καί
1093 2239 1190 2329 σφ’ζῃ,

176 2352 275 2410 τοῦτο
296 2339 328 2409 δ’
345 2345 387 2411 οὐ
405 2345 493 2430 μένει
511 2344 566 2412 καὶ
586 2346 665 2432 δόξῃ
684 2349 884 2433 κρινόμενον
903 2348 970 2413 ίδοι
984 2371 1034 2424 τις
1047 2346 1100 2430 δν,
1115 2344 1187 2414 ἀλλ’

178 2454 273 2540 ἔρχῃ).
311 2451 391 2517 ὅταν
414 2449 475 2536 μὲν
498 2447 562 2518 οὖν
585 2447 623 2518 εὖ
645 2454 785 2536 πάσχειν
808 2452 879 2538 δέῃ,
902 2454 961 2518 τὸν
983 2455 1191 2538 βουλόμενον

179 2551 244 2638 [εὖ]
274 2569 382 2623 ποιεῖν
404 2556 489 2642 ἡμᾶς
512 2557 667 2642 έάσομευ,
697 2559 831 2625 ἐπειδάν
855 2556 891 2626 δὲ
914 2559 1089 2643 πάθωμεν,
1116 2564 1190 2627 τότε

176 2663 239 2745 τήν
262 2663 357 2743 ἀξίαν
379 2673 440 2729 τοῦ
461 2665 664 2750 ποιήσαντος
685 2668 893 2750 σκεψόμεθας
916 2664 978 2732 οὐκ
1001 2660 1054 2752 ἄρ’
1079 2664 1192 2750 ὀρθῶς

177 2771 440 2853 βουλευσόμεθα.

137 2892 164 2934 τι
263 2872 360 2940 Ἀλλά
386 2875 428 2958 νή
454 2876 522 2940 Δία
549 2868 643 2941 οὗτοι
671 2878 769 2959 μόνοι
795 2885 894 2942 τοῦτο
922 2880 1108 2961 πείσονται,
1135 2877 1190 2944 καὶ

176 2978 252 3068 περὶ
274 2981 402 3047 τούτων
426 2983 539 3064 μόνων
557 2990 716 3065 ποιοῦμαι
735 2985 838 3064 λόγου
855 2991 1026 3049 τοσοῦτον.
1062 2986 1189 3049 πολλοῦ

176 3110 214 3172 χε
240 3085 296 3154 καὶ
324 3085 396 3152 δέω.
443 3085 526 3151 ἀλλὰ
543 3087 677 3164 πάντας
704 3083 766 3171 μὲν
793 3085 867 3153 οὐδ’
894 3086 936 3152 δν
964 3085 1186 3174 ἐγχειρήσαιμ’

176 3191 345 3276 ἐξετάζειν,
369 3191 443 3258 ὅσοι
465 3195 679 3277 πεποιηκότες
701 3193 788 3278 ὑμᾶς
810 3189 848 3260 εὖ
870 3195 926 3260 διά
944 3197 1003 3261 τὸν
1019 3197 1136 3279 νόμον,
1159 3198 1192 3262 εί

176 3297 220 3381 μή
240 3298 433 3381 λυθήσεται,
451 3298 491 3362 τά
511 3295 643 3364 δοθέντ’
662 3297 960 3382 ἀφαιρεθήσονται·
980 3299 1018 3365 ἓν
1037 3294 1068 3365 δ’
1084 3299 1106 3384 ή
1125 3301 1189 3366 δύο

177 3400 286 3480 δείξας
313 3404 361 3492 ἔτι
387 3399 571 3487 ψηφίσματ’
598 3403 844 3489 ἀπαλλάττομαι
870 3413 931 3471 τοῦ
957 3402 1033 3491 περὶ
1060 3408 1190 3472 τούτων

136 3525 163 3566 ⁶⁹
177 3506 294 3588 λέγειν.
338 3519 436 3575 τοῦτο
465 3505 526 3590 μὲν
548 3513 665 3576 τοίνυν
689 3515 835 3589 Θασίους
857 3513 936 3589 τοὺς
957 3508 1026 3594 μετ’
1050 3506 1188 3597 Ἐκφάν-
