2614 3904
488 219 570 272 KAT'
590 220 742 273 ΑΦΟΒΟΤ
759 222 791 273 Δ.
1077 213 1141 281 337

134 382 190 442 καλ
212 373 286 443 οὐδ’
311 376 539 465 ᾐσχύνθησαν,
562 381 595 445 εί
615 381 658 464 μὴ
682 378 837 463 ηλέησαν,
860 379 921 461 τὴν
946 377 1028 461 έμην
1050 375 1144 442 ἀδελ·

136 486 219 567 φην,
247 485 279 549 εί
305 485 402 550 δυοῖν
429 486 605 551 ταλάντοιν
632 486 696 552 ὑπὸ
724 494 785 550 τοῦ
807 485 930 569 πατρὸς
952 482 1144 564 ἀξιωθεῖσα,

135 589 278 672 μηδενὸς
298 589 444 668 τεύξεται
466 602 533 656 τῶν
555 593 803 676 προσηκόντων,
827 583 898 654 ἀλλ’
921 590 1030 673 ὥσπερ
1054 589 1144 671 ἔχθι-

136 697 211 759 στοί
229 717 333 779 τινες,
357 692 427 760 ἀλλ’
454 696 496 760 οὐ
519 699 612 780 φίλοι
635 694 690 762 καὶ
712 705 883 780 συγγενεῖς
905 691 1145 775 καταλειφθέν-

95 821 122 860 ω
136 822 198 881 τες,
222 796 322 865 οὐδέν
345 810 403 884 τῆς
425 803 624 885 οἰκειότητος
646 801 858 886 ἐφρόντισαν.
899 797 970 865 ἀλλ’
996 798 1060 882 ἐγὼ
1083 794 1143 882 μὲν

135 904 153 970 δ
176 907 310 971 πάντων
332 907 619 990 ταλαιπωρότατος
639 907 721 990 πρὸς
739 903 897 990 ἀμφότερ’
920 904 1045 989 ἀπορῶ,
1067 903 1145 968 ταά·

134 1034 196 1098 την
217 1009 253 1076 θ’
277 1012 364 1088 ὅπως
387 1010 470 1076 ἐκδῶ
494 1008 550 1076 καὶ
569 1004 659 1076 τᾶλλ’
682 1010 809 1077 ὁπόθεν
829 1013 952 1077 διοικῶ.
988 1011 1144 1094 προσεπί-

134 1139 238 1182 κειται
266 1111 296 1182 δ’
321 1116 342 1200 ἡ
369 1119 465 1192 πόλις
487 1111 612 1196 ἀξιοῦσ’
639 1116 822 1202 είσφίρειν,
851 1117 996 1193 δικαίως·
1026 1115 1145 1181 οὐσίαν

134 1223 198 1306 γάρ
222 1223 340 1306 ίκανὴν
362 1223 445 1303 πρὸς
466 1231 569 1288 ταῦτα
592 1220 746 1288 κατέλιπέ
767 1244 823 1306 μοι
846 1222 864 1289 ὁ
886 1223 1003 1305 πατήρ.
1044 1222 1085 1285 τά
1108 1215 1145 1284 δὲ

95 1351 121 1389 ει
135 1331 285 1413 χρηματα
307 1328 347 1392 τά
370 1325 629 1411 καταλειφθένθ’
657 1321 751 1393 οὗτοι
773 1321 868 1394 πάντ’
890 1329 1054 1410 είληφασι.
1090 1322 1146 1390 καλ

134 1442 199 1497 νῦν
228 1436 431 1517 κομίσασθαι
456 1432 625 1516 τάμαυτοῦ
653 1435 757 1517 ζητῶν
784 1435 832 1510 είς
858 1434 1018 1498 κίνδυνον
1045 1429 1145 1497 καθέ-

136 1555 237 1621 στηκα
260 1539 319 1603 τὸν
341 1537 505 1623 μέγιστον.
542 1536 584 1604 διν
607 1540 670 1624 γὰρ
694 1539 851 1624 ἀποφύγῃ
874 1536 907 1623 μ’
931 1532 1039 1621 οὗτος,
1062 1537 1143 1621 δμη

136 1642 276 1726 γένοιτο,
294 1645 355 1728 τὴν
371 1644 554 1727 ἐπωβελίαν
568 1643 704 1728 ὀφλήσω
719 1654 802 1728 μνᾶς
817 1643 941 1710 ἑκατόν.
968 1642 1024 1709 καὶ
1036 1643 1143 1731 τούτῳ

135 1745 206 1833 μὲν,
230 1750 288 1814 ίδιν
306 1753 595 1834 καταψηφίσησθε,
617 1753 765 1834 τιμητόν,
783 1751 867 1816 κούκ
884 1749 920 1815 έκ
937 1760 1005 1815 τῶν
1023 1747 1143 1815 ἑαυτοῦ

134 1857 325 1940 χρημάτων,
354 1852 424 1920 ἀλλ’
452 1854 487 1920 ἐκ
512 1866 580 1920 τῶν
603 1855 690 1939 έμῶν
713 1857 884 1939 ποιήσεται
906 1857 968 1938 τὴν
991 1857 1143 1920 ἔκτεισιν·

134 1960 207 2045 ἐμοὶ
235 1958 266 2026 δ’
292 1960 450 2045 ἀτίμητον
478 1958 568 2026 τοῦτ’
595 1964 700 2045 ἔστιν,
729 1959 804 2027 ὥστ’
832 1961 873 2027 οὐ
901 1964 1005 2046 μόνον
1028 1962 1144 2044 ἔσομαι

134 2077 202 2130 τῶν
224 2063 387 2155 πατρῴων
408 2065 632 2150 ἐστερημένος,
657 2067 739 2133 ἀλλά
756 2064 811 2133 καὶ
829 2067 913 2152 πρὸς
929 2065 1143 2151 ἠτιμωμένος,

94 2196 121 2235 ω
136 2169 178 2236 ἀν
200 2173 331 2256 μηνῶν
354 2172 438 2256 ἡμᾶς
460 2173 554 2256 ὑμεῖς
577 2173 738 2256 ἐλεήσητε.
775 2172 892 2258 δέομαι
915 2167 978 2240 οὖν
995 2172 1090 2256 ὑμῶν
1108 2167 1199 2239 ὦεοῖ

135 2278 255 2361 ἀνδρες
283 2277 433 2343 δικασταὶ
460 2277 515 2343 καὶ
538 2279 672 2344 ἱκετεύω
695 2277 750 2345 καλ
773 2278 951 2363 ἀντιβολῶ,
978 2276 1142 2362 μνησθέν·

134 2406 192 2459 τας
224 2380 278 2448 καὶ
309 2395 376 2449 τῶν
405 2386 518 2467 νόμων
545 2382 601 2450 καὶ
628 2395 695 2449 τῶν
722 2385 848 2470 ὅρκων,
879 2384 939 2463 οὓς
965 2384 1144 2469 ὀμόσαντες

135 2490 291 2574 δικάζετε,
312 2492 480 2575 βοηθῆσαι
501 2491 581 2575 ἡμῖν
603 2492 643 2556 τά
666 2491 788 2574 δίκαια,
810 2488 866 2558 καὶ
889 2492 933 2576 μη
957 2489 1033 2577 περὶ
1054 2493 1144 2556 πλεῖ

135 2618 213 2672 ονος
240 2598 297 2672 τάς
323 2597 445 2662 τούτου
473 2598 601 2678 δεησεις
627 2597 648 2682 ἢ
671 2599 728 2674 τὰς
749 2596 909 2683 ἡμετέρας
930 2599 1144 2680 ποιήσασθαι.

135 2702 258 2767 δίκαιοι
290 2699 321 2767 δ’
353 2699 417 2767 ἔστ’
449 2702 553 2767 ἐλεεῖν
580 2702 621 2772 οὐ
648 2706 727 2779 τοὺς
754 2702 890 2780 ἀδίκους
916 2714 984 2769 τῶν
1011 2703 1144 2787 ἀνθρώ·

134 2828 217 2891 πων,
240 2807 323 2873 ἀλλά
345 2810 423 2885 τοὺς
446 2809 534 2892 παρὰ
558 2810 660 2891 λόγον
684 2811 939 2895 δυστυχοῦντας,
964 2806 1043 2875 οὐδὲ
1065 2814 1144 2886 τοὺς

134 2912 230 2998 ὠμῶς
253 2912 358 2989 οὕτως
379 2909 543 2999 τάλλότρι’
567 2914 841 2997 ἀποστεροῦντας,
865 2910 937 2980 ἀλλ’
958 2914 1043 2999 ἡμᾶς
1065 2919 1145 2993 τοὺς

133 3022 240 3085 πολὺν
262 3021 386 3104 χρόνον
408 3014 455 3086 ὧν
479 3020 497 3086 δ
519 3021 625 3104 πατὴρ
648 3021 728 3106 ἡμῖν
750 3020 902 3086 κατέλιπε
925 3021 1144 3106 στερομένους

133 3122 189 3189 καὶ
212 3127 295 3210 πρὸς
317 3125 382 3191 ὑπὸ
404 3127 533 3192 τούτων
555 3125 791 3212 ὑβριζομένους
812 3125 867 3193 καλ
890 3137 954 3192 νῦν
977 3125 1052 3210 περὶ
1076 3127 1145 3193 ἀτι-

93 3253 119 3292 το
134 3233 210 3314 μίας
235 3231 501 3309 κινδυνεύοντας.
547 3231 629 3317 μέγα
657 3230 687 3298 δ’
716 3231 759 3298 ἂν
787 3229 878 3316 οἶμαι
905 3233 1056 3312 στενάξαι
1084 3237 1142 3300 τὸυ

133 3335 243 3422 πατέρ’
270 3337 379 3421 ἡμῶν,
407 3341 440 3404 εί
465 3344 618 3404 αίσθοιτο
646 3351 713 3405 τῶν
741 3350 888 3422 προικῶν
910 3339 1055 3406 καὶτῶν
1079 3342 1142 3406 δω-

133 3455 244 3528 ρειῶν,
263 3439 310 3509 ὧν
328 3445 429 3520 αὐτὸς
444 3445 576 3521 τούτοις
594 3446 726 3528 ἔδωκεν,
745 3442 829 3530 ὑπὲρ
845 3445 974 3511 τούτων
988 3455 1046 3528 τῆς
1059 3445 1142 3510 έπω·

132 3551 244 3632 βελίας
265 3551 324 3616 τὸν
348 3550 479 3633 [αὑτοῦ]
502 3552 579 3617 υίὸν
600 3547 655 3637 ἐμὲ
673 3552 924 3633 κινδυνεύοντα,
946 3549 1001 3615 καλ
1020 3551 1142 3625 ἀλλους

185 3664 240 3704 nu
241 3673 309 3705 ooooo
331 3664 421 3706 vom
946 3659 982 3726 ευ
1017 3683 1019 3692 1
1063 3709 1066 3716 ,

1222 3769 1302 3840 Ι
