2616 3910
474 195 573 248 ΠΡΟΣ
590 196 782 248 ΔΔΚΡΙΤΟΝ.
1068 193 1130 258 421

167 358 324 438 τρισχιλίας
352 358 497 439 δραχμάς,
524 357 574 420 καί
601 356 709 420 είδίναι
733 356 787 437 τὴν
811 355 986 440 συγγραφὴν
1008 362 1135 419 καταθε-

168 452 277 534 μένους
298 452 380 536 παρὰ
399 448 589 540 Ἀρχενομίδῃ
610 449 819 542 Ἀναγυρασίφ.

82 584 109 625 15
212 566 305 628 Κατὰ
330 565 392 648 την
421 565 619 650 συγγραφὴν
643 565 768 650 ταύτην
791 562 817 631 ὦ
840 566 960 651 ἀνδρες
984 562 1135 631 δικασταί

123 670 277 736 ἐδάνεισα
307 670 349 734 τὰ
379 671 527 755 χρήματα
556 669 734 756 Ἀρτέμωνι
765 680 810 760 τῷ
838 672 959 737 τούτου
987 670 1132 760 ἀδελφῷ,

122 778 316 853 κελεύοντος
342 777 464 841 τούτου
490 774 546 842 καὶ
570 776 817 860 ἀναδεχομένου
839 774 956 844 ἀπαντῗ
984 779 1124 843 ἔσεσθαί
1134 790 1186 842 088

123 906 180 964 μοι
203 883 244 946 τά
266 883 377 946 δίκαια
399 882 482 946 κατδι
504 883 566 966 την
585 884 794 966 συγγραφήν,
817 880 894 946 καθ’
917 881 961 966 ἢν
979 883 1135 948 ἐδάνεισα

122 989 244 1052 τούτου
263 986 372 1053 ἀὐτοῦ
394 988 583 1072 γράφοντος
604 986 662 1053 καί
684 986 996 1072 συσσημηναμένου,
1020 989 1132 1071 ἐπειδὴ

122 1093 259 1178 ἐγράφη.
305 1095 341 1158 οί
365 1089 426 1176 μὲν
453 1095 516 1177 γὰρ
545 1091 685 1178 ἀδελφοί
708 1092 744 1158 οί
761 1094 885 1159 τούτου
908 1096 956 1160 ἔτι
977 1095 1134 1178 νεώτεροι

121 1194 218 1281 ἦσαν,
239 1200 391 1284 μειράκια
409 1201 540 1284 κομιδῇ,
559 1197 674 1266 οὑτοσὶ
693 1196 731 1264 δὲ
748 1200 913 1284 Λάκριτος
934 1204 1132 1285 Φασηλίτης,

80 1324 109 1364 ιε
121 1304 204 1388 μέγα
226 1314 371 1389 πρᾶγμα,
391 1302 599 1389 Ἰσοκράτους
622 1307 785 1388 μαθητής·
809 1299 907 1382 οὗτος
928 1302 971 1388 ἦν
989 1306 1008 1372 δ
1027 1307 1133 1372 πάντα

42 1412 46 1425 “
122 1410 274 1493 διοικῶν,
301 1408 357 1476 καλ
385 1409 489 1499 ἑαυτῷ
517 1433 557 1495 με
584 1411 643 1476 τὸν
665 1421 750 1477 νοῦν
772 1409 948 1496 προσέχειν
971 1411 1133 1478 ἐκέλευεν·

122 1514 222 1591 αὐτὸς
243 1517 307 1599 γδρ
331 1518 394 1600 ἔφη
413 1519 565 1599 ποιήσειν
583 1539 640 1599 μοι
658 1518 698 1580 τά
717 1518 828 1582 δίκαια
846 1517 975 1582 ἅπαντα
992 1515 1046 1583 καλ
1066 1518 1132 1583 ἐπι-

122 1622 283 1703 δημήσειν
305 1614 479 1704 Ἀθήνησι,
509 1624 568 1686 τὸν
592 1618 621 1686 δ’
650 1621 798 1705 ἀδελφὸν
820 1625 879 1687 τὸν
902 1623 1007 1689 αὑτοῦ
1027 1620 1133 1710 Ἀρτί-

121 1751 215 1811 μωνα
242 1727 446 1793 πλεύσεσθαι
473 1725 526 1792 ἐπὶ
554 1738 624 1804 τοῖς
650 1728 802 1812 χρήμασι.
848 1726 904 1794 καλ
925 1731 999 1795 τότε
1022 1725 1132 1814 μένῶ

121 1834 241 1917 ἀνδρες
262 1834 423 1912 δικασταί,
448 1829 496 1897 ὅτ’
519 1833 675 1915 ἐβούλετο
692 1834 734 1897 τά
752 1836 901 1918 χρήματα
920 1838 1034 1918 λαβεῖν
1053 1830 1130 1921 παρ’

120 1938 224 2022 ἡμῶν,
247 1936 303 2004 καί
326 1934 470 2022 ἀδελφὸς
493 1940 557 2023 ἐφη
580 1933 744 2004 εἶναικαὶ
768 1942 928 2016 κοινωνὸς
946 1950 1006 2007 τοῦ
1025 1938 1133 2024 Ἀρτέ·

121 2067 246 2128 μωνος,
278 2041 334 2109 καλ
366 2046 487 2127 λόγους
518 2045 714 2127 θαυμασίως
744 2044 788 2120 ὡς
814 2047 981 2122 πιθανοὺς
1008 2048 1132 2128 ἔλεγεν·
1227 2029 1229 2035 ’

79 2171 106 2212 ιι
121 2149 234 2233 ἐπειδὴ
267 2145 304 2215 δέ
332 2151 468 2234 τάχιστα
497 2150 662 2234 ἐγκρατεῖς
689 2147 842 2231 ἐγένοντο
871 2159 931 2215 τοῦ
958 2151 1132 2234 ἀργυρίου,

120 2264 219 2321 τοῦτο
247 2251 308 2339 μὲν
336 2256 541 2339 διενείμαντο
569 2253 624 2319 καὶ
652 2254 795 2339 ἐχρῶντο
823 2255 842 2320 ὅ
869 2279 901 2320 τι
927 2255 1034 2321 ἐδόκει
1056 2257 1132 2322 τού-

120 2385 205 2444 τοις,
232 2362 314 2425 κατδι
338 2357 375 2426 δέ
397 2363 458 2443 τὴν
481 2361 679 2445 συγγραφὴν
702 2360 763 2443 την
786 2363 961 2445 ναυτικήν,
985 2361 1063 2428 καθ’
1089 2361 1132 2446 ἣν

121 2469 242 2550 ἔλαβον
264 2467 304 2530 τδι
326 2468 489 2550 χρήματα,
513 2467 589 2530 ούτε
613 2464 695 2549 μέγα
719 2467 795 2530 οὔτε
818 2468 937 2551 μικρὸν
961 2461 1132 2552 ἔπραττον,

121 2573 166 2649 ὡς
184 2572 264 2637 αὐτὸ
283 2573 320 2637 τὸ
340 2574 440 2656 ἔργον
459 2571 635 2654 ἐδήλωσεν.
666 2570 782 2638 οὑτοσὶ
801 2569 838 2638 δέ
851 2574 1016 2656 Λάκριτος
1030 2573 1132 2640 ἁπάν-

120 2701 189 2743 των
219 2674 262 2760 ἧν
293 2677 422 2743 τούτων
454 2675 472 2740 ὁ
505 2677 670 2762 ἐξηγητής.
717 2675 795 2742 καθ’
826 2677 965 2744 ἕκαστον
997 2677 1034 2746 δὲ
1065 2691 1132 2746 τῶν

121 2782 357 2870 γεγραμμένων
385 2781 422 2850 ἐν
448 2791 488 2868 τῇ
516 2791 693 2868 συγγραφῇ
719 2783 869 2862 ἐπιδείξω
892 2786 1031 2862 τούτους
1054 2785 1128 2852 οὐδ’

6 2877 7 2886 ¹
122 2889 236 2956 ὁτιοῦν
258 2891 475 2972 πεποιηκότας
497 2887 595 2972 ὑγιές.

79 3018 107 3058 ιο
213 2999 355 3081 Πρῶτον
382 2991 443 3079 μὲν
470 2996 533 3079 γὰρ
560 2993 739 3080 γέγραπται
767 2995 817 3061 ὅτι
842 2995 892 3062 ἐπ’
920 3004 1016 3063 οίνου
1038 3021 1132 3081 κερα-

121 3106 210 3187 μίοις
227 3103 421 3186 τρισχιλίοις
439 3100 652 3166 ἐδανείσαντο
671 3099 749 3184 παρ’
768 3101 862 3186 ἡμῶν
880 3104 938 3179 τδις
956 3104 1131 3187 τριάκοντα

122 3217 221 3292 μνᾶς,
249 3207 293 3284 ὡς
319 3206 532 3292 ὑπαρχούσης
559 3205 671 3283 αὐτοῖς
697 3207 871 3292 ὑποθήκης
898 3207 1019 3292 ἑτέρων
1041 3211 1132 3295 τριά-

122 3337 223 3380 κοντα
250 3324 359 3396 μνῶν,
386 3312 463 3376 ὥστ’
492 3314 539 3388 είς
565 3313 727 3378 τάλαντον
756 3312 918 3398 ἀργυρίου
945 3316 1006 3398 την
1033 3315 1132 3399 τιμὴν

122 3415 209 3485 εἶναι
236 3427 295 3484 τού
321 3423 417 3484 οίνου
439 3416 701 3501 καθισταμένην,
729 3421 792 3483 σὺν
815 3431 884 3496 τοῖς
906 3419 1130 3502 ἀναλώμασιν,

123 3517 175 3603 οἷς
193 3526 260 3590 ἔδει
279 3524 518 3589 ἀναλίσκεσθαι
535 3525 583 3600 είς
599 3524 661 3607 τὴν
678 3525 883 3608 κατασκευὴν
901 3526 962 3609 τὴν
980 3521 1056 3607 περὶ
1071 3524 1131 3590 τὸν
