2616 3910
451 198 551 251 ΠΡΟΣ
569 199 837 252 HANTAINETON.
1081 197 1147 262 459

136 350 273 440 ἔγκλημ’
292 356 477 423 ὑπόλοιπον
496 352 594 422 εἶναι·
614 355 654 422 οὐ
672 358 736 442 γάρ
754 355 796 422 ἀν
815 359 934 440 δήπου,
951 368 1019 423 τῶν
1038 357 1148 422 αὐτῶν

137 461 349 546 ἀδικημάτων
367 465 548 545 παρόντοιν
562 462 689 546 ἀμφοῖν
697 462 824 546 ’ὁμοίως
838 462 996 546 ἐγκαλῶν,
1013 463 1073 528 τὸν
1087 459 1148 547 μὲν

137 574 249 633 είασεν
272 577 317 656 τῷ
342 562 372 633 δ’
395 568 565 646 ἐδικάζετο.
604 568 686 633 ἀλλά
708 570 774 653 μὴν
795 569 845 634 δτι
864 567 895 652 γ’
918 569 980 634 οὐκ
997 568 1096 633 ἐῶσιν
1115 568 1151 634 οί

137 675 235 757 νόμοι
269 672 344 757 περὶ
375 684 442 738 τῶν
474 673 560 739 οὕτω
587 672 805 757 πραχθέντων
831 675 932 739 πάλιν
960 676 1146 758 λαγχάνειν,

137 773 231 862 οἶμαι
253 775 314 862 μὲν
336 779 422 863 ὑμᾶς
444 777 499 844 καλ
522 774 626 863 μηδὲν
649 782 800 856 εἰπόντος
823 779 904 863 ἐμοῦ
927 780 1198 863 γιγνώσκεινθλκ

137 883 226 967 ὅμως
249 880 286 949 δέ
310 882 376 967 λέγ’
399 885 512 963 αὐτοῖς
535 883 671 951 καὶτὸν
693 888 799 969 νόμον
823 890 960 951 τουτονί

570 1096 707 1150 ΝΟΜΟΣ.

92 1222 121 1263 ιο
222 1198 364 1267 Ἀκούετ’
391 1197 418 1267 ἀ)
445 1203 566 1285 ἀνδρες
585 1200 758 1285 Ἀθηναῖοι
780 1211 841 1268 τοῦ
863 1204 969 1288 νόμον
991 1199 1147 1286 λέγοντος

136 1309 302 1391 ἄντικρυς,
322 1302 369 1372 ὧν
387 1305 430 1372 ἀν
444 1307 512 1392 ἀφῇ
527 1307 581 1372 καὶ
596 1307 763 1394 ἀπαλλάξη
778 1331 837 1391 τις,
855 1308 968 1392 μηκέτι
982 1309 1039 1385 τάς
1053 1308 1146 1383 δίκας

135 1408 231 1478 εἶναι.
267 1410 322 1477 καί
341 1414 406 1497 μην
425 1412 475 1477 ὅτι
492 1410 522 1495 γ’
546 1409 705 1497 ἀμφότερ’
727 1410 796 1478 ἐστὶ
814 1409 1026 1497 πεπραγμένα
1044 1421 1146 1477 ταῦτα

135 1520 242 1609 τούτῳ
266 1521 349 1603 πρὸς
370 1518 465 1603 ἡμᾶς,
488 1517 649 1601 ἠκούσατε
673 1529 740 1584 τῶν
762 1521 948 1604 μαρτύρων.
991 1518 1145 1583 ἁπάντων

136 1622 197 1711 μέν
220 1628 337 1690 τοίνυν
358 1635 426 1688 τῶν
449 1623 486 1688 έν
508 1633 578 1699 τοῖς
599 1626 715 1707 νόμοις
738 1622 967 1709 ἀπειρημένων
986 1624 1026 1690 οὐ
1044 1641 1146 1708 προσ-

135 1733 208 1816 ηκει
231 1731 433 1812 δικάζεσθαι,
456 1729 572 1812 ἥκιστα
597 1725 634 1794 δὲ
655 1730 792 1795 τούτων.
829 1728 850 1794 ἀ
870 1727 931 1816 μὲν
949 1731 1012 1814 γὰρ
1031 1731 1068 1796 τὸ
1088 1731 1145 1814 δη-

136 1839 256 1921 μόσιον
287 1834 468 1919 πέπρακεν,
500 1837 569 1919 έχοι
600 1857 650 1912 τις
681 1833 723 1899 ἀν
753 1837 858 1900 εἰπεῖν
885 1836 930 1914 ὡς
957 1835 1077 1913 ἀδίκως
1104 1835 1145 1901 οὐ

94 1965 122 2005 ω
135 1945 348 2027 προσήκοντα
370 1941 548 2024 πέπρακεν·
578 1939 632 2005 καὶ
656 1938 731 2024 περὶ
754 1934 802 2006 ὧν
824 1943 909 2024 έγνω
932 1944 969 2006 τὸ
993 1943 1145 2025 δικαστη-

136 2071 226 2132 ριον,
254 2051 344 2113 ἔστιν
372 2049 475 2112 είπείν
504 2046 548 2123 ὡς
571 2042 775 2130 ἐξαπατηθὲν
797 2044 887 2112 τοῦτ’
914 2046 1063 2132 ἐποίησε,
1090 2045 1145 2113 καλ

134 2152 211 2238 περὶ
234 2164 301 2219 τῶν
321 2154 432 2218 ἀλλων
450 2163 517 2218 τῶν
535 2151 572 2217 ίν
590 2161 635 2241 τῷ
654 2154 745 2241 νόμω
764 2150 842 2218 καθ’
864 2151 1003 2219 ἑκάστου
1020 2151 1141 2236 γένοιτ’

135 2263 178 2326 άν
201 2283 251 2337 τις
268 2261 402 2336 εἰκότως
420 2261 525 2341 λόγος.
563 2256 584 2322 ἀ
607 2253 638 2323 δ’
660 2259 759 2336 αὐτὸς
777 2258 915 2342 ἐπείσθη
934 2258 989 2325 καὶ
1007 2259 1145 2344 ἀφῆκεν,

135 2365 199 2432 οὐκ
221 2367 272 2431 ένι
295 2365 467 2448 δήπουθεν
491 2365 595 2430 εἰπεῖν
617 2361 691 2429 οὐδ’
713 2362 832 2429 ἑαυτὸν
852 2364 1078 2450 αἰτιάσασθαι,
1101 2366 1147 2443 ὡς

137 2471 180 2538 οὐ
198 2472 333 2548 δικαίως
349 2467 441 2534 ταῦτ’
459 2468 622 2553 ἐποίησεν.
654 2469 690 2535 οί
699 2466 761 2554 μὲν
776 2464 838 2534 οὖν
851 2472 940 2553 παρὰ
953 2483 1020 2537 τῶν
1033 2472 1145 2538 ἀλλων

136 2601 169 2643 τι
191 2577 319 2642 τούτων
342 2577 560 2658 δικαζόμενοι,
582 2585 653 2651 τοῖς
674 2573 735 2659 ὑφ’
762 2573 882 2659 ἑτέρων
906 2577 1046 2656 δικαίοις
1069 2580 1145 2662 δορι-

138 2681 271 2768 σμένοις
293 2681 356 2747 οὐκ
378 2679 590 2765 ἐμμένουσιν,
618 2679 636 2745 ὁ
660 2676 689 2744 δ’
717 2674 765 2745 ὧν
787 2678 829 2745 ἀν
852 2681 921 2767 ἀφῇ
944 2684 1045 2749 πάλιν
1067 2689 1146 2768 λαγ-

138 2790 249 2875 χάνων
279 2797 349 2864 τοϊς
379 2784 439 2872 ὑφ’
470 2784 598 2852 ἑαυτοῦ.
644 2787 698 2852 διὸ
728 2787 863 2853 πάντων
892 2787 1020 2872 μάλιστ’
1051 2791 1145 2870 ἀξιον

137 2896 268 2970 τούτοις
290 2897 508 2978 χαλεπαίνειν.

97 3020 123 3059 ¹1
229 2999 361 3066 Οὐκοῦν
384 3000 429 3077 ὡς
450 2995 512 3083 μὲν
534 2996 643 3082 ἀφῆκέ
662 3021 702 3082 με
724 2998 870 3083 πάντων,
894 2997 942 3066 ὅτ’
966 3001 1146 3088 ἐγιγνόμην

137 3119 205 3173 τῶν
227 3105 448 3192 ἀνδραπόδων
469 3108 613 3190 πρατήρ,
640 3103 799 3182 ἐπέδειξα·
830 3105 881 3171 ὅτι
904 3101 935 3171 δ’
961 3108 1023 3173 οὐκ
1045 3107 1145 3174 ἐῶσιν

138 3215 175 3280 οί
193 3215 291 3297 νόμοι
313 3213 441 3277 τούτων
464 3206 550 3276 εἶναι
574 3212 681 3293 δίκας,
709 3209 863 3295 ἀκηκόατ’
890 3210 1009 3295 ἀρτίως
1032 3212 1145 3297 ἀναγι-

138 3317 372 3404 γνωσκομένου
389 3326 450 3383 τοῦ
468 3320 583 3400 νόμον.
614 3317 669 3382 ἵνα
688 3311 719 3380 δ’
735 3312 762 3381 ὦ
780 3317 900 3401 ἄνδρες
914 3312 1085 3403 Ἀθηναῖοι
1099 3323 1144 3404 μή

137 3451 187 3503 τις
213 3432 321 3509 οίηται
347 3435 416 3500 τοίς
442 3421 518 3508 περί
545 3434 612 3488 τῶν
638 3424 839 3506 πραγμάτων
866 3421 977 3488 αὐτῶν
1004 3425 1145 3501 δικαίοις

138 3531 356 3616 ἁλισκόμενόν
376 3524 409 3614 μ’
432 3528 484 3595 έπλ
501 3526 591 3594 τοῦτ’
614 3529 808 3612 ἀποχωρεῖν,
831 3525 886 3593 καλ
904 3523 983 3592 καθ’
1005 3527 1144 3593 ἕκαστον
