2616 3910
155 135 222 199 496
471 139 528 190 n..
551 134 856 208 [ΔΗωοΣουιιοΤΣ]

156 297 373 382 κομίσωνται,
400 295 436 362 ἐκ
459 293 496 362 δέ
519 306 586 361 τῶν
608 297 739 362 παίδων
760 306 884 364 κοινῶν
907 297 1030 378 ὄντων,
1054 293 1113 360 ἐάν
1140 319 1176 360 τι

157 395 250 468 οὗτοι
273 413 340 468 τῶν
362 399 525 490 πατρῴων
548 401 731 485 ἐπιζητῶσι,
754 401 1009 485 πυνθάνωνται,
1032 399 1087 466 καὶ
1110 403 1174 484 βα·
1269 401 1270 426 ³

156 510 345 586 σανίζοντες
367 507 489 586 αὐτούς
510 507 566 573 καὶ
588 508 677 596 ἀλλην
701 507 766 595 ὅτῳ
789 505 831 571 ἀν
851 509 962 595 τρόπῳ
981 507 1175 589 βούλωνται

158 615 337 696 ζητοῦντες.
383 613 434 679 ὅτι
463 609 500 678 δέ
526 609 581 678 καὶ
603 605 694 678 ταῦτ’
721 611 831 696 ἀληθή
853 610 954 695 λέγω,
982 609 1018 678 ἐκ
1040 613 1175 678 τούτων

156 729 224 782 τῶν
245 730 436 803 μαρτυριῶν
459 723 600 784 είσεσθε.

559 929 763 985 MAPr'rPIAL
1175 935 1246 983 1013

118 1057 144 1098 ιι
246 1036 342 1102 Μετὰ
373 1043 476 1102 ταῦτα
507 1041 625 1102 τοίνυν
653 1031 749 1103 οὗτοί
772 1035 800 1102 τ’
828 1034 901 1121 ἐμοὶ
929 1037 1023 1112 δίκας
1050 1039 1171 1119 ἐλαχον

157 1138 241 1224 ὑπὲρ
274 1135 322 1208 ὧν
349 1141 528 1208 ἐνεκάλουν
555 1143 644 1226 κάγὼ
672 1144 802 1218 τούτοις
829 1139 913 1226 ὑπέρ
940 1151 998 1226 τής
1024 1143 1170 1224 προικός.

157 1245 212 1312 καὶ
239 1248 276 1314 τὸ
304 1243 365 1332 μὲν
391 1259 524 1330 πρῶτον
551 1250 847 1334 παραγραψάμενοι
874 1251 1017 1315 Σόλωνα
1042 1243 1171 1331 Ἑρχιέα

159 1353 331 1438 διαιτητήν
358 1357 465 1442 τούτῳ
488 1353 710 1439 ἐπετρέψαμεν
735 1355 867 1420 δικάσαι
890 1351 965 1434 περὶ
989 1348 1036 1420 ἀν
1059 1352 1169 1418 ἐνεκα-

158 1463 282 1542 λοῦμεν
305 1458 470 1543 ἀλλήλοις·
493 1461 538 1538 ὡς
562 1454 593 1525 δ’
614 1460 677 1526 οὐκ
694 1459 849 1544 ἀπήντων
868 1453 972 1542 οὗτοι,
995 1456 1066 1524 ἀλλ’
1089 1459 1170 1542 ἐφυ-

158 1564 318 1648 γοδίκουν
344 1563 400 1631 καὶ
427 1569 548 1652 χρόνος
576 1567 756 1650 διετρίβετο
784 1568 921 1650 συχνός,
947 1574 993 1652 τῷ
1018 1562 1080 1648 μὲν
1103 1566 1169 1629 Σό-

159 1674 242 1736 λωνι
268 1670 392 1755 συνέβη
419 1677 610 1756 τελευτῆσαι
634 1675 694 1739 τὸν
716 1675 807 1756 βίον,
836 1666 930 1738 οὗτοι
953 1668 990 1736 δέ
1013 1671 1113 1736 πάλιν
1136 1669 1169 1749 ἐξ
1269 1745 1270 1762 ,

159 1775 307 1861 ὑπαρχῆς
338 1779 544 1862 λαγχάνουσί
567 1801 625 1862 μοι
652 1779 710 1856 τάς
737 1780 845 1859 δίκας,
878 1774 932 1842 καὶ
961 1777 1024 1859 ἐγὼ
1051 1777 1169 1863 τούτῳ,

159 1884 467 1968 προσκαλεσάμενος
490 1885 593 1951 αὐτὸν
614 1882 670 1949 καὶ
693 1882 959 1967 ἐπιγραψάμενος
981 1882 1035 1947 ἐπὶ
1056 1884 1093 1947 τὸ
1117 1885 1169 1964 ἐχ·
1269 1885 1270 1930 ἐ

159 1993 267 2072 κλημα
289 1993 453 2056 Βοιωτόν·
481 1999 579 2055 τοῦτο
602 1992 666 2074 χάρ
691 1990 780 2077 αὐτῷ
803 1989 822 2055 δ
845 1989 951 2073 πατὴρ
974 1991 1071 2055 ἔθετο
1094 1989 1169 2054 τού-
1269 2033 1270 2072 η

121 2117 145 2156 ιι
159 2117 254 2178 νομα.
290 2092 366 2178 περὶ
388 2091 449 2178 μὲν
472 2090 534 2161 οὖν
558 2091 606 2162 ὧν
629 2089 726 2162 οὗτοί
745 2119 802 2180 μοι
825 2093 1024 2178 ἐδικάζοντο,
1047 2098 1168 2178 παρόν·

159 2223 215 2276 τος
233 2202 355 2266 τούτου
372 2199 426 2266 καὶ
446 2201 695 2278 ἀντιδικοῦντος
712 2199 767 2265 καί
787 2201 847 2266 οὐκ
864 2204 997 2285 ἔχοντος
1011 2199 1168 2280 ἐπιδεῖξαι

160 2303 261 2371 οὐδὲν
284 2301 332 2372 ὧν
355 2307 545 2390 ἐνεκάλουν,
568 2305 768 2392 ἀπεδιῄτησέ
788 2330 854 2390 μου
874 2306 892 2373 ὁ
912 2307 1090 2390 διαιτητής·
1114 2303 1168 2371 καλ

162 2405 259 2488 οὗτος
285 2413 447 2489 συνειδὼς
474 2412 561 2499 αὐτῷ
586 2411 708 2490 ἀδίκως
730 2411 923 2494 ἐγκαλοῦντι
946 2412 1022 2477 ούτε
1046 2411 1168 2494 ἐφῆκεν

160 2519 209 2595 είς
229 2520 267 2584 τὸ
291 2520 515 2602 δικαστήριον,
540 2519 615 2583 ούτε
638 2529 703 2584 νῦν
725 2515 800 2601 περὶ
824 2519 959 2583 ἐκείνων
982 2516 1093 2602 είληχέ
1112 2539 1167 2601 μοι

162 2626 259 2708 δίκην
282 2625 456 2708 οὐδεμίαν,
485 2623 568 2689 ἀλλά
592 2623 667 2706 περὶ
689 2625 800 2689 ἀλλων
822 2636 939 2707 τινῶν,
963 2624 1077 2690 λύσειν
1099 2633 1168 2700 τοϊς

162 2729 340 2814 ἐγκλήμασι
362 2730 493 2807 τούτοις
515 2731 576 2812 τήν
600 2731 696 2814 δίκην
719 2729 843 2810 ταύτην
867 2731 1026 2813 οίόμενος.
1067 2729 1111 2812 ἣν
1133 2726 1163 2794 δ’

162 2835 225 2918 ἐγὼ
245 2846 366 2902 τοῦτον
385 2836 525 2901 ἐδίωκον
542 2838 615 2900 τότε
633 2833 708 2920 περὶ
726 2845 783 2918 τής
800 2837 947 2920 προικός,
970 2833 1166 2920 ἐπιδημοῦν-
1269 2823 1270 2852 ¹

161 2965 218 3018 τος
247 2943 369 3009 τούτου
401 2941 523 3008 ἐνθάδε
554 2939 609 3006 καὶ
638 2940 701 3006 οὐκ
728 2941 975 3024 ἀπαντήσαντος
1001 2943 1084 3026 πρὸς
1109 2943 1167 3008 τδν

124 3070 148 3108 ιι
164 3049 348 3133 διαιτητήν,
381 3047 507 3132 ἐρήμην
534 3044 766 3133 κατεδιῄτησεν
798 3047 910 3112 αὐτοῦ.
955 3041 1053 3125 οὗτος
1080 3046 1111 3113 δ’
1141 3045 1166 3114 ὦ

162 3155 283 3237 ἀνδρες
310 3151 461 3219 δικασταὶ
488 3153 564 3219 ούτε
589 3153 751 3236 ήντεδίκει
773 3154 845 3218 τότε
868 3153 983 3237 παρὼν
1007 3151 1076 3218 οὔτ’
1103 3156 1164 3237 ἐφη

163 3284 202 3344 με
229 3262 545 3342 καταδιαιτήσασθαι
572 3261 632 3342 τήν
661 3261 757 3342 δίκην
784 3258 900 3324 αὑτοῦ’
928 3258 969 3324 ού
994 3259 1058 3340 γὰρ
1080 3255 1164 3326 εἶναι

167 3365 312 3429 Βοιωτὸν
330 3366 418 3451 αὐτῷ
439 3367 553 3449 ὄνομα,
573 3365 656 3431 ἀλλὰ
672 3367 878 3448 Μαντίθεον,
897 3363 952 3430 καὶ
971 3364 1076 3442 οὕτως
1094 3366 1165 3431 δνδ·

163 3491 240 3540 1ιιατι
261 3469 478 3553 ἀμφισβητῶν
497 3473 582 3556 έρχςο
601 3472 661 3553 τήν
679 3471 799 3553 προῖκά
817 3492 856 3553 με
873 3478 932 3553 τής
949 3471 1071 3554 μητρὸς
1088 3469 1164 3535 άπο-

756 3572 768 3612 ι
