2614 3904
486 202 571 255 KAT'
590 202 742 255 ΑΦΟΒΟΤ
760 203 792 256 Δ.
1082 197 1145 263 331

95 378 122 420 4⁶
137 361 179 427 οὐ
201 363 265 446 γάρ
285 363 394 446 δήπου
410 364 471 428 τὸν
488 359 550 447 μὲν
567 363 644 428 υίὸν
663 358 718 447 ἐμὲ
737 359 849 446 πένητ’
872 361 1032 445 ἠβούλετο
1052 383 1148 427 κατα-Ι

136 473 255 540 λιπεῖν,
276 471 417 546 τούτους
440 466 476 534 δὲ
499 471 680 545 πλουσίους
699 470 798 545 όντας
816 471 863 543 ἔτι
882 466 1148 552 πλουσιωτέρους

135 583 271 657 ποιήσαι
290 573 510 658 ἐπεθύμησεν,
532 569 604 640 ἀλλ’
626 573 721 640 ἕνεκα
740 583 800 640 τοῦ
818 576 971 658 πλήθους
989 584 1056 638 τῶν
1075 571 1148 657 ἐμοὶ

135 679 422 765 καταλειπομένων
446 680 637 766 Θηριππίδῃ
663 703 699 746 τε
723 689 887 745 τοσοῦτον
909 678 1072 764 ἀργύριον
1094 676 1150 744 καὶ

116 790 344 869 -Δημοφῶντι
362 786 402 850 τά
421 786 483 850 δύο
502 785 656 867 τάλαντα,
676 785 768 850 οὔπω
787 785 942 869 μέλλοντι
961 793 1000 869 τή
1019 783 1148 868 ἀδελφῇ

135 899 175 976 τῇ
206 890 266 976 ἐμή
293 893 521 974 συνοικήσειν,
554 896 766 975 καρποῦσθαι
794 891 933 972 ἔδωκεν,
967 891 1023 956 ἵνα
1051 891 1150 956 δυοῖν

135 996 282 1081 θάτερον
319 997 549 1082 διαπράξαιτο,
585 996 605 1080 ή
644 997 700 1062 διὰ
734 998 774 1062 τδι
808 998 967 1080 διδόμενα
999 999 1151 1079 βελτίους

135 1104 257 1180 αὐτοὺς
284 1099 370 1169 εἶναι
396 1105 437 1168 τά
464 1100 540 1188 περὶ
565 1104 627 1186 τήν
656 1102 837 1186 ἐπιτροπήν
864 1099 1097 1188 προτρέψειεν,
1129 1101 1149 1186 ή

136 1211 167 1275 εί
192 1206 289 1274 κακοὶ
316 1212 502 1293 γίγνοιντο,
533 1211 694 1294 μηδεμιᾶς
722 1209 920 1292 συγγνώμης
946 1205 1022 1293 παρ’
1054 1207 1149 1292 ὑμῶν

135 1316 348 1399 τυγχάνοιεν,
372 1317 404 1380 εί
423 1317 592 1380 τοσούτων
617 1314 816 1393 ἀξιωθέντες
837 1308 962 1380 τοιαῦτ’
986 1317 1034 1391 είς
1055 1314 1202 1398 ήμᾶςεαθ

95 1439 123 1478 4⁶
137 1421 400 1506 ἐξαμαρτάνοιεν.
438 1415 536 1498 οὗτος
553 1425 670 1486 τοίνυν
688 1418 742 1485 καὶ
762 1419 862 1497 αὐτὸς
879 1421 961 1505 πρὸς
979 1430 1018 1505 τή
1037 1417 1150 1502 προικί

136 1524 192 1592 καί
226 1528 284 1603 τὰς
319 1531 524 1612 θεραπαίνας
561 1529 673 1608 λαβὼν
710 1524 766 1592 καὶ
802 1527 863 1609 τήν
896 1528 1003 1591 οίκίαν
1037 1529 1148 1608 οίκῶν,

137 1631 249 1716 ἐπειδή
278 1633 331 1698 δεῖ
355 1636 457 1716 λόγον
480 1633 583 1698 αύτὸν
606 1635 726 1698 δοῦναι
748 1633 892 1714 τούτων,
919 1632 960 1697 τά
983 1629 1018 1696 θ’
1046 1631 1149 1697 αὑτοῦ

136 1738 292 1824 πράττειν
309 1742 403 1823 φησί,
427 1737 482 1804 καὶ
500 1741 547 1816 είς
565 1747 728 1804 τοσοῦτον
748 1737 1015 1822 αἰσχροκερδείας
1033 1733 1149 1820 ήλθεν,

137 1845 221 1910 ὥστε
247 1841 302 1910 καὶ
326 1847 404 1920 τοὺς
427 1844 649 1921 διδασκάλους
670 1846 750 1920 τοὺς
772 1844 918 1927 μισθοὺς
940 1842 1149 1928 ἀπεστέρηκε,

136 1948 192 2015 καὶ
222 1961 290 2016 τῶν
322 1951 491 2036 εἰσφορῶν
523 1953 612 2015 ἐστιν
645 1948 684 2026 δς
713 1950 754 2015 ού
782 1948 981 2032 κατέθηκεν,
1013 1947 1085 2033 ἐμοὶ
1113 1945 1150 2014 δὲ

46 2113 48 2116 ,
138 2059 306 2138 λογίζεται.
353 2053 432 2139 λαβέ
460 2056 501 2140 δή
529 2053 584 2122 καὶ
610 2057 730 2132 ταύτας
753 2055 866 2132 αὐτοῖς
888 2057 946 2131 τάς
968 2058 1151 2140 μαρτυρίας

137 2159 192 2226 καὶ
215 2160 399 2246 ἀνάγνωθι.

540 2356 744 2408 MAPTTPIAI.

97 2497 124 2537 ιτ
228 2481 307 2555 Πῶς
343 2473 406 2544 ούν
440 2480 484 2545 ἀν
518 2503 569 2557 τις
603 2477 810 2564 σαφέστερον
841 2477 1011 2559 ἐπιδείξειε
1043 2480 1151 2545 πάντα

138 2585 343 2670 διηρπακότα
363 2581 420 2650 καὶ
440 2581 523 2670 μηδὲ
540 2596 609 2650 τῶν
626 2596 755 2670 μικρῶν
773 2583 1013 2670 ἀπεσχημένον,
1035 2584 1057 2668 ή
1075 2593 1151 2650 τοῦ·

136 2715 197 2757 τον
224 2679 284 2756 τὸν
310 2691 435 2774 τρόπον
463 2689 651 2768 ἐπιδεικνὺς
677 2691 757 2775 μετά
779 2691 950 2756 τοσούτων
973 2691 1151 2776 μαρτύρων

137 2794 193 2863 καί
219 2799 419 2880 τεκμηρίωνς
447 2798 510 2880 τήν
536 2792 597 2881 μὲν
619 2807 739 2882 προῖκα
763 2800 878 2880 λαβεῖν
901 2797 1151 2881 ὁμολογήσαντα

137 2900 193 2969 καὶ
221 2905 309 2988 ἔχειν
336 2901 439 2968 αὐτὸν
466 2904 549 2985 πρὸς
575 2905 654 2980 τοὺς
681 2903 878 2987 ἐπιτρόπους
901 2902 1151 2988 ἀπογράψαντα,

137 3009 175 3074 τὸ
191 3005 221 3074 δ’
239 3007 456 3093 ἐργαστήριον
470 3008 726 3094 κεκαρπωμένον
744 3009 875 3091 [αὐτὸν]
895 3005 952 3073 καὶ
968 3008 1031 3092 τήν
1049 3012 1152 3091 πρόσ-

97 3149 124 3190 4⁸
138 3116 221 3180 οδον
248 3114 309 3180 ούκ
332 3117 576 3199 ἀποφαίνοντα,
603 3126 671 3180 τῶν
694 3111 724 3179 δ’
753 3117 871 3180 ἀλλων,
885 3116 926 3179 τὰ
946 3110 1007 3199 μὲν
1029 3135 1151 3199 πεπρα-

138 3223 218 3286 κότα
240 3217 295 3286 καὶ
317 3222 375 3298 τὰς
394 3222 490 3306 τιμὰς
509 3221 570 3286 ούκ
589 3220 831 3302 ἀποδεδωκότα,
854 3221 896 3284 τά
915 3217 945 3284 δ’
968 3220 1013 3296 ὡς
1032 3219 1152 3287 ἑαυτὸν

138 3329 283 3409 λαβόντα
305 3324 362 3392 καὶ
383 3321 475 3392 ταῦτ’
500 3326 698 3410 ήφανικότα,
724 3329 772 3392 ἔτι
795 3323 833 3391 δέ
855 3325 944 3411 παρὰ
966 3327 1151 3409 τὸνλόγον

139 3431 179 3497 δν
201 3432 301 3509 αὐτὸς
320 3431 468 3498 ἀπέδωκε
486 3441 630 3498 τοσαῦτα
648 3430 840 3515 κλέπτοντα,
863 3433 948 3516 πρὸς
965 3428 1003 3497 δὲ
1020 3433 1152 3508 τούτοις

138 3539 199 3621 τήν
231 3540 399 3623 διαθήκην
427 3537 631 3623 ήφανικότοι,
662 3539 702 3603 τά
730 3537 925 3620 ἀνδράποδα
951 3538 1150 3619 πεπρακότα,
