2590 3900
155 140 220 207 236
459 144 556 200 mv.
579 141 859 196 οωκοεοεαοωε

589 391 725 444 ΝΟΜΟΣ.

239 498 350 564 Ὀπόσα
372 495 401 562 δ’
421 499 470 563 ἐπὶ
488 509 546 562 τῶν
564 493 711 580 τριάκοντ’
730 498 866 582 ἐπράχθη
884 497 905 580 ἢ
923 500 992 580 δίκη
1010 497 1171 580 ἐδικάσθη,
1281 515 1282 592 ᾗ

198 595 219 678 ἢ
242 599 303 683 ίδίρι
326 597 346 678 ἢ
369 598 511 684 δημοσίᾳ,
534 596 630 680 ίίκορα
652 591 737 659 εἶναι.
1281 599 1282 602 ’

116 751 142 794 ⁶²
242 731 397 820 Ἐπίσχες.
445 734 517 800 είτιέ
542 759 613 820 μοι,
645 738 681 799 τί
705 735 896 800 δεινότατον
923 734 1042 812 πάντες
1069 732 1170 799 ἀκού-

155 856 274 918 σαντες
292 839 334 905 δν
353 843 504 925 φήσαιτε,
522 838 577 905 καὶ
595 843 631 904 τί
645 834 775 924 μάλιστ’
795 838 838 905 άν
857 838 1072 919 ἀπεύξαισθε;
1092 835 1171 922 οὐχὶ
1281 843 1282 880 ³

153 955 257 1012 ταῦτα
284 947 324 1012 τὰ
351 947 539 1032 πράγματα,
567 947 650 1031 άπερ
672 941 715 1028 ἧν
739 943 792 1011 ἐπὶ
813 956 881 1012 των
903 944 1094 1028 τριάκοντα,
1123 945 1168 1028 μὴ

154 1050 328 1134 γενέσθαις
353 1049 450 1135 ἔγωγ’
477 1047 577 1136 οἶμαι.
614 1049 740 1133 δγούν
763 1052 865 1136 νόμος
889 1045 986 1127 οὗτος
1008 1049 1170 1132 εὐλαβού-
1281 1053 1282 1100 3

154 1181 254 1244 μενος
277 1159 321 1235 ὡς
344 1156 416 1243 ἐμοὶ
439 1160 534 1224 δοκεῖ
549 1160 586 1225 τὸ
605 1167 769 1240 τοιοῦτον,
793 1156 908 1222 ἀπεῖπε
926 1157 966 1221 τὰ
984 1152 1165 1241 πραχθέντ’
1281 1173 1282 1182 ’

155 1261 205 1330 ἐπ’
232 1264 368 1330 ἐκείνων
391 1265 435 1348 μη
459 1257 545 1348 κύρι’
574 1258 666 1329 εἶναι.
703 1261 819 1328 οὑτοσὶ
841 1265 959 1327 τοίνυν
981 1263 1043 1346 την
1063 1262 1170 1346 αὐτὴν
1281 1247 1282 1280 ³

155 1368 301 1452 κατέγνω
324 1372 535 1455 παρανομίαν
557 1380 625 1434 τῶν
648 1365 700 1434 ἐπὶ
722 1378 780 1452 τῆς
803 1370 1024 1453 δημοκρατίας
1045 1389 1169 1452 πεπρα-

155 1474 303 1559 γμένων,
331 1475 436 1561 ἥνπερ
462 1485 529 1540 τῶν
558 1471 609 1540 ἐπ’
635 1473 772 1540 ἐκείνων
799 1474 905 1558 ὑμεῖς·
936 1473 1058 1559 ὁμοίως
1084 1483 1170 1558 γοῦν

117 1596 142 1638 ⁶⁸
157 1581 263 1666 δίκυρα
290 1591 386 1648 ποιεί.
432 1583 538 1647 καίτοι
565 1583 600 1645 τί
621 1583 772 1663 φήσομεν
795 1575 821 1646 ὦ
845 1580 965 1665 δίνδρες
984 1576 1171 1664 Ἀθηναῖοι,

155 1695 276 1752 τοῦτον
299 1689 417 1773 κύριον
439 1688 499 1752 τὸν
521 1688 628 1771 νόμον
651 1684 806 1762 ἐάσαντες
828 1684 1001 1769 χενέσθαις
1027 1689 1171 1769 πότερον

155 1793 195 1856 τά
219 1794 423 1878 δικαστήρια,
448 1790 468 1857 δ
492 1789 805 1876 δημοκρατουμένης
826 1799 884 1874 τῆς
904 1794 1029 1868 πόλεως
1048 1789 1084 1856 ἐκ
1102 1803 1170 1856 τῶν

156 1897 380 1982 ὀμωμοκότων
402 1903 597 1983 πληροῦται,
620 1894 712 1962 ταῦτ’
735 1896 918 1982 ἀδικήματα
941 1907 1011 1973 τοὶς
1029 1895 1082 1962 ἐπὶ
1102 1908 1171 1963 τῶν
1281 1955 1282 1960 ,

155 1997 321 2087 τριάκοντ’
348 2003 489 2081 άδικεῐνς
518 2000 574 2068 καὶ
600 2013 670 2079 πῶς
697 2001 738 2067 ού
767 2003 894 2081 δεινύν;
923 2001 1007 2067 άλλδ
1035 2004 1171 2080 δικαίως

156 2108 358 2192 έψηφίσθαι;
381 2113 472 2185 τίνος
493 2102 555 2173 οὖν
574 2108 683 2173 εἵνεκα
701 2109 761 2174 τὸν
780 2109 925 2173 λύσοντα
943 2115 1045 2173 ταῦτα
1063 2112 1170 2193 νόμον

155 2215 281 2281 θέσθαι
309 2217 473 2298 φήσομεν;
502 2214 590 2296 πλὴν
612 2215 644 2278 εί
664 2215 763 2279 τοῦτό
785 2236 835 2289 τις
858 2219 960 2296 είποι,
988 2212 1222 2298 μανέντες·719

156 2323 238 2388 άλλο
262 2322 324 2405 γάρ
349 2321 411 2385 οὐκ
433 2321 523 2384 ἔστιν
547 2320 661 2384 εἰπεῖν.

118 2442 143 2485 ⁵⁹
246 2424 325 2509 Λέγ’
353 2427 455 2490 δίλλον
477 2427 592 2510 νόμον.

590 2617 728 2674 ΝΟΜΟΣ.

246 2726 338 2808 Μηδὲ
369 2727 465 2809 νόμον
496 2726 604 2802 ἐξεῖναι
632 2721 679 2789 ἐπ’
709 2725 797 2808 ἀνδρί
823 2734 938 2810 θεῖναι,
969 2728 1022 2791 ἐδιν
1050 2729 1091 2811 μὴ
1118 2730 1170 2795 τδν

201 2825 294 2888 αὐτὸν
316 2824 366 2888 ἐπὶ
387 2835 478 2886 πᾶσιν
494 2819 667 2903 Ἀθηναίοις
687 2824 796 2909 [unffi]5
819 2823 872 2886 ε’διν
890 2825 931 2907 μὴ
949 2825 1171 2909 ψηφισαμένων

201 2923 242 3004 μη
270 2923 388 2984 έλαττον
416 2921 629 3003 ἑξακισχιλίων,
656 2915 701 2995 οἷς
724 2919 762 2982 άν
786 2921 857 3008 δύξη
880 2923 1016 3005 κρύβδην
1038 2929 1140 3006 ψηφιζ
1155 2963 1170 2975 ·

202 3019 311 3102 μένοις.

249 3157 320 3224 Οὐκ
342 3157 379 3244 έᾷ
398 3161 504 3242 νόμον
523 3151 595 3223 ἀλλ’
616 3155 636 3242 ἢ
655 3159 714 3223 τδν
733 3157 835 3222 αὐτὸν
853 3157 985 3225 τιθέναι
1003 3161 1085 3225 κατὰ
1103 3170 1170 3226 τῶν

157 3269 302 3330 πολιτῶν
325 3264 471 3346 πάντων,
494 3269 601 3339 καλῶς
623 3260 678 3328 καὶ
702 3263 887 3348 δημοτικῶς
907 3262 1022 3347 λέγων.
1059 3265 1169 3352 ὥσπερ

157 3372 220 3454 γάρ
249 3377 307 3451 τῆς
332 3370 433 3452 άλλης
456 3370 622 3444 πολιτείας
645 3373 719 3433 ίσον
742 3366 891 3451 μέτεστιν
914 3367 1054 3458 ἑκάστῳ,
1082 3371 1169 3438 οὕτω

160 3470 364 3537 καὶτούτων
388 3479 462 3538 ίσον
486 3472 632 3559 μετέχειν
655 3473 793 3539 ἕκαστον
816 3470 910 3549 άξιοϊ.
957 3469 1001 3539 δι’
1027 3474 1086 3552 οὓς
1108 3473 1168 3560 μέν
