2616 3910
174 151 241 217 490
467 155 590 210 xxm
612 151 892 206 ΔΗιιοεοεαοαε

578 419 780 472 MAPTTPIAI.

134 540 161 582 ετ
265 519 423 610 ((Αοιπδν
444 525 588 610 ἡγοῦμαι
610 523 708 592 τοῦθ’
732 525 813 609 ὑμῖν
836 524 992 604 ἐπιδείξαι
1017 517 1044 589 ὦ
1068 525 1197 608 ἀνδρες

171 625 356 714 Ἀθηναῖοι,
380 630 425 709 ὡς
449 631 490 698 οὐ
513 634 619 716 μόνον
642 630 847 716 εὐορκήσετε,
871 627 914 695 δν
932 628 1000 713 ἁγὼ
1020 629 1106 712 λέγω
1127 641 1196 713 ψη-

175 739 338 820 φίσησθε,
370 737 453 803 ἀλλά
485 736 540 803 καί
572 737 617 814 ὡς
649 731 747 814 οὗτος
777 735 877 813 αὐτὸς
909 733 1013 802 αὑτοῦ
1040 733 1195 818 κατέγνω

175 844 336 926 Βοιωτὸν,
359 838 430 910 ἀλλ’
457 843 498 909 οὐ
517 845 715 908 Μαντίθεον
738 843 843 925 ὄνομα
867 842 1002 917 δικαίως
1020 838 1062 905 ἀν
1081 842 1253 925 §tamone

176 950 334 1032 λαχόντος
353 950 417 1034 γὰρ
437 949 518 1036 ἐμοῦ
536 950 597 1033 τὴν
617 949 713 1031 δίκην
732 948 857 1029 ταύτην
875 950 1012 1035 Βοιωτῷ
1031 950 1195 1013 Μαντίου

177 1055 337 1142 Θορικίῳ,
365 1054 398 1133 ἐξ
426 1054 528 1140 ἀρχῆς
549 1047 577 1118 τ’
604 1053 767 1138 ἠντεδίκει
789 1050 845 1118 καὶ
867 1047 1044 1137 ὑπώμνυθ’
1071 1053 1116 1129 ὡς
1143 1053 1194 1118 ὢν

174 1161 336 1244 Βοιωτός,
367 1158 422 1228 καί
453 1162 489 1228 τὸ
517 1165 721 1241 τελευταίου,
754 1156 824 1225 ἐπεὶ
853 1155 959 1224 οὐκέτ’
990 1157 1069 1240 ἐνῆν
1097 1159 1192 1246 αὐτῷ

176 1265 453 1350 διακρούσασθαι,
476 1266 602 1352 ἐρήμην
621 1265 719 1342 ἐάσας
737 1265 998 1348 καταδιαιτῆσαι,
1019 1262 1192 1342 σκέψασθε

134 1384 162 1426 ³⁸
175 1371 259 1456 πρὸς
275 1376 367 1438 θεῶν
384 1376 420 1438 τί
434 1372 602 1455 ἐποίησεν·
620 1370 852 1455 ἀντιλαγχάνει
870 1392 927 1454 μοι
945 1369 1006 1453 την
1023 1370 1067 1453 μη
1081 1363 1192 1436 οὖσαν

175 1478 325 1543 Βοιωτὸν
357 1476 459 1543 αὑτὸν
491 1476 770 1562 προσαγορεύσας.
820 1478 927 1541 καίτοι
959 1473 992 1552 ἐξ
1025 1474 1128 1559 ἀρχῆς
1156 1471 1187 1540 τ’

175 1582 243 1648 ἔδει
271 1581 329 1649 ἐᾶν
357 1584 460 1650 αὐτὸν
487 1582 684 1650 τελέσασθαι
711 1584 773 1667 τὴν
800 1584 898 1666 δίκην
921 1583 1002 1648 κατὰ
1025 1585 1190 1664 Βοιωτοῦ,

175 1693 266 1773 είπερ
294 1685 400 1773 μηδὲν
427 1697 593 1774 προσῆκεν
620 1689 709 1776 αὐτῷ
736 1689 954 1773 τούνόματος,
983 1686 1124 1772 ὕστερόν
1152 1710 1190 1754 τε

172 1795 218 1878 μη
241 1795 343 1860 αὐτὸν
366 1799 549 1879 φαίνεσθαι
572 1791 624 1860 ἐπί
646 1801 691 1882 τῷ
710 1794 850 1879 ὀνόματι
866 1795 972 1880 τούτῳ
992 1791 1190 1877 ἀντιλαγχά-

172 1923 275 1966 νοντα
304 1903 365 1984 τὴν
393 1902 437 1985 μὴ
465 1895 579 1966 οὖσαν.
625 1898 662 1976 δς
690 1895 753 1966 οὖν
780 1901 881 1977 αὐτὸς
908 1897 1012 1966 αὑτοῦ
1040 1897 1189 1980 κατέγνω

173 2007 307 2084 δικαίως
329 2005 372 2071 ἀν
394 2001 481 2072 εἶναι
500 2008 657 2088 Βοιωτός,
680 2009 716 2071 τί
735 2006 821 2090 ὑμᾶς
843 2004 978 2083 ἀξιώσει
1001 2005 1080 2080 τοὺς
1102 2003 1188 2087 δμω

173 2115 314 2197 μοκότας
326 2115 544 2195 ψηφιῗεσθαις
565 2111 610 2188 ὡς
624 2107 661 2176 δὲ
675 2110 767 2176 ταῦτ’
785 2112 895 2196 ἀληθῆ
913 2109 1011 2194 λέγω,
1030 2109 1113 2194 λαβέ
1130 2131 1189 2194 μοι

172 2219 234 2302 τὴν
258 2219 425 2302 ἀντίληξιν
447 2215 502 2284 καὶ
524 2219 562 2283 τὸ
585 2220 731 2301 ἔγκλημα
754 2221 856 2283 τουτί.

448 2423 660 2485 ΔΝΤΙΔΗΞΙΣ.
696 2425 907 2492 ΕΡΚΛΗΜΑ.»

132 2549 160 2590 ³⁹
262 2538 306 2602 Εί
331 2531 392 2620 μὲν
413 2538 530 2601 τοίνυν
554 2529 651 2610 οὗτος
675 2537 741 2618 ἔχει
765 2531 869 2612 δείξαι
890 2535 1014 2617 νόμον,
1041 2532 1078 2610 ὃς
1099 2543 1190 2598 ποιεί

173 2645 310 2727 κυρίους
341 2637 428 2706 εἶναι
459 2643 537 2717 τοὺς
566 2642 687 2718 παῖδας
713 2649 775 2706 τοῦ
802 2638 930 2706 ἑαυτῶν
957 2638 1133 2723 ὀνόματος,
1165 2637 1187 2704 δ

174 2746 261 2830 λέγει
289 2756 353 2813 νῦν
381 2741 479 2824 οὗτος
506 2745 618 2828 ὀρθῶς
645 2743 687 2810 ἂν
715 2741 926 2830 ψηφίζοισθε.
972 2747 1003 2809 εί
1029 2739 1059 2809 δ’
1086 2741 1187 2828 δμέν

173 2857 285 2939 νόμος,
308 2853 349 2918 ὃν
371 2853 491 2928 πάντες
513 2844 688 2916 ἐπίστασθ’
712 2850 835 2935 ὁμοίως
857 2849 933 2934 ἐμοί
936 2899 945 2934 ,
968 2852 1047 2926 τοὺς
1068 2848 1188 2932 γονίας

173 2971 264 3026 ποιεί
296 2962 433 3043 κυρίους
469 2957 511 3023 οὐ
543 2959 648 3041 μόνον
679 2954 805 3022 θέσθαι
839 2950 975 3039 τοῦνομ’
1010 2953 1043 3034 ἐξ
1074 2954 1186 3039 ἀρχῆς,

174 3066 257 3132 ἀλλά
291 3065 355 3131 κάν
390 3065 491 3129 πάλιν
528 3063 695 3142 ἐξαλεῖψαι
732 3064 919 3147 βούλωνται
952 3061 1186 3146 κάποκηρῦξαι,

174 3172 321 3251 ἐπέδειξα
346 3168 375 3236 δ’
403 3170 466 3253 ἐγὼ
490 3171 549 3234 τὸν
571 3167 698 3254 πατέρ’,
727 3168 764 3246 δς
784 3169 902 3253 κύριος
923 3162 967 3251 ην
990 3166 1027 3232 ἐκ
1047 3175 1109 3230 τοῦ
1131 3168 1187 3232 νό-

174 3302 249 3362 μου,
272 3279 377 3365 τούτῳ
398 3272 459 3360 μὲν
478 3277 637 3358 Βοιωτὸν,
661 3273 735 3360 ἐμοὶ
754 3273 790 3340 δὲ
809 3276 1009 3340 Μαντίθεον
1027 3271 1187 3355 θέμενον,

174 3395 242 3459 πῶς
269 3384 349 3467 ὑμίν
371 3386 462 3447 ἐστιν
485 3383 566 3446 ἀλλο
589 3404 621 3447 τι
644 3383 731 3466 πλὴν
753 3379 822 3464 ἀγδι
846 3378 932 3461 λέγω
958 3382 1183 3463 ψηφίσασθαις

25 3559 26 3566 ¹
134 3500 162 3535 ⁴⁰
178 3487 260 3552 ἀλλά
278 3490 345 3571 μὴν
363 3483 411 3552 ὧν
428 3486 459 3571 γ’
479 3485 521 3552 ἀν
539 3490 583 3571 μὴ
602 3483 664 3554 ὦσι
681 3490 789 3572 νόμοι,
808 3487 923 3572 γνώμη
941 3493 981 3570 τη
997 3484 1184 3567 δικαιοτάτη
